4070 6330
330 271 471 339 1053

322 392 457 450 Sunt
482 386 641 449 etiam
668 380 757 454 qui
782 380 958 437 vinum
987 377 1057 430 ita
1088 387 1191 427 non
1215 370 1421 430 bibunt,
1450 372 1512 420 ut
1543 363 1767 420 aliorum
1780 375 1896 454 exA—

325 448 601 554 pressione
639 448 914 544 pomorum
953 466 1083 519 alios
1120 460 1215 517 sibi
1257 458 1489 530 liquores
1513 497 1527 521 ,
1576 460 1679 507 non
1721 448 1903 551 salutis

326 548 516 637 causa,
542 566 635 623 sed
661 559 1004 637 iucunditatis
1030 599 1043 623 ,
1075 552 1350 641 exqtiirant
1383 568 1396 603 :
1426 559 1673 641 tauquam
1702 558 1806 641 non
1838 548 1905 594 sit

328 635 742 735 Quadragesima
772 654 872 729 pire
899 638 1207 705 humilitatis
1245 636 1547 704 observatio
1571 679 1585 705 ,
1629 635 1725 690 sed
1752 647 1905 689 novm

328 729 611 827 voluptatis
636 742 864 805 occasio.
890 734 1099 815 Quanto
1129 738 1269 794 enim
1297 733 1601 794 honestius,
1631 729 1673 783 si
1704 736 1904 783 stoma-

328 849 414 903 chi
442 819 718 900 infirmitas
743 836 929 909 aquam
956 828 1140 904 potare
1173 845 1277 884 non
1307 825 1494 885 tolerat
1519 865 1529 892 ,
1558 822 1682 876 vino
1715 819 1905 873 usitato

326 951 381 997 et
406 922 978 994 modico’sustentetur,
1002 938 1157 994 quam
1185 926 1479 993 quaerantur
1512 914 1625 969 vina
1647 928 1762 982 quae
1790 910 1908 962 viu-

327 1027 555 1087 demiam
583 1022 855 1083 nesciunt,
884 1034 1001 1089 quae
1022 1010 1302 1071 torc‘ularia
1340 1024 1443 1063 non
1476 1011 1773 1069 noverunt;
1798 1002 1906 1055 ’non

328 1135 387 1179 ut
416 1132 569 1193 polus
598 1114 843 1172 mundior
871 1110 1123 1180 eligatur,
1156 1092 1250 1159 sed
1280 1110 1336 1155 ut
1365 1094 1613 1169 frugalior
1640 1093 1907 1163 improbe-

330 1216 453 1275 tur?
476 1200 613 1283 Quid
644 1217 816 1265 autem
848 1199 1156 1265 absurdius,
1201 1208 1359 1266 quam
1390 1200 1628 1283 tempore
1654 1202 1757 1258 quo
1784 1200 1909 1238 caro

330 1280 527 1364 arctius
551 1296 853 1371 castiganda
883 1302 963 1347 est
982 1334 997 1358 ,
1032 1298 1203 1344 tantas
1228 1283 1374 1342 carni
1405 1280 1687 1337 suavitates
1720 1292 1909 1347 procu-

328 1414 478 1466 rare,
510 1402 567 1448 ut
598 1368 711 1463 ipsa
740 1372 967 1441 faucium
998 1374 1426 1447 concupiscentia
1456 1372 1584 1426 nolit
1608 1368 1909 1466 Quadr‘age-

331 1460 520 1546 simam
544 1460 847 1556 prieterire?
875 1474 1010 1544 Quid
1036 1467 1510 1531 inconvenientius,
1534 1479 1689 1535 quam
1718 1463 1767 1515 in
1799 1460 1913 1517 die-

332 1583 431 1636 bus
476 1553 819 1636 humilitatis,
871 1567 1081 1640 quando
1129 1576 1419 1636 pauperum
1462 1558 1628 1612 vietus
1666 1553 1911 1607 omnilms

334 1668 618 1727 imitandus
639 1674 739 1731 est,
774 1664 843 1716 ita
865 1660 1041 1714 vivere
1062 1700 1076 1727 ,
1109 1662 1167 1710 ut
1193 1653 1235 1709 si
1266 1661 1374 1706 toto
1405 1659 1640 1721 tempore
1662 1646 1739 1700 sic
1764 1645 1909 1699 viva-

336 1775 439 1833 tur,
465 1763 549 1816 vix
577 1758 779 1830 possint
800 1746 1015 1817 divitum
1046 1746 1361 1822 patrimonia
1393 1740 1693 1799 sustinere?
1716 1737 1913 1833 Cavete

452 1898 466 1924 ,
496 1848 823 1908 dilectissimi
857 1864 868 1900 :
900 1844 1126 1915 cogitate
1158 1838 1298 1910 quod
1335 1836 1585 1909 scriptum
1730 1872 1745 1903 ,
1774 1829 1912 1924 APost

334 1919 759 2015 concupiscendus
788 1948 900 1991 tuas
939 1952 1037 1989 non
1066 1949 1148 1985 eas
1191 1925 1375 2003 (Eccli.
1413 1942 1544 1981 xvm
1567 1966 1581 1991 ,
1761 1919 1912 1991 Quod

335 2035 739 2093 saluberrimum
772 2034 1096 2100 praeceptum
1119 2021 1162 2075 si
1191 2020 1333 2075 onmi
1362 2026 1596 2085 tempore
1622 2014 1911 2068 observan-

334 2129 459 2183 dum
487 2135 588 2190 est,
619 2128 815 2199 quanto
836 2116 1058 2187 amplius
1079 2114 1159 2167 bis
1183 2110 1368 2165 diebus
1386 2150 1400 2175 ,
1432 2106 1643 2179 quando
1671 2106 1914 2199 ita‘turpe

335 2230 417 2277 est
453 2218 497 2272 si
537 2196 798 2287 cupiditas
824 2216 1002 2264 nostra
1047 2200 1111 2259 ad
1158 2204 1432 2257 inusitatas
1480 2199 1686 2253 laxetur
1732 2196 1912 2249 illece-

338 2313 495 2379 bras,
540 2286 619 2363 ut
644 2304 835 2362 merito
878 2301 1120 2370 culpetur
1145 2296 1235 2369 qui
1273 2309 1378 2351 non
1421 2289 1755 2346 restrinxerit
1804 2286 1912 2341 usi-

337 2403 513 2459 tatas?

408 2492 630 2551 CAPUT
656 2490 726 2547 X.
756 2484 936 2543 -12.
970 2482 1334 2543 Misericordiae
1365 2494 1518 2549 opera
1558 2476 1611 2531 in
1652 2489 1912 2544 pauperes.

340 2589 568 2644 Alterum
611 2580 967 2641 misericordia:
1002 2593 1154 2650 genus
1191 2575 1242 2627 in
1287 2568 1608 2643 ignoscendo.
1645 2564 1917 2633 Praecipue

338 2694 467 2737 sane
496 2689 786 2749 pauperum
815 2677 1155 2731 mementote,
1185 2674 1245 2719 ut
1270 2661 1411 2734 quod
1440 2659 1589 2714 vobis
1615 2654 1918 2749 parciusvi-

337 2747 512 2826 vendo
541 2760 879 2827 subtrahitis,
912 2762 964 2814 in
990 2756 1193 2814 caelesti
1223 2755 1467 2809 thesauro
1496 2748 1781 2820 reponatis.
1819 2747 1919 2799 Ac-

340 2863 501 2933 cipiat
532 2859 774 2916 esurieus
800 2855 1041 2911 Christus
1065 2894 1077 2917 ,
1104 2849 1245 2921 quod
1262 2847 1508 2919 jejunans
1530 2843 1703 2896 minus
1729 2838 1919 2925 accipit

342 2952 682 3008 christianus.
714 2944 1000 3016 Castigatio
1039 2940 1263 2996 volentis
1286 2978 1301 3003 ,
1348 2937 1437 2990 fiat
1474 2933 1786 2988 Sustentatio
1814 2945 1917 2991 non

340 3043 604 3100 habentis.
635 3037 940 3095 Voluntaria
987 3031 1187 3103 copiosi
1238 3028 1445 3099 inopia,
1484 3025 1575 3079 fiat
1620 3020 1918 3081 necessaria

342 3137 513 3207 inopis
559 3133 730 3203 copia.
777 3130 857 3185 Sit
898 3128 1057 3183 etiam
1086 3126 1137 3179 in
1168 3123 1344 3177 animo
1375 3117 1613 3190 placabili
1644 3108 1696 3170 et
1734 3112 1918 3207 humili

340 3205 643 3285 misericors
672 3220 977 3299 ignoscendi
1010 3217 1251 3273 facilitas.
1283 3214 1435 3271 Petat
1463 3211 1667 3265 veniam
1687 3251 1702 3277 ,
1730 3208 1819 3278 qui
1843 3205 1922 3261 fe-

340 3324 413 3379 cit
438 3322 685 3392 iniuriam
717 3337 730 3373 :
761 3317 850 3372 det
888 3313 1096 3370 veniam
1123 3352 1137 3379 ,
1169 3310 1257 3380 qui
1299 3306 1502 3375 accepit
1541 3303 1784 3374 injuriam
1816 3318 1829 3355 :
1863 3307 1920 3357 ut

341 3430 447 3470 non
475 3412 845 3485 possideamur
868 3422 899 3460 a
939 3414 1120 3483 satana
1147 3444 1162 3468 ,
1192 3400 1341 3470 cujus
1370 3396 1664 3477 triumphus
1702 3402 1785 3449 est
1811 3392 1920 3451 dis-

340 3483 520 3561 sensio
548 3496 990 3557 Christianorum.
1019 3494 1083 3548 Et
1110 3491 1224 3545 haec
1249 3489 1387 3543 enim
1413 3486 1583 3557 magni
1613 3484 1745 3539 lucri
1775 3483 1917 3538 elec-

338 3610 560 3666 mosyna
591 3600 704 3655 est,
744 3588 977 3645 debitum
1009 3584 1247 3638 relaxare
1283 3594 1539 3634 conservo
1562 3619 1574 3642 ,
1605 3585 1662 3630 ut
1694 3564 1785 3630 tibi
1827 3588 1916 3628 re-

338 3665 548 3746 laxetur
575 3702 603 3738 a
647 3681 888 3738 Domino.
932 3677 1228 3746 Utrumque
1274 3689 1405 3742 opus
1450 3671 1645 3724 bonum
1685 3665 1920 3721 caelestis

338 3784 592 3851 magister
619 3775 892 3846 discipulis
933 3767 1323 3828 commendavit
1367 3765 1547 3820 dicens
1578 3782 1590 3815 :
1623 3760 1876 3851 Remittite
1899 3800 1914 3825 ,

339 3886 385 3931 et
411 3850 686 3927 remittetur
706 3867 874 3932 vobis;
901 3864 1017 3918 date
1035 3903 1051 3929 ,
1073 3870 1117 3915 et
1148 3859 1347 3913 dabitur
1362 3856 1498 3911 vobis
1524 3853 1669 3913 (Luc.
1688 3850 1845 3915 v1,57
1872 3857 1918 3903 et

339 3968 453 4038 38).
480 3964 794 4018 Mementote
819 3956 955 4012 servi
980 3955 1154 4018 illius,
1187 3952 1269 4006 cui
1300 3964 1458 4004 omne
1480 3946 1716 4002 debitum
1748 3943 1918 3997 domi-

339 4072 441 4113 nus
468 4057 581 4123 ejus
611 4052 752 4124 quod
789 4050 1113 4110 donaverat,
1162 4041 1433 4114 replicavit
1458 4082 1471 4105 ,
1506 4038 1624 4108 quia
1657 4049 1917 4090 conservo

341 4148 455 4218 ipse
488 4144 698 4200 debenti
724 4142 822 4197 sibi
848 4146 1059 4194 centum
1086 4134 1332 4191 denarios
1367 4129 1782 4209 misericordiam
1812 4143 1915 4180 non

341 4237 616 4307 rependit,
659 4249 815 4303 quam
862 4232 925 4285 de
958 4229 1273 4283 talentorum
1311 4224 1493 4279 decem
1535 4222 1767 4276 millibus
1800 4235 1918 4291 qua:

342 4329 570 4384 debebat
598 4326 801 4395 accepit
832 4322 1049 4396 (Matth.
1082 4336 1238 4387 xvm,
1268 4316 1480 4388 26-55).
1513 4314 1566 4369 In
1596 4316 1694 4368 hoc
1721 4328 1917 4384 genere

342 4423 519 4492 Operis
545 4421 663 4474 boni
695 4416 964 4474 excusatio
994 4414 1135 4468 nulla
1157 4421 1258 4480 est,
1278 4410 1367 4469 ubi
1398 4409 1508 4465 sola
1540 4408 1783 4461 voluntas
1808 4414 1916 4463 tota

343 4513 565 4568 facultas
608 4521 706 4565 est.
760 4510 939 4564 Potest
983 4506 1203 4579 quisque
1245 4501 1423 4559 dicere
1453 4521 1466 4556 :
1496 4500 1573 4555 Ne
1614 4499 1917 4559 stomachus

343 4604 554 4669 doleat,
600 4601 841 4672 jejunare
884 4616 986 4652 non
1022 4612 1255 4668 possum.
1287 4595 1463 4657 Potest
1491 4593 1649 4648 etiam
1692 4591 1913 4645 dicere:

345 4696 478 4750 Volo
508 4693 634 4747 dare
663 4691 898 4761 pauperi;
930 4688 1021 4742 sed
1054 4688 1212 4752 unde,
1242 4702 1344 4740 non
1368 4686 1575 4739 habeo:
1605 4693 1693 4738 aut
1716 4692 1915 4736 tantum

343 4786 514 4842 habeo
538 4826 553 4850 ,
587 4795 641 4838 ut
668 4783 881 4836 timeam
908 4794 1065 4850 egere
1089 4820 1102 4842 ,
1136 4778 1180 4830 si
1207 4777 1421 4830 dedero.
1447 4776 1755 4845 Quanquam
1785 4783 1835 4827 et
1867 4774 1917 4827 in

343 4880 426 4933 bis
470 4878 716 4950 operibus
765 4872 1132 4928 excusationes
1182 4867 1488 4938 plerumque
1533 4864 1632 4921 sibi
1678 4866 1919 4920 homines

342 4973 504 5026 falsas
532 4970 747 5032 faciunt,
771 4965 889 5035 quia
912 4978 1066 5019 veras
1093 4976 1195 5016 non
1224 4960 1515 5017 inveniunt.
1542 4960 1918 5014 Verumtamen

343 5062 462 5135 quis
488 5069 570 5116 est
610 5060 697 5129 qui
726 5057 865 5113 dicat
892 5072 905 5109 :
940 5054 1061 5108 Ideo
1091 5068 1191 5113 non
1224 5051 1396 5124 ignavi
1432 5051 1637 5104 veniam
1677 5050 1874 5119 petenti
1902 5091 1917 5115 ,

344 5157 465 5228 quia
489 5169 574 5209 me
606 5138 852 5207 valetudo
878 5146 1169 5216 impedivit,
1197 5153 1287 5197 aut
1316 5146 1435 5214 quia
1464 5157 1651 5196 manus
1672 5158 1770 5213 qua
1795 5157 1919 5211 por-

345 5249 574 5318 rigercm
605 5261 709 5300 non
738 5243 874 5298 fuit?
906 5241 1117 5295 Dimitte
1137 5280 1151 5304 ,
1182 5248 1240 5291 ut
1280 5236 1572 5290 dimittatur
1602 5236 1711 5289 tibi.
1736 5235 1921 5290 Carnis

345 5340 436 5395 hic
459 5354 592 5408 opus
617 5338 817 5393 nullum
844 5343 943 5398 est,
969 5333 1166 5386 nullum
1190 5330 1274 5384 vel
1302 5329 1473 5383 carnis
1493 5344 1600 5382 suae
1625 5330 1920 5384 membrum

345 5432 398 5486 in
442 5430 760 5499 adiutorium
804 5416 1356 5487 aniinat'assumitur,
1407 5428 1464 5474 ut
1498 5408 1603 5475 hoc
1640 5418 1923 5489 impleatur

344 5524 490 5595 quod
517 5536 750 5593 rogatur.
789 5520 1071 5577 Voluntate
1108 5516 1307 5585 agitur,
1334 5514 1603 5569 voluntate
1632 5516 1919 5584 perﬁcitur.

345 5615 454 5673 Fac
481 5629 698 5671 securus
723 5657 736 5678 ,
763 5613 828 5668 da
858 5625 1075 5667 securus
1094 5651 1109 5676 ,
1150 5606 1275 5662 nihil
1316 5602 1370 5661 in
1414 5621 1635 5677 corpore
1676 5604 1881 5665 dolebis
1902 5648 1920 5677 ,

347 5709 483 5768 nihil
510 5709 566 5765 in
605 5707 765 5763 domo
788 5706 962 5761 minus
990 5702 1229 5760 habebis.
1257 5701 1372 5757 iam
1398 5715 1560 5779 vero,
1590 5699 1784 5757 fratres
1804 5742 1819 5772 ,
1847 5703 1925 5757 vt-

1722 242 1950 302 SERMO
1987 242 2166 301 CCXI.

3446 246 3587 315 1054

2010 358 2131 413 dcte
2157 359 2280 430 quid
2319 360 2441 414 mali
2472 361 2578 431 sit,
2622 368 2678 417 ut
2703 361 2977 443 poenitenti
3003 359 3150 416 fratri
3177 374 3281 429 non
3309 358 3582 443 ignoscat,

2010 448 2090 502 cui
2125 459 2442 525 prmccptum
2489 461 2570 508 est
2611 462 2670 508 ut
2699 436 2968 509 inimicum
3007 452 3179 511 adhuc
3221 444 3424 527 diligat.
3456 436 3587 521 Qui:

2010 556 2126 594 cum
2161 542 2228 595 ita
2255 543 2379 609 sint,
2408 560 2526 598 cum
2553 546 2808 615 scriptum
2839 546 2936 610 sit,
2968 538 3065 599 Sol
3088 561 3188 611 non
3214 542 3407 597 occiaat
3436 560 3588 615 super

2008 635 2324 689 iracundiam
2353 647 2564 699 vestram
2594 636 2803 709 (Ep/tes;
2834 654 2904 705 tv,
2935 632 3050 709 26);
3082 632 3432 709 considerate,
3458 638 3587 691 cha-

2010 718 2236 793 rissimi,
2267 734 2439 780 utrum
2469 727 2789 782 Christianus
2825 728 3081 783 dicendus
3123 728 3223 793 sit,
3268 728 3356 801 qui
3400 726 3587 791 saltem

2011 815 2092 870 bis
2122 815 2308 879 diebus
2336 817 2638 873 in‘imicitias
2666 834 2772 872 non
2804 819 2914 874 vult
2944 819 3127 888 finire,
3157 834 3290 890 quas
3318 833 3588 895 nunquam

2011 902 2189 962 debuit
2209 924 2481 963 exercere.

2505 998 2733 1056 SERMO
2768 1000 2924 1057 ccxr
2952 1003 2974 1027 θ
2997 992 3091 1075 (α).

2501 1096 2550 1139 In
2572 1090 2957 1154 Quadragesima,
2974 1107 3039 1143 vu
3057 1092 3096 1141 ί.

2082 1168 2160 1224 De
2185 1172 2405 1241 fraterna
2433 1174 2719 1240 cottcordia,
2744 1181 2787 1226 et
2811 1174 3173 1228 condonatior’te
3191 1164 3516 1240 emersurum.

2086 1282 2309 1341 CAPUT
2372 1284 2649 1342 PRIMUM.
2698 1316 2769 1326 —
2825 1287 2875 1341 1.
2932 1274 3196 1343 Finienda!
3260 1289 3471 1355 querela:
3537 1284 3592 1345 iu

2020 1362 2435 1455 Quadragrsima.
2469 1376 2681 1431 Pactum
2712 1377 2990 1430 dimittendi
3030 1366 3083 1429 ut
3112 1377 3389 1457 dimittatur
3428 1376 3588 1431 nobis.

2013 1466 2167 1521 Aliud
2194 1468 2271 1521 ira
2294 1511 2308 1536 ,
2350 1479 2396 1522 et
2425 1469 2567 1523 aliud
2596 1470 2785 1522 odium.
2816 1470 2935 1523 Dies
2965 1469 3049 1527 isti
3080 1470 3248 1523 sancti
3273 1507 3286 1532 ,
3314 1483 3448 1537 quos
3478 1467 3589 1538 agi-

2013 1576 2130 1614 mus
2158 1561 2207 1613 in
2236 1562 2601 1617 observatione
2633 1561 3059 1632 Quadragesimae
3082 1599 3099 1622 ,
3131 1568 3471 1617 commonent
3496 1574 3592 1615 nos

2014 1651 2082 1707 de
2108 1650 2336 1705 fraterna
2362 1654 2646 1707 concordia
2670 1653 2813 1724 loqui
2846 1652 2993 1706 vobis
3016 1692 3032 1720 ,
3064 1658 3120 1705 ut
3147 1652 3466 1722 quicumque
3494 1649 3593 1707 ha-

2013 1742 2105 1798 bet
2128 1743 2382 1800 adversus
2412 1744 2572 1799 alium
2603 1748 2890 1817 querelam,
2924 1744 3103 1812 finiat,
3135 1760 3203 1799 ne
3231 1742 3462 1801 finiatur.
3490 1743 3595 1798 No-

2016 1833 2108 1893 lite
2134 1835 2229 1888 ista
2258 1844 2600 1891 contemnere
2621 1876 2636 1902 ,
2667 1836 2857 1891 fratres
2881 1836 3004 1893 mei.
3033 1835 3167 1911 Cum
3192 1835 3334 1891 enim
3364 1834 3472 1889 vita
3497 1834 3594 1889 ista

2016 1912 2253 1979 mortalis
2282 1934 2338 1982 et
2374 1911 2606 1996 fragilis,
2647 1942 2764 1996 qua:
2804 1927 2942 1983 inter
2968 1935 3044 1981 tot
3076 1936 3315 1983 terrenas
3345 1926 3593 1985 tentatio-

2016 2032 2112 2095 nes
2138 2017 2464 2087 periclitatur
2483 2060 2498 2089 ,
2528 2028 2582 2073 et
2609 2026 2725 2072 erat
2755 2034 2823 2073 ne
2850 2018 3255 2088 submergatur,
3288 2034 3391 2075 non
3424 2027 3597 2088 potest

2016 2123 2134 2162 esse
2164 2108 2218 2161 in
2245 2109 2429 2177 quovis
2475 2108 2617 2180 justo
2659 2109 2773 2164 sine
2817 2110 3289 2183 qualibuscumque
3332 2111 3594 2181 peccatis;

2018 2215 2183 2253 unum
2217 2208 2297 2254 est
2325 2201 2615 2255 remedium
2649 2217 2743 2270 per
2778 2201 3123 2271 quod’vivere
3156 2203 3452 2270 possimus,
3475 2202 3597 2271 quia

2017 2292 2197 2346 decuit
2222 2306 2320 2346 nos
2346 2294 2595 2364 magister
2620 2292 2763 2349 Deus
2792 2293 2970 2357 dicere
2992 2294 3045 2348 in
3074 2290 3324 2349 Oratione
3347 2311 3359 2346 :
3390 2293 3601 2347 Dimitte

2018 2384 2159 2436 nobis
2183 2384 2347 2437 debita
2383 2394 2552 2438 nostra
2576 2426 2590 2449 ,
2619 2387 2746 2438 sicut
2776 2392 2824 2438 et
2854 2401 2946 2439 nos
2976 2385 3271 2439 dimittimus
3298 2384 3598 2440 debitoribus

2019 2478 2201 2530 nostris
2231 2475 2437 2548 (Matth.
2467 2492 2550 2542 vt,
2586 2477 2696 2551 12).
2740 2477 2956 2532 Pactum
2987 2487 3039 2531 et
3066 2478 3311 2547 placitum
3340 2494 3458 2532 cum
3488 2478 3600 2533 Deo

2020 2564 2236 2622 fecimus
2257 2610 2271 2632 ,
2304 2576 2357 2624 et
2384 2569 2740 2624 conditionem
2782 2569 3023 2624 solvendi
3067 2570 3230 2625 debiti
3273 2571 3325 2625 in
3355 2571 3600 2626 cautione

2020 2660 2447 2737 Subscripsimus.
2476 2661 2674 2715 Dimitti
2705 2660 2858 2715 nobis
2901 2661 3058 2731 plena
3105 2661 3291 2716 fiducia
3331 2661 3560 2733 petimus
3581 2704 3619 2730 ,λ

2020 2754 2064 2806 si
2093 2761 2147 2807 et
2181 2768 2278 2808 nos
2305 2753 2618 2808 dimittimus
2651 2772 2662 2807 :
2696 2754 2737 2809 si
2768 2764 2943 2809 autem
2977 2770 3080 2809 non
3112 2752 3474 2821 dimittimus,
3523 2754 3604 2809 di-

2020 2845 2154 2899 mitti
2184 2846 2337 2899 nobis
2363 2856 2575 2915 peccata
2603 2860 2710 2900 non
2742 2854 2985 2915 putemus
3010 2863 3023 2911 ;
3054 2861 3121 2901 ne
3148 2858 3244 2901 nos
3281 2847 3422 2916 ipsos
3448 2844 3600 2900 falla-

2020 2944 2157 2991 mus.
2200 2937 2369 2991 Homo
2410 2952 2469 2993 se
2499 2952 2603 2991 non
2634 2936 2811 3005 fallat,
2844 2937 2989 2992 Deus
3017 2938 3282 2992 neminem
3308 2936 3461 2993 fallit.
3494 2936 3607 2993 llu-

2021 3040 2236 3082 mauum
2263 3039 2342 3083 est
2363 3029 2517 3085 irasci
2551 3046 2563 3083 :
2592 3038 2645 3083 et
2676 3030 2876 3082 utinam
2906 3044 3004 3084 nec
3029 3028 3131 3083 hoc
3160 3046 3459 3100 possemus.
3488 3030 3600 3087 llu-

2020 3134 2233 3174 mauum
2257 3129 2337 3175 est
2362 3120 2517 3175 irasci
2545 3138 2556 3172 :
2590 3120 2681 3174 sed
2705 3136 2807 3174 non
2830 3121 2986 3175 debet
3013 3120 3284 3176 iracundia
3314 3133 3423 3189 tua,
3448 3131 3603 3179 natus

2020 3214 2265 3269 surculus
2296 3214 2503 3280 brevis,
2534 3213 2923 3282 suspicionibus
2951 3212 3156 3284 irrigari
3181 3256 3197 3281 ,
3228 3224 3282 3270 et
3307 3214 3373 3270 ad
3401 3216 3602 3273 trabem

2021 3303 2127 3359 odii
2154 3304 2451 3374 pervenire.
2478 3303 2630 3357 Aliud
2650 3313 2731 3358 est
2758 3304 2898 3357 enim
2929 3305 3027 3369 ira,
3060 3302 3205 3360 aliud
3235 3305 3436 3361 odium.
3468 3306 3602 3362 Nam

2022 3408 2164 3465 saepe
2192 3395 2348 3449 etiam
2378 3401 2528 3463 pater
2551 3394 2795 3448 irascitur
2821 3395 2928 3448 tilio
2951 3435 2967 3460 ,
3006 3394 3097 3450 sed
3126 3411 3230 3449 non
3257 3396 3367 3451 odit
3391 3396 3555 3452 filium
3585 3415 3600 3454 :

2022 3486 2283 3550 Irascitur,
2312 3496 2370 3538 ut
2389 3486 2635 3554 corrigat.
2663 3484 2717 3539 Si
2746 3495 3025 3555 propterea
3066 3487 3313 3542 irascitur
3352 3498 3408 3543 ut
3430 3476 3600 3545 corri-

2021 3586 2105 3648 gat
2128 3618 2141 3641 ,
2182 3579 2410 3632 amando
2438 3579 2699 3632 irascitur.
2732 3580 3017 3650 Propterea
3043 3580 3239 3637 dictum
3271 3593 3352 3639 est
3376 3604 3388 3638 :
3416 3584 3601 3641 Festu-

2021 3685 2133 3724 cam
2160 3670 2212 3722 in
2233 3670 2376 3723 oculo
2401 3672 2573 3741 fratris
2603 3672 2673 3724 tui
2696 3672 2851 3735 vides;
2879 3672 3064 3727 trabem
3087 3685 3250 3728 autem
3270 3677 3321 3730 in
3344 3678 3488 3732 oculo
3517 3688 3603 3741 tuo

2021 3778 2122 3817 non
2158 3763 2293 3816 vides
2334 3761 2441 3835 (Id.
2478 3778 2582 3827 vn,
2614 3763 2691 3834 5).
2725 3764 2917 3835 Culpas
2952 3765 3004 3819 in
3033 3766 3136 3820 alio
3166 3768 3327 3834 iram,
3356 3779 3410 3824 et
3453 3779 3603 3828 tenes

2022 3856 2200 3917 odium
2230 3855 2282 3909 in
2316 3864 2366 3909 te
2394 3856 2527 3925 ipso.
2566 3856 2631 3909 1n
2672 3860 3064 3926 comparatione
3110 3861 3249 3924 odii,
3294 3860 3370 3917 ira
3401 3860 3600 3925 festuca

2023 3955 2125 4000 est.
2149 3946 2253 4000 Sed
2284 3945 2534 4001 festucam
2564 3947 2606 3999 si
2634 3948 2862 4014 nutrias,
2890 3946 3067 4004 trabes
3094 3950 3215 4005 erit.
3243 3951 3299 4007 Si
3328 3954 3524 4011 evellas
3549 3964 3604 4015 et

2022 4040 2267 4110 projicias
2287 4080 2300 4105 ,
2326 4039 2459 4092 nihil
2479 4040 2599 4093 erit.

2090 4132 2316 4187 CAPUT
2358 4134 2419 4186 ll.
2449 4162 2523 4172 —-
2548 4133 2602 4187 2.
2636 4130 2703 4186 In
2732 4132 2942 4187 tenebris
2970 4143 3017 4188 et
3043 4150 3240 4190 carcere
3274 4146 3345 4190 est
3363 4139 3448 4210 qui
3475 4138 3600 4196 odit.

2021 4224 2076 4281 Si
2103 4224 2435 4290 advertistis,
2464 4224 2600 4280 beati
2632 4224 2849 4279 Joannis
2874 4267 2886 4292 ,
2915 4242 3035 4281 cum
3062 4228 3177 4296 ejus
3201 4229 3431 4299 Epistola
3454 4231 3599 4307 lege-

2021 4323 2203 4381 ntur,
2234 4314 2417 4378 debuit
2451 4326 2547 4369 vos
2574 4325 2772 4371 terrere
2800 4319 3079 4371 sententia.
3110 4318 3200 4373 Ait.
3221 4320 3362 4375 enim
3395 4339 3408 4376 :
3441 4316 3600 4377 Tene-

2022 4408 2124 4461 braz
2151 4408 2475 4475 transierant,
2504 4408 2594 4461 tua:
2612 4424 2725 4462 vera
2732 4409 2844 4480 jam
2870 4404 3017 4463 lucet.
3038 4409 3240 4466 Deinde
3266 4422 3479 4468 secutus
3502 4415 3600 4470 ad-

2017 4501 2191 4572 iunxit
2231 4519 2245 4556 :
2280 4500 2378 4566 Qui
2415 4514 2468 4555 se
2493 4500 2612 4555 dicit
2638 4502 2690 4555 in
2722 4501 2915 4556 lumine
2943 4520 3047 4558 esse
3071 4546 3085 4571 ,
3126 4515 3172 4558 et
3207 4506 3416 4578 fratrem
3453 4525 3601 4562 suum

2022 4595 2144 4659 adit,
2166 4594 2218 4647 in
2242 4593 2454 4649 tenebris
2477 4603 2549 4647 est
2570 4610 2723 4663 usque
2744 4594 2911 4647 adhuc
2938 4594 2979 4667 (l
3004 4594 3159 4649 Joan.
3190 4614 3223 4650 ιι
3246 4640 3259 4662 ,
3284 4598 3319 4653 8
3336 4597 3470 4669 ει9)’.
3498 4600 3600 4661 Sed

2021 4686 2155 4741 forte
2172 4688 2305 4741 tales
2330 4686 2576 4741 tenebras
2597 4700 2716 4741 esse
2739 4687 2896 4741 homo
2917 4697 3096 4758 putet,
3124 4690 3306 4757 quales
3337 4692 3603 4758 patiuntur

2023 4778 2075 4832 ln
2105 4778 2408 4832 carceribus
2436 4777 2645 4831 inclusi.
2675 4777 2884 4833 Utinam
2922 4780 3054 4833 tales
3088 4778 3297 4833 essent!
3328 4781 3391 4833 Et
3426 4791 3600 4837 tamen

2024 4869 2075 4923 in
2102 4870 2290 4922 talibus
2326 4883 2482 4922 nemo
2508 4869 2616 4921 vult
2643 4884 2779 4923 esse.
2814 4869 2869 4923 In
2906 4869 2988 4922 his
3013 4876 3187 4921 autem
3216 4885 3486 4924 carcerum
3520 4881 3599 4926 te-

2024 4958 2203 5013 nebris
2231 4967 2448 5028 possunt
2472 4960 2668 5013 includi
2704 4970 2757 5014 et
2781 4961 3109 5014 innocentes.
3138 4960 3196 5013 In
3230 4960 3420 5015 talibus
3458 4965 3601 5018 enim

2025 5050 2256 5104 tenebris
2294 5050 2482 5103 inclusi
2520 5058 2643 5104 sunt
2672 5059 2950 5121 martyres.
2980 5049 3234 5105 Tenebrce
3274 5054 3605 5124 circumqua-

2024 5156 2130 5212 que
2160 5140 2545 5208 fundebantur,
2573 5153 2626 5196 et
2652 5142 2738 5195 lux
2776 5141 3008 5211 fulgebat
3030 5142 3081 5195 in
3111 5144 3356 5198 cordibus
3386 5142 3426 5197 '.
3461 5145 3514 5198 lu
3541 5148 3602 5199 il-

2026 5233 2092 5287 lis
2122 5233 2354 5287 tenebris
2377 5233 2609 5288 carceris
2637 5232 2801 5286 oculis
2840 5246 2943 5286 non
2973 5233 3221 5288 videbant
3243 5275 3258 5301 ,
3288 5232 3378 5289 sed
3423 5252 3605 5293 amore

2086 5337 2108 5369 ι
2132 5342 2182 5386 In
2201 5337 2542 5386 (Tarnbronensi
2564 5335 2729 5386 codice
2751 5335 2829 5385 hic
2851 5347 3008 5385 sermo
3045 5338 3321 5389 inscribitur
3344 5343 3605 5392 loramen-

2026 5400 2150 5468 siutp
2173 5400 2463 5468 testimonio,
2487 5409 2649 5468 sermo
2669 5396 2855 5468 habitus
2898 5399 3147 5448 Domiuica
3188 5402 3352 5464 quinta
3386 5405 3605 5468 ("didra-

2026 5459 2249 5528 gestulm;
2296 5469 2344 5528 at
2383 5462 2429 5508 in
2456 5463 2599 5528 Hegio
2623 5459 2786 5528 codice
2812 5468 3103 5522 praenotatur
3124 5459 3326 5528 tantum,
3363 5459 3606 5517 lxoutittt'cu

2027 5520 2208 5581 intima,
2231 5524 2407 5571 omisso
2439 5520 2605 5577 verbo,
2629 5520 2831 5569 habitus.

2091 5589 2110 5639 ξ
2137 5586 2452 5644 ttauuscripti,
2472 5582 2652 5646 rigebat
2675 5581 2724 5632 in
2746 5582 2985 5634 cordibus.

2092 5646 2107 5663 ‘
2135 5654 2385 5695 correctus
2398 5646 2454 5692 ad
2469 5644 2589 5694 duos
2603 5644 2662 5693 cl.
2677 5646 2734 5693 ad
2754 5659 2829 5707 gr.
2852 5661 2939 5695 rm.
2953 5662 2998 5698 v.
3014 5654 3064 5698 et
3085 5648 3145 5698 ad
3169 5660 3266 5701 Am.
3284 5658 3358 5701 Er.
3379 5660 3478 5703 Par.
3496 5657 3603 5704 ων.

2094 5708 2165 5772 (a)
2181 5710 2322 5767 Alias,
2338 5708 2401 5758 40
2417 5708 2544 5757 inter
2566 5708 2790 5760 Homilies
2810 5708 2888 5761 50.
