4070 6330
477 289 623 348 ωδε

478 495 595 552 istae
619 498 883 567 tenebrae,
913 498 983 554 de
1000 499 1195 569 quibus
1223 499 1423 555 dictum
1451 509 1535 555 est
1552 542 1568 567 ,
1598 500 1699 566 Qui
1724 502 1829 555 odit
1855 506 2065 573 fratrem

475 605 621 644 suum
641 630 659 656 ,
696 590 753 644 in
775 591 988 646 tenebris
1013 601 1087 647 est
1113 609 1269 664 usque
1292 593 1501 649 adhuc!
1532 595 1587 648 ln
1615 595 1721 649 alio
1745 594 1863 650 loco
1888 595 2019 651 dicit
2045 612 2059 651 :

478 680 577 746 Qui
597 680 704 736 odit
732 686 941 753 fratrem
969 701 1145 751 suum,
1188 686 1441 741 homicida
1462 696 1535 743 est
1562 688 1607 757 (l
1631 687 1788 743 Joan.
1815 705 1906 756 ιιι,
1944 690 2060 759 15).

474 770 573 839 Qui
595 772 709 827 odit
735 772 954 830 fratrem
980 792 1156 841 suum,
1184 778 1453 843 ambulat,
1481 779 1627 844 exit,
1654 780 1850 844 intrat,
1884 795 2065 850 proce-

473 860 587 925 dit,
618 863 781 919 nullis
809 865 1013 920 catenis
1040 875 1292 921 oneratus
1311 909 1326 934 ,
1356 868 1503 923 nullo
1531 883 1747 925 carcere
1775 870 2011 926 inclusus
2042 887 2057 925 :

472 960 624 1007 reatu
648 961 824 1010 tamen
843 956 1036 1026 ligatus
1055 968 1155 1014 est.
1182 957 1301 1013 Noli
1331 960 1478 1015 illum
1500 968 1686 1029 putare
1707 960 1822 1015 sine
1844 975 2061 1016 carcere

472 1055 595 1098 esse
622 1060 635 1097 :
665 1059 849 1100 carcer
867 1045 981 1116 ejus
1003 1089 1019 1114 ,
1051 1063 1145 1102 cor
1184 1049 1299 1118 ejus
1324 1060 1423 1106 est.
1443 1049 1574 1107 Cum
1605 1052 1790 1119 audis,
1825 1053 1927 1121 Qui
1955 1053 2062 1107 odit

470 1130 681 1202 fratrem
706 1151 854 1190 suum
876 1177 890 1202 ,
920 1138 975 1192 in
1013 1140 1226 1194 tenebris
1263 1152 1336 1195 est
1365 1158 1519 1212 usque
1559 1143 1726 1197 adhuc
1766 1158 1787 1197 :
1823 1159 1891 1198 ne
1919 1142 2060 1200 forte

469 1236 779 1282 contemnas
810 1230 943 1285 tales
971 1232 1234 1299 tenebras,
1264 1235 1522 1306 adiungit,
1556 1246 1611 1291 et
1629 1236 1758 1291 dicit
1786 1255 1800 1291 :
1835 1237 1934 1305 Qui
1953 1238 2060 1292 odit

469 1319 678 1387 fratrem
700 1336 848 1373 suum
866 1362 880 1386 ,
905 1321 1156 1378 homicida
1179 1335 1269 1380 est.
1301 1325 1428 1382 Odis
1450 1328 1665 1383 fratrem
1696 1339 1841 1383 tuum
1864 1372 1877 1392 ,
1909 1339 1963 1385 et
1982 1345 2060 1386 se-

469 1421 628 1462 Curus
655 1410 934 1467 ambulas?
953 1424 1006 1469 et
1042 1416 1369 1471 concordare
1389 1433 1494 1471 non
1519 1418 1599 1472 vis
1622 1424 1651 1484 ,'
1666 1423 1909 1488 quamvis
1938 1419 2059 1475 ideo

475 1497 618 1553 Deus
667 1502 893 1569 spatium
937 1504 1027 1560 det
1057 1506 1190 1560 tibi?
1233 1508 1370 1562 Ecce
1407 1508 1517 1578 jam
1551 1508 1813 1563 homicida
1859 1525 1953 1578 es,
2004 1520 2060 1567 et

469 1588 645 1646 adhuc
680 1591 813 1647 vivis
845 1610 859 1647 :
889 1595 934 1649 si
969 1595 1249 1652 Dominum
1280 1599 1467 1652 iratum
1496 1599 1721 1655 haberes
1742 1641 1758 1667 ,
1786 1616 1907 1655 cum
1934 1602 2058 1658 odio

469 1680 648 1737 fratris
664 1684 841 1749 subito
858 1688 1141 1756 rapereris.
1165 1688 1341 1744 Parcit
1371 1691 1509 1745 Deus
1532 1693 1644 1758 tibi,
1679 1708 1835 1761 parce
1863 1702 1915 1748 tu
1939 1695 2054 1762 tibi,

467 1772 729 1828 concorda
757 1789 875 1829 cum
904 1775 1069 1833 fratre
1098 1788 1207 1833 tuo.
1233 1782 1299 1834 At
1322 1778 1461 1837 forte
1487 1792 1541 1836 tu
1579 1783 1691 1846 vis,
1730 1792 1785 1838 et
1822 1784 1910 1839 ille
1950 1800 2057 1841 non

469 1861 620 1915 vult?
644 1861 882 1920 Sufﬁciat
905 1866 1018 1921 tibi.
1048 1867 1222 1924 Habes
1248 1870 1389 1926 unde
1424 1872 1573 1927 illum
1606 1873 1788 1929 doleas
1821 1892 1834 1928 :
1865 1885 1917 1931 te
1944 1876 2057 1931 sol-

467 1954 608 2008 visti.
640 1954 766 2021 Dic,
799 1950 951 2012 si‘vis
978 1963 1326 2024 concordare,
1351 1971 1405 2017 et
1446 1963 1535 2018 ille
1561 1979 1665 2019 non
1695 1965 1839 2031 vult;
1868 1966 1952 2020 dic
1972 1981 2057 2021 se-

468 2058 628 2100 curus
652 2065 664 2099 :
698 2046 906 2104 Dimitte
924 2050 1065 2105 nobis
1085 2051 1250 2106 debita
1270 2065 1442 2109 nostra
1460 2097 1475 2123 ,
1506 2055 1635 2111 sicut
1661 2067 1709 2111 et
1733 2074 1826 2112 nos
1848 2058 2059 2114 dimitti-

470 2152 581 2191 mus
606 2136 912 2196 debitoribus
953 2144 1158 2198 nostris.

543 2251 769 2309 CAPUT
812 2253 899 2309 lll.
930 2284 1004 2296 —
1029 2257 1084 2312 '5.
1114 2256 1505 2329 Ignoscendum,
1542 2269 1601 2314 ut
1640 2263 1802 2331 possis
1838 2262 2058 2319 domini-

469 2360 582 2399 cum
603 2347 881 2401 orationem
907 2349 1091 2404 dicere.
1116 2349 1275 2407 Forte
1304 2352 1535 2422 peccasti
1556 2354 1609 2408 in
1630 2355 1799 2422 illum,
1825 2356 1907 2411 vis
1932 2373 2055 2412 cum

474 2434 568 2491 illo
608 2438 956 2508 concordare,
989 2438 1068 2495 vls
1094 2442 1143 2496 ei
1181 2442 1360 2499 dicere
1388 2462 1400 2498 :
1435 2444 1639 2510 Frater,
1674 2448 1889 2517 ignosce
1924 2449 2058 2505 mihi

471 2528 613 2598 quod
641 2532 852 2598 peccavi
882 2530 935 2586 in
967 2541 1041 2588 te.
1078 2534 1172 2589 ille
1211 2551 1318 2589 non
1348 2536 1461 2592 vult
1486 2538 1782 2608 ignoscere,
1814 2556 1922 2596 non
1945 2542 2060 2598 vult

471 2621 742 2679 dimittere
767 2624 1005 2681 debitum
1037 2646 1051 2682 :
1083 2629 1224 2700 quod
1251 2630 1301 2685 ei
1323 2629 1504 2695 debes,
1536 2647 1639 2686 non
1684 2634 1799 2688 vult
1837 2635 1929 2691 tibi
1970 2635 2056 2690 di-

472 2714 704 2770 mittere.
737 2715 855 2786 lpse
878 2718 1147 2786 observet,
1181 2721 1394 2791 quando
1436 2723 1599 2779 habet
1626 2740 1802 2781 orare.
1833 2725 2058 2795 Quando

470 2815 728 2862 venturus
756 2817 860 2874 est,
896 2810 988 2881 qui
1026 2810 1122 2866 tibi
1163 2812 1332 2867 noluit
1367 2813 1634 2872 dimittere
1668 2817 1809 2887 quod
1853 2821 1905 2872 in
1934 2834 2057 2875 eum

473 2896 609 2954 forte
655 2902 907 2970 peccasti,
938 2904 1151 2973 quando
1190 2916 1441 2961 venturus
1485 2917 1568 2963 est
1620 2910 1687 2964 ad
1732 2912 2051 2979 orationem,

473 2989 601 3059 quid
631 2989 868 3048 facturus
889 2994 1009 3048 est?
1041 2995 1189 3050 Dicat
1212 3012 1226 3050 :
1260 2995 1417 3051 Pater
1443 3009 1629 3064 noster,
1647 3002 1733 3071 qui
1751 3019 1804 3056 es
1824 3003 1878 3056 in
1898 3004 2054 3059 stetis.

474 3078 644 3145 Dicat,
675 3083 896 3138 accedat
920 3102 933 3139 :
963 3084 1317 3157 Sanctiﬁcetur
1342 3107 1521 3145 nomen
1543 3102 1703 3146 tuum.
1727 3093 1917 3150 Adhuc
1939 3095 2054 3152 dic:

483 3169 662 3226 Veniat
682 3190 890 3246 regnum
922 3186 1082 3233 tuum.
1113 3181 1381 3250 Sequere:
1408 3181 1527 3235 Fiat
1547 3185 1776 3240 voluntas
1798 3196 1905 3253 tua,
1928 3189 2058 3243 sicut

472 3265 526 3320 in
563 3266 708 3332 coelo,
737 3276 783 3323 et
811 3269 866 3323 in
898 3278 1051 3324 terra.
1093 3271 1284 3329 Adhuc
1325 3275 1535 3329 ambula
1566 3292 1583 3328 τ
1613 3275 1810 3332 Panem
1832 3290 2058 3336 nostrum

470 3358 823 3426 quotidianum
862 3360 931 3414 da
969 3361 1110 3416 nobis
1148 3362 1317 3443 hodie.
1360 3365 1587 3422 Dixisti:
1633 3369 1774 3439 quod
1817 3373 2059 3443 sequitur

473 3447 591 3504 vide
620 3465 689 3505 ne
717 3450 852 3506 forte
880 3451 1011 3508 velis
1043 3436 1439 3525 transcendere,
1465 3467 1520 3514 et
1546 3436 1690 3516 aliud
1712 3436 1912 3519 dicere:
1937 3465 2055 3522 Non

472 3550 555 3596 est
585 3558 687 3613 qua
719 3546 946 3602 transire
968 3548 1161 3617 possis,
1182 3549 1253 3605 ibi
1274 3552 1490 3608 teneris.
1511 3554 1606 3610 Dic
1620 3569 1771 3627 ergo,
1788 3567 1843 3613 et
1868 3575 2055 3616 verum

471 3634 559 3691 dic
582 3654 595 3690 :
625 3645 717 3691 aut
743 3638 787 3693 si
827 3655 933 3694 non
978 3641 1142 3698 habes
1170 3660 1335 3714 quare
1363 3645 1527 3715 dicas,
1562 3647 1766 3705 Dimitte
1790 3651 1932 3708 nobis
1960 3654 2053 3711 de-

470 3724 575 3779 bita
598 3737 791 3797 nostra,
818 3731 929 3787 noli
957 3733 1154 3790 dicere.
1206 3736 1274 3791 Et
1310 3738 1400 3793 ubi
1443 3748 1526 3795 est
1569 3740 1698 3798 illud
1725 3746 1867 3815 quod
1911 3746 2053 3804 idem

470 3819 744 3888 apostolus
766 3819 903 3877 dixit
932 3840 946 3877 :
980 3822 1043 3879 Si
1071 3825 1367 3893 dixerimus,
1396 3831 1516 3900 quia
1546 3843 1804 3900 peccatum
1822 3853 1924 3891 non
1956 3838 2054 3892 ha-

470 3906 664 3970 bemus.
693 3927 787 3965 nos
828 3913 966 3981 ipsos
995 3914 1293 3986 decipimus,
1328 3930 1375 3974 et
1398 3923 1579 3977 veritas
1598 3925 1651 3978 in
1678 3926 1819 3981 nobis
1853 3945 1957 3984 non
1981 3941 2055 3986 est

470 3999 600 4073 (1d.
664 4019 724 4072 ι,
776 4004 873 4078 8)?
914 4006 968 4063 Si
1012 4018 1189 4064 autem
1234 4013 1445 4089 mordet
1483 4017 1809 4075 conscientia
1854 4019 2053 4093 fragili-

472 4094 618 4161 tatis,
659 4104 712 4150 et
737 4096 790 4151 in
817 4096 920 4154 hoc
947 4101 1143 4155 saeculo
1163 4103 1359 4174 ubique
1380 4107 1703 4166 abundantia
1728 4112 2048 4185 iniquitatis;

470 4185 559 4242 die
583 4201 732 4259 ergo,
760 4187 974 4246 Dimitte
997 4194 1138 4248 nobis
1165 4195 1330 4250 debita
1351 4210 1543 4255 nostra.
1566 4200 1672 4258 Sed
1697 4206 1839 4275 quod
1869 4209 2051 4279 sequi-

470 4284 559 4333 tur
575 4277 717 4334 vide.
746 4278 974 4337 Noluisti
1002 4284 1145 4339 enim
1171 4285 1437 4344 dimittere
1465 4303 1743 4360 peccatum
1768 4295 1914 4352 fratri
1935 4277 2048 4368 tuo,

469 4379 525 4428 et
573 4371 810 4428 dicturus
861 4390 940 4443 es,
974 4374 1123 4432 Sicut
1167 4386 1216 4433 et
1260 4396 1353 4435 nos
1398 4382 1696 4442 dimittimus
1747 4388 2051 4448 debitoribus

469 4464 656 4518 nostris
697 4463 911 4535 (Matth.
938 4482 1008 4534 vr,
1040 4468 1212 4541 9-12).
1242 4471 1322 4527 An
1354 4489 1458 4530 non
1488 4492 1547 4534 es
1563 4478 1834 4537 dicturus?
1861 4482 1916 4539 Si
1942 4500 2050 4542 non

469 4567 530 4608 es
551 4553 816 4621 dicturus,
847 4557 981 4614 nihil
1020 4576 1079 4615 es
1107 4574 1425 4633 accepturus
1450 4584 1465 4620 :
1506 4569 1549 4622 si
1578 4579 1754 4625 autem
1789 4572 2046 4643 dicturus,

468 4643 659 4705 falsum
684 4664 744 4706 es
772 4649 1034 4708 dicturus.
1063 4655 1204 4726 Ergo
1225 4657 1331 4725 dic,
1358 4668 1413 4713 et
1432 4675 1613 4716 verum
1640 4663 1743 4718 dic.
1772 4666 2049 4734 Quomodo

468 4738 706 4797 dicturus
747 4758 807 4799 es
835 4758 1043 4813 verum,
1072 4747 1163 4817 qui
1208 4747 1357 4805 fratri
1404 4758 1497 4809 tuo
1539 4754 1756 4811 noluisti
1804 4758 2048 4818 relaxare

468 4834 784 4902 peccatum?

537 4923 764 4984 CAPUT
787 4928 876 4987 IV.
907 4961 978 4971 —
1005 4932 1059 4987 4.
1102 4932 1327 4990 Securus
1359 4938 1501 5009 apud
1531 4938 1701 4996 Deum
1736 4954 1829 5014 est,
1851 4948 1934 5002 cui
1959 4966 2049 5018 pe-

466 5019 589 5073 tenti
616 5030 829 5092 negatur
855 5025 998 5079 venia
1040 5042 1073 5079 a
1114 5030 1292 5097 fratre.
1322 5028 1403 5085 De
1433 5032 1496 5086 iis
1522 5036 1608 5105 qui
1643 5038 1838 5094 veniam
1862 5040 1923 5095 ab
1953 5043 2047 5099 ho-

464 5110 601 5166 mine
614 5121 779 5183 petere
793 5115 1107 5173 erubescunt.
1154 5117 1308 5175 Venia
1335 5140 1366 5177 a
1391 5126 1688 5195 quibusdam
1731 5135 1932 5191 nonnisi
1966 5146 2046 5192 ta-
2088 5124 2092 5129 ’

463 5204 558 5259 cite
594 5213 641 5260 et
666 5206 970 5264 blandiendo
1009 5216 1245 5281 petenda.
1293 5214 1441 5271 illum
1471 5219 1761 5281 admonui:
1790 5228 1949 5283 modo
1991 5238 2043 5286 te

462 5296 761 5364 consolor’,
786 5314 819 5354 ο
843 5300 1080 5372 quisquis
1099 5319 1178 5372 es,
1199 5305 1245 5360 si
1271 5314 1446 5363 tamen
1474 5325 1554 5378 es,
1576 5314 1665 5383 qui
1694 5314 1872 5372 dixisti
1893 5317 2041 5376 fratri

464 5395 575 5454 tuo,
606 5386 822 5446 Dimitte
849 5390 979 5446 mihi
1004 5394 1144 5462 quod
1190 5396 1243 5451 in
1277 5405 1332 5455 te
1377 5401 1589 5471 peccavi
1620 5420 1636 5459 :
1680 5404 1725 5459 si
1753 5406 1930 5463 dixisti
1972 5424 2041 5466 ex

462 5486 576 5533 toto
616 5479 798 5547 corde,
825 5482 870 5536 si
916 5499 1041 5539 vera
1094 5485 1409 5561 humilitate,
1442 5509 1547 5550 non
1596 5495 1716 5551 ficta
1758 5500 2036 5573 charitate,

461 5571 732 5643 quomodo
760 5574 904 5631 Deus
941 5577 1085 5634 videt
1125 5581 1179 5637 in
1207 5584 1369 5642 corde
1408 5588 1551 5645 unde
1594 5590 1794 5662 dixisti,
1826 5594 1920 5650 sed
1952 5571 2039 5655 ille

524 5730 540 5763 ⁸
565 5731 766 5783 8101188.
790 5737 848 5782 At
869 5731 1005 5795 editi,
1025 5735 1385 5792 modem

1717 296 1777 353 S.
1816 290 2185 352 AUGUSTINI
2222 294 2525 357 EPISGOPI

384 462 389 469 ,
479 403 825 462 fraternitatis
848 406 1021 463 Deum
1048 406 1318 465 videbant.
1347 405 1522 464 Vultis
1559 408 1698 464 scire
1722 409 1905 479 quales
1941 416 2066 464 sunt

3615 322 3759 379 1056

2173 410 2341 466 noluit
2368 414 2461 469 tibi
2498 415 2789 487 dimittam,
2815 423 2925 478 noli
2965 438 3087 481 esse
3122 427 3400 486 sollicitus.
3439 432 3593 490 Servi
3622 440 3757 492 estis

2168 502 2347 565 ambo,
2376 504 2582 562 habetis
2613 508 2893 568 Dominum
2928 531 2944 570 :
2973 530 3235 574 conservo
3263 528 3356 576 tuo
3373 521 3557 591 debes,
3580 527 3758 584 noluit

2171 591 2265 647 tibi
2308 594 2609 665 dimittere;
2652 601 2927 672 interpella
2956 606 3241 666 Dominum
3270 613 3568 687 amborum.
3596 618 3756 685 Quod

2172 684 2263 738 tibi
2289 685 2552 743 dimiserit
2575 690 2852 760 Dominus,
2885 696 2932 751 si
2957 708 3154 767 potest,
3180 704 3358 773 exigat
3384 684 3592 763 servus.
3623 684 3755 765 Dico

2165 774 2311 830 aliud
2341 794 2355 831 :
2387 778 2652 861 Admonui
2682 800 2811 855 ergo
2835 803 2957 843 eum
2990 791 3079 861 qui
3109 794 3279 849 noluit
3302 796 3570 854 dimittere
3600 800 3756 857 fratri

2167 879 2286 932 suo,
2315 882 2436 923 cum
2477 858 2633 940 petat.
2664 874 2752 931 ille
2774 878 2967 934 dimitti
3007 858 3134 949 sibi,
3162 893 3219 938 ut
3253 884 3410 942 faciat
3434 891 3575 959 quod
3602 893 3755 948 nole-

2166 956 2289 1023 bat;
2330 976 2417 1024 ne,
2446 964 2659 1031 quando
2696 979 2830 1031 orat,
2873 986 2979 1026 non
3021 975 3246 1044 accipiat
3284 979 3422 1047 quod
3452 956 3752 1040 desiderat.

2164 1049 2429 1106 Admonui
2473 1064 2526 1109 et
2568 1057 2715 1110 illum
2759 1060 2849 1128 qui
2899 1063 3081 1130 petivit
3110 1068 3315 1122 veniam
3364 1074 3562 1140 peccati
3611 1077 3755 1131 suia

2164 1137 2328 1195 fratre
2353 1160 2469 1210 suo,
2502 1154 2557 1200 et
2584 1164 2687 1201 non
2728 1153 2969 1222 accepit;
3003 1165 3059 1208 ut
3085 1155 3136 1229 in
3167 1173 3233 1211 eo
3261 1137 3400 1229 quod
3442 1178 3545 1216 non
3575 1166 3754 1234 impe-

2166 1234 2325 1286 travit
2364 1249 2395 1287 a
2424 1234 2591 1291 fratre
2634 1253 2751 1305 suo,
2787 1258 3005 1297 securus
3035 1247 3105 1301 sit
3133 1247 3201 1303 de
3244 1250 3466 1306 Domino
3505 1271 3624 1310 suo.
3655 1257 3755 1312 Est

2160 1333 2216 1378 et
2238 1325 2378 1379 aliud
2407 1329 2546 1397 quod
2572 1331 2886 1387 admoneam
2920 1353 2934 1389 :
2970 1337 3214 1393 Peccavit
3243 1341 3294 1395 in
3328 1351 3379 1398 te
3412 1343 3579 1400 frater
3605 1357 3749 1416 tuus,

2164 1422 2218 1468 et
2238 1417 2404 1471 noluit
2439 1418 2530 1473 tibi
2561 1420 2760 1489 dicere,
2791 1425 3006 1481 Dimitte
3033 1430 3158 1483 mihi
3186 1433 3324 1498 quod
3355 1435 3404 1487 in
3434 1444 3484 1490 te
3510 1441 3748 1505 peccavi.

2162 1508 2449 1563 Abundant
2474 1514 2633 1567 verba
2668 1515 2764 1570 ista
2787 1518 2803 1548 ¹
2834 1536 2848 1571 :
2899 1520 3099 1574 utinam
3130 1522 3215 1575 illa
3246 1524 3384 1593 Deus
3408 1530 3645 1584 eradicet
3679 1532 3752 1587 de

2162 1613 2290 1669 agro
2327 1615 2444 1668 suo,
2476 1604 2575 1658 hoc
2604 1614 2687 1659 est
2726 1608 2793 1662 de
2818 1610 3070 1665 cordibus
3120 1617 3333 1671 vestris.
3379 1618 3546 1686 Quam
3593 1625 3751 1680 multi

2162 1699 2286 1744 sunt
2311 1694 2476 1757 enim,
2503 1697 2593 1765 qui
2635 1698 2809 1752 sciunt
2845 1717 2902 1754 se
2935 1718 3184 1772 peccasse
3223 1707 3273 1760 in
3306 1707 3494 1765 fratres
3522 1727 3669 1782 suos,
3692 1725 3751 1772 et

2162 1784 2561 1854 noluntdiccre,
2592 1789 2808 1847 Dimitte
2835 1794 2984 1847 mihi.
3010 1795 3123 1850 Non
3145 1799 3477 1857 erubuerunt
3503 1822 3747 1878 peccare,

2161 1885 2215 1930 et
2255 1879 2580 1935 erubescunt
2607 1899 2795 1952 rogare
2828 1904 2843 1961 ς
2874 1902 2976 1940 non
3008 1889 3329 1947 erubuerunt
3351 1894 3419 1950 de
3447 1897 3741 1971 iniquitate,

2160 1973 2215 2019 et
2242 1968 2563 2025 erubescunt
2587 1972 2655 2027 de
2682 1973 2994 2032 humilitate.

2236 2057 2463 2118 CAPUT
2489 2063 2552 2117 V.
2580 2095 2652 2106 —
2681 2067 2827 2137 Ipsos
2852 2085 2981 2139 ergo
3010 2070 3063 2125 in
3091 2073 3273 2141 primis
3304 2077 3584 2135 admoneo.
3613 2081 3746 2150 Qui-

2161 2162 2390 2219 cumque
2438 2151 2647 2210 habetis
2693 2156 3014 2214 discordiam
3054 2178 3174 2216 cum
3229 2164 3477 2225 fratribus
3531 2175 3742 2241 vestris,

2160 2249 2214 2295 et
2258 2245 2520 2300 revocatis
2572 2262 2669 2301 vos
2719 2249 2785 2302 ad
2842 2266 2967 2318 vos,
3024 2262 3077 2307 et
3130 2257 3482 2315 consideratis
3522 2277 3647 2331 vos,
3691 2273 3749 2321 et

2155 2330 2355 2399 justum
2398 2333 2655 2403 judicium
2710 2338 2863 2394 fertis
2912 2342 2964 2395 in
3012 2345 3163 2407 vos”,
3215 2346 3356 2403 intus
3397 2350 3451 2404 in
3498 2353 3748 2411 cordibus

2160 2424 2369 2490 vestris,
2399 2434 2451 2480 et
2472 2426 2721 2485 invenitis
2750 2447 2845 2487 vos
2876 2448 2982 2488 non
3005 2434 3255 2511 debuisse
3292 2440 3467 2498 facere
3490 2447 3631 2514 quod
3658 2446 3746 2504 fe-

2160 2513 2332 2578 cistis,
2367 2532 2471 2569 non
2500 2517 2749 2575 debuisse
2787 2521 2968 2579 dicere
2995 2527 3135 2594 quod
3169 2529 3408 2595 dixistis;
3461 2513 3623 2602 petite
3649 2552 3747 2592 ve-

2161 2603 2302 2658 niam
2338 2604 2530 2663 fratres
2558 2624 2588 2662 a
2616 2609 3102 2683 fratribusvestris,
3140 2619 3292 2675 facile
3322 2619 3578 2680 fratribus
3602 2627 3747 2696 quod

2159 2693 2234 2747 ait
2270 2696 2581 2764 Apostolus,
2611 2699 2869 2759 Donantes
2905 2706 3041 2761 vobis
3079 2709 3223 2779 ipsis,
3263 2713 3394 2767 sicut
3427 2725 3475 2769 et
3513 2693 3654 2772 Deus
3690 2720 3747 2773 in

2160 2780 2360 2839 Christo
2405 2788 2608 2843 donavit
2645 2793 2780 2847 vobis
2821 2793 3049 2866 (Ephes.
3084 2815 3161 2865 1v,
3202 2802 3328 2872 5,2):
3362 2804 3535 2872 facite,
3582 2810 3750 2866 nolite

2159 2882 2477 2937 erubescere
2506 2884 2714 2939 veniam
2745 2897 2927 2956 petere
2942 2888 2983 2942 ³.
3032 2890 3262 2948 Perinde
3310 2899 3559 2953 omnibus
3599 2901 3743 2970 dico,

2162 2970 2293 3023 viris
2320 2981 2374 3025 et
2417 2971 2649 3042 feminis,
2697 2979 2995 3037 minoribus
3042 2992 3096 3037 et
3143 2986 3451 3055 majoribus,
3498 2991 3647 3049 laicis
3689 3005 3774 3051 et-

2160 3060 2409 3118 clericis:
2436 3064 2558 3119 dico
2585 3076 2638 3120 et
2667 3068 2795 3122 mihi
2838 3070 2957 3139 ipsi.
3004 3072 3203 3131 Omnes
3229 3078 3524 3147 audiamus,
3555 3098 3747 3142 omnes

2158 3150 2463 3208 timeamus.
2497 3153 2552 3208 Si
2581 3159 2919 3226 peccavimus
2940 3162 2990 3216 in
3024 3164 3211 3221 fratres
3240 3179 3469 3235 nostros,
3497 3174 3543 3227 si
3570 3175 3748 3233 adhuc

2161 3241 2402 3299 inducias
2453 3246 2663 3301 vivendi
2716 3253 3059 3321 accepimus,
3119 3273 3222 3311 non
3273 3259 3394 3315 ideo
3447 3266 3743 3324 morimur:

2160 3332 2503 3403 adhuc_enim
2530 3338 2781 3407 vivimus,
2810 3344 3045 3400 nondum
3075 3346 3308 3405 damnati
3357 3367 3541 3409 sumus
3570 3374 3585 3411 :
3615 3358 3743 3414 dum

2158 3424 2408 3493 vivimus,
2454 3427 2710 3487 faciamus
2739 3434 2881 3503 quod
2918 3434 3070 3505 jubet
3098 3438 3275 3505 Pater,
3317 3445 3406 3514 qui
3453 3447 3554 3501 erit
3600 3449 3744 3505 Deus

2154 3516 2356 3587 judex;
2408 3530 2464 3576 et
2495 3533 2736 3591 petamus
2780 3528 2984 3582 veniam
3034 3546 3065 3585 a
3114 3530 3384 3603 fratribus,
3423 3553 3557 3609 quos
3601 3540 3745 3600 forte

2161 3612 2431 3676 peccando
2457 3613 2509 3666 in
2534 3630 2629 3670 eos
2653 3615 2852 3687 aliquid
2887 3619 3223 3692 offendimus,
3252 3627 3449 3698 aliquid
3480 3630 3739 3691 lmsimus.

2158 3702 2297 3760 Sunt
2343 3722 2585 3776 persona:
2632 3710 2860 3768 humiles
2902 3730 2996 3784 pro
3043 3718 3234 3774 ordine
3275 3723 3456 3777 saeculi
3502 3724 3741 3796 hujus,a

2158 3798 2350 3869 quibus
2372 3800 2418 3854 si
2465 3810 2614 3869 petas
2662 3804 2896 3878 veniam,
2929 3808 3256 3864 extolluntur
3296 3812 3348 3866 iu
3394 3816 3739 3885 superbiam:

2158 3889 2261 3947 hoc
2312 3901 2394 3947 est
2434 3894 2575 3963 quod
2614 3894 2771 3962 dico;
2825 3897 3110 3967 aliquando
3158 3903 3405 3961 dominus
3450 3920 3636 3979 peccat
3681 3913 3739 3968 in

2156 4000 2371 4039 servum
2402 4001 2557 4040 suum
2583 4004 2595 4039 :
2622 3989 2743 4057 quia
2766 3990 2865 4044 etsi
2893 3990 2982 4046 ille
3003 3993 3248 4051 dominus
3274 4008 3373 4062 est,
3403 3999 3490 4055 ille
3515 4016 3734 4065 servus:

2155 4079 2314 4133 ambo
2363 4090 2538 4135 tamen
2589 4081 2746 4137 alieni
2794 4086 2933 4139 servi
2982 4098 3124 4155 sunt,
3151 4089 3307 4158 quia‘
3350 4094 3508 4147 ambo
3534 4095 3739 4153 Christi

2154 4170 2411 4238 sanguine
2432 4172 2693 4239 redempti
2718 4182 2859 4227 sunt.
2890 4174 3088 4235 Tamen
3114 4178 3302 4234 durum
3325 4183 3529 4237 videtur
3551 4195 3606 4239 ut
3633 4186 3739 4243 hoc

2155 4261 2317 4316 etiam
2341 4262 2578 4332 jubeant,
2610 4262 2711 4319 hoc
2760 4266 3084 4337 praecipiam,
3129 4280 3186 4324 ut
3233 4272 3277 4325 si
3324 4273 3460 4329 forte
3486 4275 3739 4334 dominus

2153 4363 2339 4423 peccat
2386 4355 2439 4410 in
2488 4372 2700 4411 servum
2754 4372 2908 4412 suum
2957 4360 3152 4429 injuste
3201 4363 3487 4435 litigando,
3539 4369 3737 4439 injuste

2154 4446 2443 4514 caedendo;
2474 4449 2614 4505 dicat
2639 4450 2746 4517 ille,
2780 4451 2999 4522 Ignosce
3044 4455 3195 4522 mihi,
3222 4457 3288 4512 da
3333 4460 3461 4514 mihi
3499 4464 3733 4522 veniam.

2154 4536 2271 4593 Non
2301 4539 2423 4609 quia
2473 4555 2577 4593 non
2607 4540 2769 4596 debet
2810 4542 3007 4611 facere,
3051 4545 3145 4601 sed
3187 4562 3256 4601 ne
3284 4548 3372 4604 ille
3400 4551 3615 4622 incipiat
3644 4569 3739 4611 su-

2153 4635 2419 4704 perbire”.
2444 4636 2579 4704 Quid
2607 4639 2779 4709 ergo?
2806 4639 2944 4696 Ante
2969 4644 3155 4699 oculos
3187 4647 3274 4701 Dei
3308 4651 3559 4719 pteniteat
3583 4669 3732 4722 eum,

2153 4734 2277 4779 ante
2316 4727 2500 4781 oculos
2546 4728 2638 4783 Dei
2687 4730 2871 4799 puniat
2912 4747 3006 4787 cor
3046 4751 3237 4791 suum:
3267 4748 3320 4793 et
3348 4741 3393 4795 si
3421 4758 3526 4797 non
3557 4755 3737 4813 potest

2154 4830 2312 4872 servo
2360 4818 2558 4886 dicere,
2606 4821 2730 4891 quia
2776 4839 2881 4877 non
2926 4835 3154 4894 oportet,
3188 4827 3260 4883 Da
3308 4830 3436 4886 mihi
3482 4835 3731 4904 veniam;

2151 4906 2344 4964 blande
2371 4910 2519 4964 illum
2548 4911 2865 4982 alloquatur.
2893 4913 3090 4971 Blanda
3125 4917 3266 4974 enim
3304 4923 3605 4993 appellatio,
3638 4941 3735 4982 ve-

2148 5002 2251 5056 nim
2276 5012 2358 5057 est
2386 5002 2693 5072 postulatio.

2220 5092 2445 5150 CAPUT
2472 5094 2556 5149 Vl.
2585 5125 2655 5135 —
2683 5097 2737 5152 5.
2788 5096 3000 5153 Nolenti
3030 5113 3195 5170 petere
3234 5107 3451 5169 veniam,
3480 5113 3733 5178 quomodo

2149 5185 2507 5257 ignoscendum
2555 5202 2618 5241 ea:
2663 5189 2851 5243 animo.
2904 5190 3088 5247 Restat
3136 5205 3193 5248 ut
3240 5212 3334 5251 eos
3381 5199 3640 5270 alloquar,
3678 5205 3731 5259 in

2209 5381 2228 5455 ξ
2252 5387 2327 5430 Er.
2352 5380 2647 5455 Lugdven.
2667 5395 2682 5433 :
2702 5381 2751 5454 si
2778 5383 3021 5455 abundant
3044 5386 3187 5439 verba
3206 5388 3313 5440 ista.
3360 5400 3415 5441 tt.

2205 5446 2227 5478 ³
2250 5451 2351 5493 Am.
2376 5450 2449 5492 Er.
2476 5450 2529 5492 et
2550 5451 2674 5502 Msa
2698 5445 2749 5494 in
2769 5445 2912 5496 vobis.

2206 5508 2353 5572 fusa.
2378 5518 2474 5572 non
2495 5506 2692 5572 habent,
2711 5508 2899 5572 patiam
2916 5515 3091 5572 petere.

2204 5570 2336 5641 ιιιίρ
2351 5567 2478 5641 apud
2500 5574 2610 5620 Lov.
2636 5567 2840 5631 additur,
2863 5567 3000 5622 aritbo
3016 5571 3299 5638 christiani;
3318 5578 3448 5641 quod
3479 5590 3509 5629 a
3528 5584 3727 5635 caeteris

2200 5695 2224 5727 ³
2249 5699 2399 5804 East
2418 5700 2528 5743 [λον.
2552 5692 2751 5755 addunt,
2772 5692 3196 5760 sipteniteateum.
3223 5700 3271 5751 td
3294 5714 3391 5753 non
3411 5703 3594 5756 habent
3613 5718 3722 5759 tua-

2200 5767 2335 5804 ιεαιι)
2376 5790 2389 5803 .

2141 5767 2389 5818 ιυεαιρυ.
