4070 6330
349 291 488 348 1057

349 421 483 476 quos
509 402 601 457 alii
631 406 1008 471 peccaverunt,
1037 406 1092 453 et
1119 396 1192 452 illi
1223 396 1310 466 qui
1338 394 1390 450 in
1420 407 1513 448 cos
1547 394 1926 462 peccaverunt,

349 496 557 550 veniam
589 503 769 562 petere
802 491 1107 546 noluerunt.
1144 487 1266 542 Illos
1313 485 1456 540 enim
1496 483 1605 554 jam
1633 496 1751 537 sum
1799 479 1929 534 allo-

349 599 521 649 cutus,
555 585 645 654 qui
688 583 989 655 petentibus
1040 581 1244 634 veniam
1289 577 1536 632 fratribus
1574 575 1700 630 dare
1751 571 1934 626 nolue-

348 689 490 734 runt.
530 677 683 732 Nunc
709 691 834 746 ergo
861 689 981 729 cum
1011 673 1253 742 alloquor
1298 684 1390 724 vos
1439 683 1646 732 omnes,
1678 663 1929 736 quoniam

349 769 464 823 dies
509 768 678 823 sancti
722 775 865 830 sunt,
906 781 974 820 ne
1019 763 1301 819 discordiae
1344 771 1537 816 vestrae
1583 764 1930 822 remaneant;

348 862 509 917 credo
536 862 659 931 quia
689 860 964 930 cogitastis
1014 858 1176 927 aliqui
1222 857 1272 911 in
1305 855 1556 911 cordibus
1602 850 1814 913 vestris,
1842 848 1932 918 qui

350 954 498 1010 scitis
523 968 620 1008 vos
648 969 768 1007 cum
799 951 1048 1005 fratribus
1074 950 1265 1004 vestris
1289 948 1493 1017 aliquas
1520 944 1717 998 habere
1734 943 1938 996 discor-

349 1047 486 1112 dias,
517 1058 570 1101 et
616 1043 892 1100 invenistis
917 1043 1058 1112 quod
1096 1056 1200 1096 non
1231 1040 1330 1110 ipsi
1356 1054 1451 1093 vos
1481 1038 1532 1091 in
1558 1050 1654 1091 eos
1677 1046 1936 1103 peccave-

349 1139 485 1201 ritis,
511 1136 608 1192 sed
637 1137 711 1190 illi
740 1134 794 1189 in
833 1149 950 1188 vos.
997 1131 1109 1186 Etsi
1155 1146 1260 1184 non
1288 1127 1449 1184 modo
1478 1124 1608 1179 mihi
1633 1119 1932 1192 loquimini,

349 1233 472 1301 quia
501 1244 680 1285 meum
707 1237 788 1283 est
830 1227 974 1298 loqui
1007 1226 1058 1278 in
1087 1225 1189 1277 hoc
1219 1223 1358 1288 loco,
1386 1227 1624 1275 vestrum
1654 1224 1831 1269 autem
1859 1224 1940 1267 ta-

350 1338 476 1376 cere
503 1332 557 1376 et
581 1320 802 1382 audire;
835 1327 1016 1372 tamen
1063 1315 1201 1369 forte
1229 1311 1535 1382 cogitando
1556 1307 1852 1378 loquimini,
1885 1313 1939 1362 et

351 1414 528 1468 dicitis
558 1411 730 1476 vobis,
762 1409 896 1465 Volo
917 1407 1267 1470 concordare,
1292 1404 1385 1458 sed
1429 1403 1518 1457 ille
1554 1417 1640 1455 me
1667 1399 1824 1464 lmsit,
1847 1397 1939 1452 ille

333 1507 408 1570 ,in
438 1523 523 1561 me
551 1505 810 1576 peccavit,
842 1513 897 1558 et
940 1517 1044 1556 non
1085 1500 1198 1553 vult
1237 1497 1444 1552 veniam
1476 1494 1766 1566 postulare.
1801 1490 1936 1557 Quid

333 1589 518 1670 Eergo?
556 1600 797 1653 dicturus
843 1612 982 1661 sum,
1016 1594 1163 1648 Vade
1205 1593 1268 1646 ad
1299 1592 1468 1656 illum,
1499 1598 1551 1644 et
1599 1598 1654 1642 tu
1692 1595 1815 1656 pete
1843 1599 1938 1639 ve-

355 1639 512 1670 μεν.
556 1639 797 1653 ............,
843 1639 982 1661 .......,
1035 1639 1162 1648 ,ην
1503 1639 1549 1644 -_
1603 1639 1654 1642 Ὗ
1694 1639 1708 1656 ,
1738 1639 1750 1641 ἡ
1799 1639 1805 1640 ,

323 1639 544 1744 Iniatn?
586 1691 758 1744 Absit.
807 1689 939 1742 Nolo
987 1685 1263 1741 mentiaris
1293 1701 1304 1736 :
1338 1683 1463 1737 nolo
1509 1681 1675 1746 dicas,
1709 1679 1781 1732 Da
1810 1675 1941 1730 mihi

354 1782 584 1845 veniam,
617 1780 705 1848 qui
748 1789 799 1833 te
827 1779 966 1832 nosti
1009 1793 1112 1829 non
1150 1788 1401 1845 peccasse
1433 1773 1483 1825 in
1522 1771 1738 1824 fratrem
1766 1778 1937 1822 tuum.

356 1871 490 1939 Quid
520 1871 660 1946 enim
692 1871 782 1924 tibi
813 1869 1048 1939 prodest,
1070 1882 1189 1922 cum
1218 1875 1272 1919 tu
1299 1864 1463 1918 fueris
1487 1872 1607 1916 tuus
1627 1859 1942 1916 accusator?

358 1965 501 2030 Quid
554 1975 771 2032 expetas
812 1962 904 2016 tibi
944 1960 1166 2030 ignosci,
1199 1959 1266 2011 ab
1301 1972 1366 2010 eo
1400 1971 1558 2025 quem
1589 1970 1693 2007 non
1737 1950 1940 2017 laesisti,

354 2055 523 2110 autin
551 2070 707 2123 quem
745 2068 850 2107 non
898 2049 1166 2120 peccasti?
1210 2048 1346 2102 Nihil
1382 2047 1472 2100 tibi
1524 2045 1773 2115 prodest,
1816 2041 1944 2097 nolo

355 2148 514 2202 facias
549 2166 561 2201 :
594 2147 754 2211 nosti,
801 2145 938 2199 bene
966 2141 1285 2202 discussisti,
1317 2140 1422 2192 scis
1453 2139 1575 2207 quia
1627 2137 1678 2189 in
1725 2142 1778 2188 te
1818 2148 1946 2204 pec-

357 2242 513 2304 cavit,
546 2255 650 2292 non
681 2247 736 2291 tu
763 2238 814 2290 in
843 2236 1011 2288 illum.
1041 2234 1184 2297 Scio,
1214 2231 1401 2301 inquit.
1430 2229 1484 2283 ln
1516 2231 1612 2282 ista
1639 2235 1747 2281 tuta
1773 2227 1946 2279 scien-

361 2331 451 2392 tia,
477 2329 546 2383 sit
576 2337 659 2381 tua
686 2325 1067 2381 conscientia‘.
1106 2322 1225 2377 Noli
1249 2321 1431 2374 venire
1459 2319 1521 2373 ad
1554 2319 1771 2372 fratrem
1796 2325 1943 2369 tuum

358 2425 447 2495 qui
486 2425 539 2478 in
579 2431 630 2476 te
672 2420 929 2491 peccavit,
970 2425 1025 2472 et
1065 2417 1205 2470 ultro
1251 2415 1317 2468 ab
1365 2414 1454 2467 illo
1493 2422 1674 2482 petere
1709 2409 1940 2463 veniam.

358 2518 565 2573 Debent
594 2515 732 2569 inter
768 2528 861 2566 vos
889 2525 1008 2566 esse
1047 2509 1132 2562 alii
1182 2505 1404 2577 pacifici,
1443 2505 1531 2574 qui
1578 2503 1726 2556 illum
1758 2501 1944 2570 objur-

359 2617 507 2679 gent,
537 2614 595 2661 ut
631 2615 740 2660 ate
770 2603 915 2674 prius
952 2601 1158 2656 veniam
1197 2606 1383 2668 petat:
1418 2605 1472 2650 tu
1503 2605 1703 2649 tantum
1729 2602 1944 2662 paratus

359 2711 478 2756 esto
507 2700 802 2771 ignoscere,
846 2710 1064 2765 prorsus
1092 2701 1308 2763 paratus
1338 2700 1454 2744 esto
1481 2705 1545 2742 cx
1572 2687 1733 2742 corde
1767 2686 1947 2738 dimit-

360 2802 492 2848 tere.
533 2792 590 2847 Si
636 2797 850 2860 paratus
897 2802 956 2841 es
991 2785 1279 2850 dimittere,
1321 2781 1429 2851 jam
1469 2778 1736 2834 dimisisti.
1771 2777 1946 2830 Habes

359 2884 534 2939 adhuc
558 2881 699 2954 quod
726 2895 848 2935 ores
873 2896 885 2931 :
915 2893 1008 2932 ora
1041 2892 1137 2946 pro
1164 2876 1275 2940 illo,
1307 2884 1362 2928 ut
1390 2882 1534 2942 petat
1563 2888 1591 2925 a
1624 2880 1674 2926 te
1697 2871 1942 2935 veniam;

363 2976 484 3046 quia
514 2975 616 3030 scis
646 2973 696 3028 el
736 2987 932 3027 nocere
960 2971 1004 3024 si
1036 2985 1142 3022 non
1184 2977 1344 3036 petat,
1375 2982 1466 3021 ora
1498 2982 1596 3036 pro
1638 2965 1729 3019 illo
1758 2974 1817 3018 ut
1845 2979 1943 3034 pa-

365 3077 458 3121 tat.
501 3065 595 3119 Dic
645 3063 870 3117 Domino
901 3062 952 3115 in
999 3061 1240 3113 oratione
1288 3068 1375 3111 tua
1406 3075 1418 3111 :
1453 3056 1696 3119 Domine,
1725 3057 1829 3110 scis
1860 3070 1945 3110 me

363 3174 468 3213 non
497 3171 747 3227 peccasse
784 3155 837 3208 in
879 3154 1025 3209 illum
1065 3152 1280 3205 fratrem
1309 3165 1508 3212 meum,
1550 3148 1646 3204 sed
1674 3149 1820 3203 illum
1852 3162 1946 3216 po-

362 3250 468 3303 tius
490 3261 744 3318 peccasse
764 3247 816 3300 in
838 3259 945 3309 me,
960 3253 1015 3298 et
1031 3244 1218 3299 obesse
1241 3242 1316 3295 illi
1341 3241 1478 3311 quod
1507 3241 1744 3310 peccavit
1762 3239 1813 3293 in
1837 3255 1944 3306 me,

362 3341 408 3394 si
442 3340 652 3394 veniam
686 3353 791 3391 non
826 3344 970 3406 petat
995 3350 1024 3388 a
1067 3349 1188 3400 me;
1221 3349 1320 3404 ego
1348 3333 1489 3387 bono
1529 3333 1708 3386 animo
1741 3338 1863 3400 peto
1891 3340 1949 3386 ut

366 3431 612 3500 ignoscas
639 3430 709 3484 ei.

432 3519 656 3577 CAPUT
693 3516 960 3573 Vll.—6.
988 3515 1211 3583 Offensa:
1251 3516 1502 3568 donanda?
1539 3515 1768 3585 exemplo
1800 3513 1949 3568 Chri-

363 3615 445 3666 sti.
493 3614 631 3665 Ecce
678 3610 786 3663 dixi
838 3609 988 3663 vobis
1033 3607 1177 3677 quod
1230 3608 1459 3659 maxime
1513 3622 1606 3675 per
1652 3607 1782 3659 istos
1832 3606 1946 3660 dies

361 3703 686 3772 jejuniorum
743 3709 1080 3765 vestrorum,
1141 3698 1568 3752 Observationum
1627 3706 1945 3760 vestrarum,

365 3795 706 3849 continentiae
759 3802 987 3856 vestrae,
1053 3804 1264 3844 mecum
1326 3803 1486 3857 agerc
1551 3788 1824 3849 debeatis,
1895 3795 1950 3840 ut

365 3901 485 3942 cum
541 3884 789 3939 fratribus
839 3883 1030 3938 vestris
1069 3880 1426 3935 concordetis.
1459 3879 1728 3933 Gaudeam
1759 3888 1813 3932 et
1851 3894 1950 3947 ego

364 3979 430 4033 de
482 3993 612 4048 pace
656 3984 854 4042 vestra,
893 3975 981 4044 qui
1028 3975 1317 4028 contristor
1354 3973 1536 4026 litibus
1587 3972 1781 4027 vestris
1829 3989 1841 4025 :
1894 3980 1951 4024 ut

365 4086 552 4125 omnes
577 4068 835 4124 donantes
861 4066 1274 4134 vobismetipsis,
1298 4064 1341 4117 si
1369 4066 1486 4132 quis
1521 4063 1677 4117 habet
1696 4063 1950 4117 adversus

364 4163 589 4230 aliquem
619 4159 913 4230 querelam,
947 4157 1119 4211 securi
1154 4170 1371 4225 agamus
1411 4153 1634 4220 Pascha,
1664 4154 1836 4208 securi
1863 4168 1952 4208 ce-

365 4254 633 4309 lebremus
658 4253 774 4319 ejus
803 4250 1126 4319 passionem,
1155 4248 1242 4316 qui
1272 4246 1406 4300 nihil
1433 4246 1676 4315 cuiquam
1702 4244 1948 4312 debebat,

366 4355 418 4401 et
456 4345 686 4417 pretium
733 4357 828 4412 pro
855 4340 1172 4395 debentibus
1214 4337 1415 4392 solvit:
1448 4337 1726 4390 Dominum
1767 4336 1949 4390 Jesum

368 4439 640 4494 Christum
668 4436 809 4500 dico,
833 4435 922 4503 qui
955 4435 1005 4486 in
1035 4433 1299 4486 neminem
1333 4429 1590 4499 peccavit,
1621 4438 1674 4484 et
1709 4445 1871 4498 prope
1896 4429 1950 4482 in

367 4532 514 4586 illum
542 4529 716 4584 omnis
757 4525 984 4580 mundus
1010 4524 1284 4593 peccavit;
1327 4537 1425 4576 nec
1453 4521 1627 4591 exegit
1670 4521 1950 4590 supplicia,

367 4622 460 4677 sed
495 4620 740 4690 promisit
763 4617 1000 4687 przemia.
1039 4615 1307 4670 Habemus
1331 4631 1457 4685 ergo
1483 4616 1653 4684 ipsum
1685 4623 1873 4669 testem
1899 4614 1951 4668 in

367 4717 620 4773 cordibus
650 4715 867 4776 nostris,
898 4713 1018 4782 quia
1043 4712 1086 4764 si
1117 4712 1167 4764 in
1191 4711 1416 4779 aliquem
1450 4711 1804 4779 peccavimus,
1828 4723 1954 4764 vero

371 4809 534 4864 corde
562 4807 770 4861 veniam
798 4805 1158 4875 postulemus;
1199 4801 1246 4856 si
1269 4803 1459 4871 aliquis
1489 4803 1540 4855 in
1575 4818 1670 4855 nos
1691 4803 1951 4871 peccavit,

370 4903 583 4957 veniam
609 4901 737 4954 dare
757 4898 922 4967 parati
945 4898 1131 4960 simus,
1165 4903 1219 4949 et
1249 4909 1342 4962 pro
1374 4895 1600 4948 inimicis
1621 4895 1816 4950 nostris
1837 4909 1954 4949 ore-

372 5011 512 5050 mus.
538 4992 655 5047 Non
685 4999 1053 5060 exspectemus
1099 4987 1375 5051 vindicari,
1418 4985 1629 5040 fratres.
1670 4985 1807 5052 Quid
1850 4994 1952 5054 est,

371 5085 654 5150 vindicari,
686 5083 785 5136 nisi
817 5081 956 5134 malo
984 5079 1158 5133 alieno
1203 5078 1382 5146 pasci?
1423 5077 1544 5132 Scio
1589 5077 1824 5147 quotidie
1869 5091 1958 5132 ve-

368 5180 488 5234 nire
505 5175 769 5240 homines,
788 5186 960 5243 genua
981 5170 1166 5240 ﬁgere,
1187 5169 1412 5224 frontem
1437 5177 1596 5222 terrte
1613 5179 1895 5223 concutere
1907 5169 1950 5233 ²,

374 5268 666 5339 aliquando
710 5259 913 5320 vultum
959 5278 1114 5317 suum
1154 5262 1404 5332 lacrymis
1430 5261 1633 5330 rigare;
1680 5271 1733 5314 et
1760 5260 1812 5314 in
1857 5259 1957 5314 ista

438 5447 456 5478 ί
483 5446 672 5512 Aliquot.
700 5455 828 5508 Mss,
871 5453 956 5512 tua
1006 5443 1223 5512 scientia.
1259 5450 1401 5512 Forte
1439 5455 1538 5512 non
1562 5443 1723 5512 male,
1762 5443 1804 5491 si
1851 5449 1960 5512 post

373 5506 646 5580 legam.th
667 5515 769 5580 tuta
792 5506 1334 5580 conscientia..Porro_in
1358 5506 1504 5580 [tegio
1622 5507 1848 5580 habetur,
1864 5511 1958 5578 Ista

374 5566 458 5622 tua
476 5566 673 5623 scientia
695 5569 755 5621 sit
797 5578 880 5621 tua
914 5569 1162 5622 sententia.
1181 5575 1331 5630 -—rt-‘.r.
1364 5566 1512 5630 Lugd.
1553 5575 1690 5627 Ven.,
1716 5566 1865 5629 Scito,
1885 5567 1961 5619 in-

373 5645 538 5695 quam,
561 5635 613 5684 in
635 5640 717 5684 tua
737 5634 952 5694 scientia,
979 5633 1171 5695 scitum
1191 5629 1416 5695 δσὶεηιὶα.⁸
1440 5629 1448 5630 “
1468 5635 1526 5695 at.

441 5699 460 5728 ⁸
485 5690 558 5745 sic
580 5690 947 5760 Amanusertptiﬁ
973 5694 1090 5744 Editi
1134 5707 1268 5754 vero,
1311 5690 1471 5744 uenire
1515 5690 1769 5754 hominem,
1807 5705 1962 5757 genua

380 5753 544 5822 ﬁgere,
564 5757 719 5822 fronte
739 5753 920 5811 terram
939 5762 1202 5809 concutere.

1743 273 1975 332 SERMO
2009 274 2213 331 CCXII.

3481 268 3618 326 1068

2043 394 2185 441 tanta
2241 385 2536 440 humilitate
2582 398 2645 440 ac
2680 383 3084 456 perturbatione
3105 382 3327 439 dicere:
3374 381 3620 446 Domine,

2037 477 2247 534 vindica
2291 493 2398 542 me,
2428 477 2613 533 occide
2641 477 2912 532 inimicum
2953 491 3154 532 meum.
3201 475 3364 530 Plane
3412 488 3527 539 ora,
3567 482 3625 528 ut

2038 569 2246 624 occidat
2273 569 2547 624 inimicum
2574 579 2741 634 tuum,
2767 579 2818 624 et
2840 569 3016 624 salvet
3055 567 3273 623 fratrem
3302 575 3449 622 tuum
3479 581 3494 618 :
3527 579 3623 620 oc-

2038 659 2180 716 cidat
2207 660 2530 728 inimicitias,
2557 661 2728 717 salvet
2752 671 3015 716 naturam.
3041 659 3131 716 Sic
3154 674 3271 725 ora,
3301 667 3359 714 ut
3380 657 3622 714 vindicet

2038 759 2093 809 te
2132 753 2273 808 Deus
2303 771 2315 806 :
2346 762 2533 824 pereat
2559 754 2649 824 qui
2695 763 2750 810 te
2790 753 3230 824 persequebatur,
3274 750 3370 808 sed
3411 755 3626 806 maneat

2038 845 2130 917 qui
2155 846 2251 901 tibi
2278 845 2553 902 reddatur.

2531 959 2759 1051 sentio
2784 958 2965 1016 ccxu
2987 961 3028 1013 ο.
3055 956 3133 1030 (α)

2531 1077 2584 1121 tn
2603 1071 2865 1122 traditione
2885 1067 3112 1136 Symboli,
3133 1083 3169 1120 ι.

2041 1174 2198 1232 Feria
2207 1175 2426 1231 secunda
2437 1182 2546 1247 post
2560 1174 2708 1228 Domi
2711 1174 2872 1228 m'cam
2883 1174 3106 1243 quintam
3119 1171 3602 1246 Quadragesimﬂb)
3609 1212 3623 1226 .

2115 1292 2167 1346 1.
2201 1289 2498 1362 Symbolum
2549 1287 2680 1343 unde
2718 1286 2926 1341 dictum.
2983 1284 3214 1355 Tempus
3260 1295 3343 1340 est
3381 1293 3439 1340 ut
3464 1283 3625 1356 Sym-

2042 1382 2222 1438 bolum
2275 1381 2577 1450 accipiatis,
2642 1393 2748 1449 quo
2813 1377 3119 1432 continetur
3176 1376 3442 1441 breviter,
3504 1388 3628 1444 pro-

2044 1485 2164 1545 pter
2210 1483 2460 1528 :eternam
2525 1471 2750 1526 salutem
2777 1511 2792 1537 ,
2835 1483 2997 1524 omne
3033 1467 3172 1538 quod
3198 1466 3430 1522 creditis.
3464 1464 3626 1537 Sym-

2044 1564 2223 1618 bolum
2288 1573 2463 1617 autem
2512 1569 2846 1631 nuncupatur
2881 1575 2911 1613 a
2966 1557 3309 1614 similitudine
3365 1557 3628 1626 quadam,

2047 1656 2300 1711 translato
2346 1653 2639 1720 vocabulo;
2689 1653 2808 1722 quia
2836 1651 3134 1723 symbolum
3167 1649 3304 1704 inter
3334 1663 3393 1703 se
3433 1649 3631 1702 faciunt

2046 1755 2389 1809 mercatores,
2418 1759 2524 1814 quo
2565 1758 2749 1797 eorum
2795 1742 3020 1796 societas
3068 1749 3224 1812 pacto
3276 1739 3399 1793 ﬁdei
3447 1747 3630 1794 teneao

2047 1845 2150 1893 tur.
2205 1837 2273 1892 Et
2336 1847 2510 1892 vestra
2552 1835 2779 1890 societas
2827 1842 2908 1889 est
2962 1832 3340 1888 commercium
3393 1831 3632 1901 Spiritua-

2047 1930 2199 1997 lium,
2229 1937 2285 1982 ut
2309 1929 2509 1982 similes
2546 1927 2664 1982 sitis
2693 1925 3109 1995 negotiatoribus
3132 1925 3325 1979 bonam
3377 1923 3632 1993 margari-

2051 2030 2156 2075 tam
2196 2019 2590 2090 qurerentibus(
2615 2017 2801 2071 Matth.
2831 2031 2940 2078 χιιι,
2962 2016 3032 2070 45
3058 2015 3098 2087 ).
3125 2014 3248 2070 Haec
3275 2023 3354 2069 est
3379 2014 3626 2080 charitas,

2049 2129 2168 2182 quae
2199 2111 2524 2167 dill‘undetur
2552 2112 2603 2163 in
2635 2109 2884 2164 cordibus
2913 2108 3101 2163 vestris
3121 2123 3216 2177 per
3236 2107 3490 2176 Spiritum
3512 2123 3632 2163 san-

2052 2215 2215 2270 ctum,
2246 2204 2336 2273 qui
2384 2204 2598 2258 dabitur
2615 2203 2766 2256 vobis
2798 2200 2817 2272 (
2844 2202 2994 2256 Rom.
3017 2217 3070 2266 v,
3093 2201 3126 2255 5
3150 2198 3191 2272 ).
3221 2201 3302 2255 Ad
3347 2201 3486 2256 hanc
3513 2217 3634 2271 per-

2051 2297 2260 2375 vcnitur
2281 2312 2347 2350 ex
2369 2295 2493 2361 tide,
2513 2309 2632 2363 quae
2658 2293 2759 2348 isto
2783 2291 3037 2364 Symbolo
3062 2292 3363 2346 continetur
3391 2310 3404 2346 :
3439 2302 3497 2345 ut
3518 2307 3634 2346 cre-

2051 2391 2187 2446 datis
2240 2391 2290 2443 in
2344 2389 2507 2442 Deum
2561 2387 2770 2440 Patrem
2817 2386 3258 2457 omnipotentem,
3291 2385 3630 2453 invisibilem,

2051 2481 2429 2546 immortalem,
2461 2495 2641 2549 regem
2681 2477 3020 2541 steculorum,
3051 2477 3333 2532 visibilium
3361 2486 3415 2532 et
3453 2478 3636 2532 invisi-

2052 2573 2235 2628 biliuin
2258 2581 2550 2626 creatorem
2577 2587 2590 2632 ;
2639 2576 2696 2624 et
2721 2567 2973 2638 quidquid
3001 2567 3146 2621 aliud
3169 2567 3327 2636 digne
3344 2567 3411 2622 de
3434 2567 3524 2622 illo
3547 2567 3633 2622 vel

2051 2667 2186 2720 ratio
2204 2665 2432 2729 sincera,
2455 2663 2538 2717 vel
2559 2661 2848 2730 Scriptura:
2861 2666 3057 2713 sanctae
3074 2653 3362 2713 auctoritas
3377 2658 3631 2727 loquitur.

2051 2758 2158 2814 Nec
2189 2757 2255 2811 ab
2282 2759 2380 2811 ista
2424 2754 2734 2810 excellentia
2785 2751 2878 2807 Dei
2906 2738 3119 2805 Filium.
3145 2750 3424 2821 separetis.
3453 2749 3637 2819 Neque

2051 2853 2194 2906 enim
2224 2849 2302 2904 sic
2330 2850 2426 2902 ista
2447 2847 2514 2901 de
2540 2847 2695 2901 Patre
2724 2845 2992 2909 dicuntur,
3033 2852 3091 2896 ut
3119 2842 3186 2896 ab
3228 2841 3318 2897 illo
3338 2843 3508 2896 aliena
3530 2842 3638 2895 sint

2051 2945 2140 3012 qui
2187 2943 2338 3004 dixit,
2374 2940 2484 3010 Ego
2531 2948 2576 2992 et
2606 2937 2764 2990 Pater
2788 2953 2945 2990 unum
2988 2951 3160 2988 sumus
3181 2932 3201 3007 (
3226 2933 3452 2999 Joan.x,
3480 2932 3587 3006 50)
3619 2951 3632 2988 :

2052 3045 2104 3089 et
2133 3034 2198 3087 de
2225 3047 2330 3102 quo
2360 3030 2648 3099 Apostolus
2674 3029 2768 3094 ait,
2800 3027 2897 3092 Qui
2927 3043 3039 3080 cum
3089 3027 3143 3079 in
3174 3029 3337 3097 forma
3365 3025 3463 3080 Dei
3488 3036 3634 3094 esset,

2053 3146 2153 3183 non
2179 3128 2417 3197 rapinam
2458 3123 2731 3176 arbitratus
2761 3130 2832 3175 est
2858 3137 2962 3174 esse
2989 3119 3198 3189 (aqualis
3234 3118 3344 3173 Deo
3371 3117 3634 3191 (Philipp.

2053 3227 2162 3287 n,ti
2187 3222 2225 3291 ).
2281 3219 2481 3288 Rapina
2529 3216 2724 3285 quippe
2751 3212 3024 3282 usurpatio
3052 3219 3134 3266 est
3155 3212 3311 3267 alieni
3347 3229 3358 3264 :
3390 3228 3508 3266 cum
3552 3212 3637 3265 illa

2051 3312 2328 3382 aequalitas
2350 3319 2534 3363 natura
2578 3308 2666 3360 sit.
2699 3307 2776 3360 Ac
2817 3321 2914 3375 per
2964 3305 3066 3360 hoc
3097 3303 3365 3374 quomodo
3408 3319 3511 3359 non
3538 3306 3640 3360 erit

2052 3405 2388 3472 omnipotens
2420 3401 2602 3464 Filius,
2652 3414 2746 3468 per
2774 3413 2932 3467 quem
2957 3396 3091 3450 facta
3119 3405 3241 3450 sunt
3262 3397 3473 3462 omnia;
3516 3413 3638 3452 cum

2054 3497 2213 3552 etiam
2246 3495 2315 3547 sit
2357 3492 2538 3545 Virtus
2573 3497 2628 3543 et
2672 3486 2940 3557 Sapientia
2988 3486 3123 3554 Dei(
3154 3485 3172 3539 Ι
3199 3484 3384 3548 Cat-.1,
3413 3485 3484 3540 24
3506 3486 3548 3557 ),
3571 3487 3639 3542 de

2055 3605 2157 3658 qua
2187 3586 2443 3655 scriptum
2464 3591 2564 3645 est,
2588 3580 2728 3651 quod
2755 3596 2868 3633 cum
2883 3579 2948 3633 ait
2969 3595 3088 3644 una,
3107 3579 3277 3631 omnia
3299 3588 3458 3648 potest
3480 3579 3635 3650 (Sap.

2054 3697 2147 3744 vn,
2170 3677 2237 3731 27
2261 3676 2426 3746 )?Est
2443 3683 2618 3728 autem
2641 3672 2796 3726 etiam
2824 3681 3013 3724 natura
3038 3669 3335 3735 invisibilis,
3364 3669 3415 3723 in
3434 3685 3495 3724 ea
3525 3671 3638 3740 ipsa

2055 3773 2246 3839 forma,
2275 3772 2326 3824 in
2354 3785 2454 3839 qua
2485 3767 2703 3837 aequalis
2729 3773 2811 3818 est
2847 3763 3012 3817 Patri.
3046 3761 3242 3816 Natura
3273 3764 3468 3833 quippe
3496 3763 3636 3816 invi-

2056 3864 2208 3918 sibile
2233 3871 2314 3916 est
2338 3859 2568 3912 Verbum
2590 3856 2704 3920 Dei,
2728 3852 2869 3924 quod
2897 3853 2950 3907 in
2967 3851 3225 3922 principio
3250 3861 3383 3915 erat,
3417 3861 3472 3906 et
3499 3855 3637 3908 Deus

2057 3953 2212 4026 erat(
2237 3952 2392 4008 Joan.
2422 3966 2460 4017 ι,
2493 3949 2547 4015 '5,
2572 3949 2597 4003 1
2631 3947 2685 4020 ):
2715 3946 2768 4000 in
2793 3960 2894 4015 qua
2909 3954 3092 3998 natura
3125 3945 3284 3998 etiam
3312 3944 3634 3998 inunortalis

2118 4129 2139 4150 *
2164 4127 2453 4178 Emendatus
2475 4123 2533 4173 ad
2556 4122 2619 4173 cl.
2642 4136 2686 4172 r.
2713 4136 2759 4171 v.
2784 4127 2893 4171 Lov.

2141 4213 2191 4270 (ι)
2209 4211 2349 4270 Alias,
2370 4210 2434 4258 de
2455 4208 2668 4270 Diversis
2687 4206 2767 4270 75.

2141 4266 2191 4330 b3
2228 4275 2302 4325 sic
2337 4266 2618 4324 inscribitur
2657 4269 2736 4317 hic
2768 4279 2930 4316 sermo
2961 4266 3088 4330 apud
3116 4267 3454 4330 lm'anienses.
3501 4277 3555 4321 At
3593 4274 3639 4322 in

2054 4329 2293 4388 Victorino
2328 4343 2406 4381 Ms.
2455 4339 2663 4390 notatur,
2696 4348 2718 4376 et
2755 4330 3007 4392 Dominica
3028 4330 3076 4378 in
3111 4329 3258 4392 ramis
3293 4329 3632 4392 palmarum”

2056 4407 2106 4448 ln
2131 4398 2292 4460 ltegio,
2327 4414 2348 4441 α
2370 4395 2506 4443 Feria
2527 4392 2739 4460 secunda
2763 4397 2962 4460 :_»_post_
2998 4391 3149 4460 ipsam
3185 4391 3412 4460 videlicet
3432 4391 3639 4460 nondui-

2056 4475 2160 4511 cam
2195 4453 2484 4521 palmarum;
2511 4453 2918 4521 quandoquidem
2950 4453 3029 4502 isti
3073 4453 3327 4521 Dominlea:
3369 4456 3640 4516 assignatur

2057 4514 2220 4572 Sermo
2241 4520 2325 4580 qui
2355 4514 2487 4580 hunc
2507 4514 2564 4565 in
2583 4514 2756 4580 eodeni
2793 4514 2958 4580 codice
2982 4515 3244 4580 antecedit.
3282 4514 3502 4580 't‘estatur
3537 4521 3641 4580 qui-

2056 4584 2170 4634 dem
2189 4575 2396 4631 lsidorus
2413 4581 2461 4628 in
2475 4578 2600 4628 libro
2623 4578 2644 4625 1
2672 4576 2736 4639 de
2756 4577 2833 4639 0f.
2853 4575 2975 4625 Eccl.
2991 4589 3100 4639 cap.
3122 4576 3200 4636 27,
3220 4575 3489 4639 Symbolum
3510 4575 3640 4629 Com-

2058 4645 2341 4708 petentibus
2373 4641 2493 4691 tradi
2522 4640 2618 4708 _die
2662 4637 2896 4687 dominia!
2930 4637 3193 4708 palmarum
3229 4637 3365 4686 :‘sed
3401 4652 3492 4687 non
3535 4651 3641 4708 erat

2058 4701 2376 4756 Ecclesiarum
2405 4702 2620 4752 omnium
2655 4712 2752 4749 una
2777 4708 2827 4751 et
2853 4707 3079 4749 constans
3114 4701 3296 4761 ubique
3320 4703 3635 4753 consuetudo.

2057 4776 2171 4817 Nam
2194 4780 2256 4816 ex
2280 4766 2468 4815 Ordinis
2492 4764 2679 4812 Romani
2705 4763 2999 4825 praescripto,
3023 4759 3293 4825 symbolum
3322 4762 3445 4825 feria
3468 4773 3639 4825 quarta

2057 4823 2740 4889 hebdouiadaequartaasimul
2771 4836 2880 4872 cum
2909 4823 3135 4889 'oratiOue
3157 4823 3390 4889 dominica
3414 4823 3639 4889 tradeba-

2058 4899 2156 4950 tur,
2177 4884 2478 4950 reddendtipm
2501 4887 2700 4936 sabbato
2725 4893 2888 4934 sancto
2906 4885 3120 4950 Raschte;
3139 4884 3471 4950 eumdemque
3494 4888 3640 4950 ritum

2058 4944 2289 5002 describit
2312 4948 2573 4998 Amalarius
2594 4954 2891 5006 Fortunatus,
2928 4944 3049 5008 libro
3062 4946 3096 5008 _i
3123 4944 3188 4993 de
3221 4946 3347 5008 offic.
3385 4944 3488 5008 cap.
3515 4948 3560 4997 8.
3590 4957 3639 5000 In

2059 5013 2213 5062 Africa
2250 5025 2383 5070 vero,
2408 5017 2554 5061 aetate
2593 5009 2864 5072 Augustini,
2891 5005 3094 5072 Symboli
3115 5007 3319 5072 seorsim
3342 5005 3532 5072 traditio
3555 5011 3641 5060 fle-

2058 5075 2143 5124 bat
2160 5075 2242 5123 die
2265 5068 2378 5122 ante
2411 5073 2584 5121 Pascha
2606 5068 2766 5121 serius
2795 5068 2934 5133 ocius
2959 5069 3128 5133 quinto
3143 5068 3348 5133 decimo,
3374 5069 3554 5133 dieque
3577 5073 3639 5122 ab

2059 5136 2172 5187 hinc
2193 5141 2362 5185 octavo
2399 5134 2642 5194 redditio:
2667 5139 2776 5194 post
2795 5131 3118 5194 redditionem
3149 5131 3350 5194 Symboli
3391 5131 3501 5181 mox
3526 5136 3640 5183 sub-

2060 5199 2359 5261 sequebatur
2382 5191 2843 5261 traditiodominicw
2859 5191 3388 5261 orationis,_reddenda2
3410 5202 3638 5261 postocto

2060 5253 2188 5310 die's.
2212 5266 2308 5309 Mos
2328 5260 2422 5309 iste
2447 5257 2627 5320 liquido
2658 5253 2938 5320 explicatur
2966 5253 3166 5320 exordio
3201 5253 3481 5320 sermonum
3501 5257 3563 5305 58
3587 5265 3640 5308 et

2060 5322 2140 5371 59.
2167 5312 2942 5378 uedditionem'alteram'Symboli
2980 5315 3244 5378 faciendam
3279 5315 3360 5378 die
3383 5317 3567 5368 sabbati
3588 5320 3638 5370 in

2060 5383 2241 5445 vigiliis
2262 5383 2452 5445 Pascha;
2471 5376 2814 5445 commemorat
2837 5378 3124 5445 angustiuus
3139 5376 3190 5425 in
3213 5376 3388 5445 eodem
3409 5385 3639 5445 Sermone

2062 5436 2142 5504 58",
2169 5458 2250 5492 nn.
2279 5446 2300 5493 1
2322 5452 2371 5493 et
2397 5443 2472 5501 15,
2497 5442 2661 5504 ibique
2683 5439 2865 5504 diserte
2895 5436 3138 5504 Signiﬁcat
3160 5439 3392 5504 Orationis
3407 5441 3639 5504 redditio-

2064 5500 2182 5556 nein
2204 5519 2300 5555 non
2320 5500 2536 5555 incidere
2557 5500 2607 5552 in
2631 5501 2856 5551 eumdem
2878 5500 3009 5550 diem
3030 5500 3216 5550 sabbati
3238 5501 3485 5551 Paschalis.
3514 5510 3639 5553 Hanc

2064 5575 2230 5618 tamen
2251 5569 2358 5629 ipse
2381 5569 2432 5615 in
2453 5574 2684 5629 sermone
2707 5562 2814 5623 227,
2835 5562 2916 5629 die
2939 5563 3126 5613 Pascha:
3148 5562 3328 5622 habito,
3353 5563 3526 5629 italicat

2066 5630 2252 5685 factam,
2271 5623 2360 5678 'his
2379 5627 2545 5677 verbis
2566 5640 2578 5675 :
2619 5643 2641 5671 ι
2662 5633 2781 5675 Ecce
2802 5625 2886 5674 ubi
2909 5633 2987 5675 est
3007 5631 3202 5686 peracta
3222 5623 3555 5686 sanctiﬁcatio,
3567 5625 3641 5674 di-

2293 5691 2567 5799 :rationem
2598 5687 2899 5749 dominicam,
2935 5685 3078 5762 quam
3105 5687 3359 5750 accepistis
3389 5694 3442 5737 et
3475 5685 3640 5738 midi-

2072 5760 2316 5803 σσιειιδ.»
3005 5760 3008 5762 '
