4070 6330
499 318 636 376 1059

494 437 732 502 omniu’o,
767 433 928 491 idest
962 435 1106 491 omni
1164 435 1321 491 modo
1374 437 1821 496 incommutabilis
1872 445 2070 496 manet.

493 527 622 581 Nam
655 538 707 581 et
749 529 919 580 anima
955 528 1182 583 humana
1213 529 1505 584 secundum
1543 532 1825 600 quemdam
1861 536 2075 588 modum

492 618 684 672 dicitur
731 613 1046 674 immortaiis
1077 637 1087 673 :
1121 619 1212 674 sed
1244 637 1347 674 non
1375 630 1456 676 est
1501 612 1625 677 vera
1680 624 2071 692 immortalitas,

490 711 576 764 tibi
611 719 750 765 tanta
783 721 863 767 est
887 714 1233 782 mu’tabilitas,
1258 729 1354 785 per
1374 729 1529 785 quam
1550 726 1602 771 et
1628 716 1859 773 deﬁcere
1877 725 1929 773 et
1955 733 2074 788 pro-

490 811 646 860 licere
680 813 870 875 potest.
906 807 1055 863 Unde
1084 819 1227 862 mors
1251 811 1366 877 ejus
1385 817 1486 876 est,
1517 811 1736 865 alienari
1777 827 1806 864 a
1835 812 1937 865 vita
1976 812 2069 864 Dei

489 913 584 966 per
614 900 960 966 ignorantiam
981 917 1095 969 qute
1124 900 1280 955 estin
1310 902 1395 955 illa
1419 921 1430 955 :
1458 903 1564 956 vita
1591 913 1719 957 vero
1742 903 2074 973 ejus,curre-

487 1005 545 1041 re
573 989 636 1041 ad
672 989 871 1043 fontem
902 991 1042 1053 vitm,
1077 1000 1132 1044 ut
1161 992 1212 1045 in
1243 991 1442 1046 lumine
1493 993 1587 1048 Dei
1641 995 1821 1048 videat
1869 995 2067 1049 lumen.

485 1082 785 1136 Secundum
805 1099 960 1152 quam
986 1084 1143 1137 vitam
1175 1086 1335 1139 etiam
1359 1102 1451 1141 vos
1481 1103 1576 1156 per
1621 1086 1818 1142 Christi
1847 1089 2069 1158 gratiam

485 1175 808 1246 reviviscetis
843 1191 884 1244 ,a
915 1186 1087 1231 morte
1130 1177 1378 1246 quadam,
1422 1179 1506 1232 cui
1550 1180 1884 1238 renuntiatis.
1938 1179 2071 1234 Ver-

485 1241 610 1318 bum
632 1276 806 1320 autem
839 1241 928 1321 Dei
953 1270 1092 1340 quod
1125 1279 1206 1323 est
1235 1273 1535 1340 unigenitus
1552 1271 1878 1338 Filius,cum
1911 1274 2069 1332 Patre

482 1353 696 1427 semper
726 1361 1228 1417 incounnulabiliter
1257 1365 1382 1416 vivit
1408 1382 1420 1430 ;
1444 1379 1541 1418 nec
1568 1364 1763 1431 deﬁcit,
1785 1367 1903 1434 quia
1944 1382 2068 1436 pcr-

481 1455 685 1505 niausio
712 1470 813 1507 non
835 1455 1090 1508 minuitur
1112 1473 1124 1519 ;
1148 1472 1243 1510 nec
1270 1457 1497 1524 proﬁcit,
1527 1459 1648 1529 quia
1675 1461 1932 1528 perfectio
1961 1477 2067 1514 non

479 1554 718 1611 augetur.
760 1543 849 1596 Est
877 1545 1036 1600 etiam
1071 1545 1183 1612 ipse
1233 1547 1546 1599 smcnlorum
1580 1549 1865 1601 visibilium
1901 1559 1952 1604 et
1981 1551 2064 1604 in-

480 1635 760 1688 visibilium
808 1644 1019 1689 creator
1053 1655 1063 1690 :
1097 1637 1238 1706 quia,
1300 1640 1436 1691 sicut
1490 1640 1618 1693 dicit
1661 1642 1965 1710 Apostolus,
1999 1643 2064 1696 In

477 1725 586 1794 ipso
627 1726 826 1779 condita
857 1738 971 1779 sunt
1002 1730 1169 1780 omnia
1200 1721 1248 1781 in
1281 1731 1402 1782 ca‘lo
1429 1742 1473 1782 et
1507 1731 1557 1783 in
1594 1743 1745 1798 terra,
1777 1734 1988 1787 visibilia
2017 1744 2063 1788 et

477 1817 741 1870 invisibilia
765 1833 783 1881 ;
829 1819 930 1871 sire
956 1819 1168 1886 Tltroni,
1195 1822 1294 1874 sire
1321 1823 1720 1891 Ilominationes,
1746 1828 1844 1879 sive
1865 1826 2064 1881 Princi-

479 1922 646 1980 γαίης,
679 1914 780 1965 sive
805 1909 1082 1967 Potestatcs
1107 1932 1124 1966 .'
1149 1917 1316 1967 omnin
1347 1917 1395 1968 in
1420 1918 1528 1986 ipso
1559 1928 1602 1971 et
1630 1937 1718 1986 per
1735 1921 1897 1987 ipsum
1924 1937 2064 1974 crea-

477 2013 526 2057 ta
557 2015 690 2070 sunt,
724 2015 768 2059 et
795 2009 962 2060 omnia
993 2008 1068 2060 illi
1093 2010 1356 2081 constant(
1387 2010 1579 2065 Coloss.
1607 2030 1641 2076 ι,
1677 2013 1759 2075 16,
1801 2015 1862 2067 17
1955 2015 2059 2072 Sed

475 2097 721 2165 quoniam
746 2100 1063 2168 semetipsum
1090 2100 1384 2164 exinunivit,
1410 2117 1513 2155 non
1541 2103 1765 2157 formam
1793 2105 1882 2158 Dei
1906 2107 2061 2160 amit-

476 2195 613 2252 tens,
639 2190 729 2241 sed
772 2191 988 2260 fortnam
1015 2193 1143 2244 servi
1177 2195 1423 2262 accipiens
1447 2196 1462 2261 (
1488 2193 1714 2266 Philipp.
1744 2213 1800 2258 tt,
1825 2199 1854 2251 7
1884 2198 1936 2268 );
1963 2214 2058 2267 per

474 2277 608 2331 hanc
639 2279 862 2332 formant
893 2281 1033 2335 servi
1081 2283 1360 2336 invisibilis
1408 2285 1549 2340 visus
1596 2297 1715 2340 est:
1749 2289 1868 2355 quia
1903 2299 2056 2344 natus

472 2369 634 2430 estde
661 2371 857 2437 Spiritu
888 2381 1070 2425 sancto
1101 2384 1152 2426 et
1183 2373 1337 2426 Maria
1370 2374 1570 2444 virgine
1595 2377 1631 2428 ³.
1667 2377 1719 2430 lu
1758 2378 1858 2433 hac
1887 2379 2052 2433 forma

471 2461 607 2514 servi
641 2463 931 2516 inﬁrmatus
958 2473 1038 2517 est
1061 2466 1398 2533 (minipoteus
1431 2484 1442 2518 :
1487 2469 1604 2537 quit
1637 2485 1824 2537 passus
1847 2481 1927 2524 est
1954 2473 2052 2526 sub

469 2553 658 2607 Pontio
697 2555 882 2608 Pilato.
936 2555 1037 2610 Per
1095 2557 1230 2610 hanc
1272 2559 1491 2612 formam
1546 2561 1704 2626 servi,
1739 2563 2052 2618 immortalis

469 2659 708 2703 mortuus
732 2659 846 2704 est:
879 2650 998 2718 quia
1025 2651 1304 2704 cruciﬁxus
1324 2661 1403 2704 est
1432 2662 1482 2705 et
1504 2655 1757 2720 sepultus.
1789 2657 1888 2709 Per
1917 2657 2051 2710 hanc

468 2739 692 2794 formam
739 2742 900 2806 servi,
933 2758 1023 2796 rex
1070 2745 1382 2798 saeculorum
1412 2744 1496 2797 die
1545 2747 1698 2799 tertio
1739 2749 2046 2801 resurrexit.

466 2832 716 2888 Perbanc
742 2835 964 2887 l’ormam
985 2836 1126 2889 servi
1158 2836 1440 2890 visibilium
1465 2847 1515 2890 et
1537 2839 1877 2894 invisibilium
1907 2856 2050 2895 crea-

467 2932 549 2977 tor
575 2925 811 2978 ascendit
836 2925 886 2978 in
927 2926 1147 2992 cmlum,
1175 2927 1317 2980 unde
1363 2944 1634 2996 nunquam
1680 2932 1919 2984 recessit.
1947 2933 2050 2987 Per

466 3014 602 3068 bane
632 3017 850 3068 formam
880 3017 1040 3081 servi,
1071 3019 1220 3072 sedet
1241 3019 1305 3071 ad
1336 3019 1606 3073 dexteram
1636 3019 1826 3085 Patris,
1853 3023 1940 3092 qui
1966 3033 2050 3078 est

465 3104 738 3159 brachium
767 3107 967 3159 Patris:
1002 3108 1067 3160 de
1095 3125 1199 3175 quo
1225 3107 1351 3162 dicit
1377 3112 1655 3178 prOphcta,
1693 3111 1761 3165 Et
1789 3115 2048 3168 brae/tium

466 3196 672 3251 Domini
703 3199 782 3249 cui
805 3201 1074 3252 revelatum
1096 3210 1164 3254 est
1191 3202 1208 3271 (
1242 3201 1368 3256 lsai.
1398 3219 1505 3270 Llll,
1539 3204 1589 3274 1)
1613 3204 1706 3258 illi
1746 3206 1845 3260 hac
1874 3207 2042 3262 forma

465 3291 624 3355 servi,
651 3300 902 3344 venturus
925 3302 1005 3344 est
1031 3293 1268 3360 judicare
1295 3295 1442 3349 vivos
1475 3306 1529 3351 et
1553 3307 1790 3353 mortuos
1816 3318 1827 3352 :
1859 3301 1909 3354 in
1941 3317 2047 3372 qua

466 3381 732 3449 particeps
762 3398 880 3436 esse
928 3385 1088 3437 voluit
1124 3397 1473 3453 mortuorum,
1505 3406 1623 3444 cum
1674 3392 1743 3446 sit
1770 3393 1871 3447 vita
1902 3396 2047 3449 vivo-

464 3489 602 3527 rum.
633 3475 735 3529 Per
763 3463 932 3543 ipsum
979 3479 1130 3531 nobis
1162 3481 1388 3548 Spiritus
1439 3495 1652 3538 sanctus
1682 3489 1877 3542 missus
1905 3501 1986 3545 est
2016 3507 2044 3545 a

464 3561 640 3632 Patre,
665 3577 716 3620 et
745 3567 810 3620 ab
839 3569 971 3637 ipso.
1003 3571 1231 3638 Spiritus
1253 3573 1431 3628 Patris
1467 3587 1520 3630 et
1552 3577 1666 3632 Filii
1712 3581 1779 3635 ab
1822 3592 2046 3654 utroque

462 3659 679 3727 missus,
727 3677 756 3714 a
788 3663 932 3718 nullo
985 3667 1192 3734 genitus
1225 3685 1236 3719 :
1267 3669 1440 3723 unitas
1484 3672 1780 3736 amborum,
1827 3679 2047 3746 :equalis

463 3751 738 3806 ambobus.
773 3753 895 3807 lliee
932 3755 1163 3809 Trinitas
1195 3774 1329 3816 unus
1367 3761 1508 3816 Deus
1536 3771 1635 3827 est,
1684 3768 2043 3836 omnipotens,

462 3843 762 3912 invisibilis,
796 3863 886 3900 rex
915 3849 1252 3918 sutculorum,
1299 3854 1584 3909 visibilium
1618 3868 1670 3912 et
1700 3861 2045 3916 invisibiliqu

463 3946 686 3990 creator.
719 3937 899 4007 Neque
926 3942 1065 3996 enim
1095 3952 1203 3996 tres
1245 3945 1510 4013 dominos,
1548 3959 1637 4002 aut
1666 3960 1774 4005 tres
1807 3955 2051 4024 omnipo-

465 4035 656 4093 tentes,
687 4040 776 4082 aut
795 4040 900 4085 tres
921 4044 1206 4097 creatures,
1230 4046 1318 4089 aut
1339 4040 1586 4108 quidquid
1614 4043 1756 4095 aliud
1775 4045 1840 4097 de
1871 4048 2049 4100 excel-

464 4117 624 4172 lentia
656 4119 747 4172 Dei
769 4120 870 4174 dici
899 4132 1089 4190 potest,
1121 4125 1379 4180 dicimus:
1415 4132 1536 4197 quia
1569 4149 1665 4186 nec
1697 4144 1801 4188 tres
1828 4137 1921 4203 dii,
1951 4139 2044 4193 sed

467 4225 604 4264 unus
630 4211 788 4264 Deus.
822 4213 1072 4280 Quamvis
1100 4220 1148 4270 in
1198 4219 1294 4273 bac
1339 4221 1595 4277 Trinitate
1644 4227 1799 4282 Pater
1829 4247 1932 4283 non
1978 4233 2046 4287 sit

465 4300 651 4369 Filius,
685 4310 740 4358 et
790 4303 954 4361 Filius
999 4324 1101 4362 non
1157 4314 1225 4365 sit
1255 4313 1429 4374 Pater.
1464 4326 1517 4369 et
1545 4309 1777 4387 Spiritus
1825 4323 2042 4379 Sanctus

466 4408 568 4449 nec
597 4393 760 4451 Filius
784 4398 852 4451 sit
885 4416 980 4452 nec
1029 4387 1184 4456 Pater
1213 4423 1224 4455 :
1256 4406 1346 4459 sed
1381 4408 1468 4462 ille
1499 4410 1656 4464 Pater
1682 4412 1820 4482 Filii,
1844 4417 1928 4470 ille
1959 4418 2047 4472 Fi-

465 4483 565 4537 lius
594 4486 783 4550 Patris,
821 4483 905 4542 ille
931 4491 1158 4559 Spiritus
1186 4495 1356 4550 Patris
1375 4509 1427 4552 et
1449 4499 1585 4554 Filii.
1614 4503 1845 4574 Credite,
1874 4519 1930 4562 ut
1961 4511 2043 4564 in-

469 4575 742 4644 telligatis.
793 4579 902 4635 Nisi
964 4581 1104 4636 enim
1155 4589 1507 4657 credideritis,
1569 4603 1674 4648 non
1740 4598 2044 4669 intelligetis

470 4666 490 4739 (
518 4667 642 4722 lsai.
663 4686 753 4735 vn,
787 4672 839 4736 9,
861 4690 958 4726 sec.
1007 4675 1147 4729 LXX
1247 4679 1322 4732 Ex
1353 4680 1450 4736 hac
1478 4679 1582 4738 ﬁde
1613 4689 1830 4756 gratiam
1859 4666 2043 4759 spera~

467 4766 518 4812 te
553 4777 564 4812 :
596 4760 645 4813 in
696 4777 797 4830 qua
831 4763 975 4819 vobis
1024 4779 1242 4836 peccata
1289 4773 1463 4826 omnia
1511 4775 1863 4832 dimittuntur.
1911 4783 2044 4838 Hinc

459 4855 602 4906 enim
632 4855 758 4908 salvi
780 4857 950 4924 eritis,
981 4873 1085 4912 non
1114 4877 1176 4914 ex
1212 4863 1360 4918 vobis
1392 4884 1402 4918 :
1437 4853 1529 4921 Dei
1558 4870 1696 4923 enim
1717 4871 1912 4928 donum
1939 4884 2040 4932 est.

460 4941 588 4998 Post
619 4943 754 4998 hanc
784 4947 941 5001 etiam
995 4960 1243 5017 mortem,
1294 4972 1412 5022 qua:
1443 4957 1494 5011 in
1523 4975 1708 5017 omnes
1735 4970 2039 5034 pertransit,

459 5045 578 5102 qua:
599 5039 850 5092 vetustati
883 5041 1037 5108 primi
1072 5041 1302 5099 hominis
1349 5047 1591 5118 debetur,
1642 5066 1852 5124 sperate
1881 5059 2041 5114 etiam

459 5123 513 5179 in
537 5125 642 5182 ﬁne
685 5141 983 5186 vestrorum
1014 5149 1296 5204 corporum
1326 5147 1769 5202 resurrectionem
1803 5169 1815 5203 :
1843 5168 1948 5207 non
1976 5155 2043 5209 ad

459 5219 737 5286 passiones
763 5222 1030 5308 dolorum,
1052 5229 1188 5302 sicut
1207 5238 1562 5291 resurrecturi
1590 5251 1712 5294 sunt
1734 5243 1909 5314 impii;
1942 5263 2041 5304 nec

460 5310 524 5364 ad
552 5312 739 5381 gaudia
757 5317 1046 5373 carnalium
1066 5313 1475 5393 desideriorum,
1500 5330 1634 5383 sicut
1656 5310 1839 5399 putant
1864 5339 2038 5390 stulti:

458 5401 553 5454 sed
584 5403 718 5456 sicut
769 5408 1050 5475 Apostolus
1087 5413 1180 5480 ait,
1240 5415 1534 5472 Semiuatur
1571 5437 1753 5488 corpus
1800 5424 2040 5498 animale,

459 5507 630 5565 surget
659 5515 840 5571 corpus
885 5505 1144 5573 spirituale
1178 5507 1238 5580 (Ι
1275 5508 1394 5567 Cor.
1428 5530 1514 5578 xv,
1545 5507 1617 5570 54'
1641 5514 1682 5588 ),
1706 5530 1762 5572 ut
1797 5523 1905 5589 jam
1934 5540 2040 5580 non

461 5589 720 5659 aggravet
768 5597 1043 5666 animumt
1071 5596 1202 5671 Sap.
1235 5616 1307 5666 rx,
1349 5603 1416 5658 15
1447 5603 1488 5674 ),
1521 5622 1617 5662 nec
1649 5609 1806 5665 ullam
1839 5624 2043 5684 quaerat

519 5770 536 5801 ι
563 5771 635 5820 sic
658 5773 706 5820 in
726 5765 1077 5839 manusmptis.
1103 5787 1160 5830 At
1178 5782 1231 5830 in
1263 5785 1422 5846 editis,
1445 5800 1509 5838 ea:
1536 5792 1692 5840 Maria
1716 5795 1894 5859 rit’giftr

1674 325 1730 381 S.
1772 317 2142 384 AUCUS‘TIN!
2179 323 2480 387 EPISCOPI

3628 337 3769 399 1060

2192 445 2555 510 refectionem,
2586 449 2703 518 quia
2732 451 2930 506 bullam
2956 452 3184 522 patietur
3209 453 3578 511 defectionem.

2253 534 2304 589 ‘2.
2332 537 2626 607 Symbolum
2678 546 2917 599 memoria
2959 547 3247 613 tenendum,
3287 567 3458 618 quare.
3493 550 3631 605 Hinc
3660 552 3759 622 igi-

2183 634 2267 680 tur
2296 628 2506 684 brevem
2564 648 2864 690 sermonem
2917 637 2981 691 de
3024 639 3272 694 universo
3310 639 3566 710 Symbolo
3612 645 3764 699 vobis

2181 717 2413 776 debitum
2445 726 2671 792 reddidi,
2718 728 2768 781 in
2811 746 2915 799 quo
2966 730 3216 801 Symbolo
3267 735 3407 804 quod
3457 735 3760 806 audieritis,

2180 820 2346 866 totum
2373 815 2420 868 in
2451 817 2550 870 isto
2567 832 2813 874 sermone
2835 833 3020 878 nostro
3045 824 3275 880 breviter
3289 827 3570 881 collectqu
3597 845 3766 898 agno-

2179 907 2358 960 scetis.
2392 907 2497 963 Nec
2529 921 2582 964 ut
2633 913 2816 967 eadem
2870 915 3028 969 verba
3081 917 3319 988 Symboli
3353 920 3596 987 teneatis,
3655 921 3767 975 ullo

2178 1004 2337 1076 modo
2359 1006 2562 1060 debetis
2589 1009 2854 1073 scribere;
2889 1009 2980 1064 sed
3007 1011 3270 1065 audiendo
3288 1013 3590 1080 perdiscere
3615 1033 3628 1066 .
3663 1017 3766 1070 nec

2177 1109 2295 1147 cum
2334 1096 2642 1161 didiceritis,
2685 1099 2958 1165 scribere;
3008 1102 3100 1156 sed
3134 1105 3388 1156 memoria
3440 1119 3652 1174 semper
3684 1114 3765 1158 te-

2177 1202 2304 1241 nere
2330 1197 2488 1257 atque
2518 1191 2778 1245 recolere.
2808 1191 3072 1262 Quidquid
3114 1193 3254 1246 enim
3287 1194 3336 1246 in
3381 1194 3636 1266 Symbolo
3662 1212 3762 1248 au-

2147 1277 2334 1334 dituri
2363 1281 2512 1347 estis,
2544 1283 2594 1336 in
2622 1283 2813 1337 divinis
2830 1301 3098 1340 sacrarum
3148 1287 3540 1357 Scripturarum
3571 1290 3766 1343 litteris

2175 1372 2493 1426 continetur.
2535 1373 2639 1429 Sed
2689 1375 2828 1446 quod
2884 1378 2950 1430 ita
2990 1377 3276 1432 collectum
3343 1389 3396 1434 et
3441 1381 3490 1434 in
3535 1380 3762 1435 formam

2174 1465 2453 1533 quamdam
2477 1468 2749 1521 redactum
2781 1485 2887 1523 non
2935 1470 3057 1523 licet
3105 1471 3286 1537 Scribi,
3321 1475 3764 1526 commemoratio

2173 1553 2231 1608 ﬁt
2258 1557 2626 1624 promissionis
2647 1559 2762 1626 Dei,
2807 1560 2894 1613 ubi
2926 1578 3019 1630 per
3040 1562 3353 1631 prOphetant
3401 1566 3763 1632 prmiiuntians

2173 1645 2570 1701 Testamentum
2621 1665 2812 1702 novum
2880 1650 3013 1704 dixit
3053 1669 3063 1703 :
3106 1650 3220 1704 Hoc
3262 1662 3332 1705 est
3389 1653 3763 1707 Testamentum

2171 1737 2304 1804 quod
2335 1737 2576 1790 ordinabo
2599 1740 2667 1792 eis
2690 1747 2802 1807 post
2845 1741 2950 1793 dies
2971 1741 3104 1805 illos,
3146 1743 3265 1794 dicit
3295 1741 3562 1809 Dominus,
3588 1748 3764 1801 dando

2174 1829 2329 1900 legem
2352 1848 2510 1883 meum
2539 1832 2589 1884 in
2617 1842 2775 1884 mente
2796 1850 2986 1896 eorum,
3022 1834 3138 1886 etin
3166 1835 3316 1887 corde
3345 1853 3520 1888 eorum
3543 1839 3762 1892 scribam

2171 1938 2278 1974 eam
2301 1923 2318 1991 (
2342 1921 2529 1975 Jercm.
2561 1939 2706 1986 xxxn,
2732 1924 2801 1977 55
2825 1923 2864 1993 ).
2893 1923 3058 1992 llujus
3082 1926 3157 1978 rei
3181 1925 3545 1995 signiﬁcandze
3571 1947 3757 1998 causa,

2171 2011 2434 2069 audiendo
2488 2016 2788 2086 symbolum
2834 2015 3097 2072 discitur:
3127 2034 3227 2072 nec
3262 2019 3313 2071 in
3347 2021 3561 2085 tabulis,
3589 2024 3671 2076 vel
3705 2024 3760 2076 in

2171 2106 2344 2174 aliqua
2397 2109 2637 2170 materia,
2680 2107 2773 2162 sed
2830 2108 2881 2162 in
2914 2108 3076 2162 corde
3129 2109 3381 2164 scribitur
3411 2112 3448 2163 ί.
3480 2111 3762 2170 Praestabit

2169 2197 2258 2251 ille
2286 2198 2373 2264 qui
2406 2213 2500 2251 vos
2525 2200 2730 2253 vocavit
2766 2199 2830 2252 ad
2874 2215 3026 2253 suum
3058 2216 3277 2269 regnum
3333 2197 3385 2255 et
3421 2201 3665 2271 gloriam,
3703 2217 3762 2261 ut

2168 2291 2279 2359 ejus
2307 2290 2469 2358 gratia
2523 2293 2851 2360 regeneratis
2903 2292 3078 2359 vobis,
3127 2295 3284 2347 etiam
3323 2295 3520 2364 Spiritu
3571 2308 3760 2354 sancto

2167 2385 2426 2437 scribatur
2454 2383 2504 2436 in
2543 2386 2794 2439 cordibus
2825 2387 3050 2453 vestris;
3083 2399 3136 2441 ut
3167 2388 3310 2458 (μιοό
3327 2389 3541 2446 creditis
3571 2391 3760 2463 diliga-

2167 2477 2253 2538 tis,
2283 2485 2332 2527 et
2360 2475 2488 2529 ﬁdes
2521 2492 2614 2545 per
2645 2476 2984 2530 dilectionem
3009 2488 3257 2548 operetur
3286 2481 3335 2534 in
3367 2482 3554 2548 vobis;
3587 2500 3649 2538 ac
3678 2486 3759 2540 sic

2164 2567 2390 2621 Domino
2424 2569 2531 2622 Deo
2586 2571 2821 2639 largitori
2878 2573 3139 2627 bonorum
3193 2576 3429 2628 omnium
3482 2576 3756 2645 placeatis,

2165 2674 2269 2713 non
2305 2661 2565 2714 serviliter
2584 2660 2819 2714 timendo
2852 2678 3084 2732 paruam,
3114 2664 3205 2717 sed
3252 2663 3540 2721 liberaliter
3569 2683 3760 2723 aman-

2162 2750 2229 2802 do
2251 2750 2530 2819 justitiam.
2564 2752 2672 2806 [loc
2703 2761 2785 2807 est
2812 2770 2941 2824 ergo
2967 2755 3298 2825 Symbolum,
3323 2758 3464 2828 quod
3484 2760 3631 2815 vdbis
3659 2778 3759 2832 per

2162 2840 2466 2910 Scripturas
2489 2852 2834 2900 etsermones
2866 2847 3259 2904 ecclesiasticos
3281 2851 3601 2907 insinuatum
3634 2865 3755 2911 est:

2159 2933 2252 2988 sed
2280 2936 2377 2990 sub
2425 2936 2523 2990 hac
2561 2937 2710 2991 brevi
2759 2937 2932 2992 forma
2982 2939 3224 2996 ﬁdelibus
3271 2945 3668 3002 consistendum
3701 2958 3759 3004 et

2159 3028 2540 3098 proﬁciendum
2562 3039 2660 3086 est.
3769 3035 3774 3040 ’

2615 3143 2845 3200 SERMO
2881 3145 3082 3212 ccxut
3105 3149 3123 3170 θ
3151 3147 3253 3220 (α).

2585 3263 2634 3306 tn
2670 3258 2927 3310 traditione
2968 3259 3204 3325 Symboli,
3243 3277 3300 3312 ιι.

2225 3369 2450 3427 CAPUT
2489 3371 2768 3428 PRIMUM.
2788 3405 2860 3413 —
2886 3377 2934 3428 1.
2969 3375 3269 3446 Symbolum
3297 3379 3437 3450 quid.
3463 3379 3602 3437 Deus
3622 3400 3756 3451 quo-

2154 3461 2303 3514 modo
2346 3464 2672 3533 omnipotens.
2707 3467 3016 3536 Symbolum
3069 3479 3149 3522 est
3201 3471 3431 3526 breviter
3466 3477 3749 3546 complexa

2152 3555 2336 3624 regula
2375 3555 2515 3619 ﬁdei,
2551 3565 2606 3610 ut
2638 3570 2867 3612 mentem
2916 3559 3161 3626 instruat,
3187 3578 3286 3616 nec
3331 3576 3516 3620 oneret
3544 3581 3754 3624 memo-

2153 3646 2318 3710 riam;
2347 3649 2526 3716 paucis
2545 3650 2719 3703 verbis
2753 3651 2962 3716 dieitur,
2983 3651 3121 3705 unde
3157 3655 3383 3708 multum
3412 3659 3743 3726 acquiratur.

2155 3737 2333 3792 Credo
2383 3739 2436 3792 in
2472 3741 2637 3793 Deum
2685 3741 2893 3795 Patrem
2942 3743 3388 3813 omnipotentem.
3419 3747 3553 3803 Vide
3583 3766 3748 3819 quam

2155 3830 2261 3882 cito
2283 3830 2496 3892 dicitur,
2523 3823 2846 3902 ctquantum
2876 3835 3034 3888 valet.
3055 3838 3192 3889 Deus
3225 3848 3325 3905 est,
3351 3849 3405 3894 et
3443 3841 3599 3896 Pater
3624 3855 3705 3898 est
3732 3864 3746 3899 :

2156 3923 2296 3978 Deus
2320 3934 2597 3993 potestate,
2631 3927 2788 3980 Pater
2835 3929 3088 3982 bonitate.
3116 3931 3285 3998 Quam
3316 3933 3502 3989 felices
3529 3949 3741 4005 sumus,

2154 4019 2242 4086 qui
2276 4019 2554 4073 Dominum
2575 4031 2809 4074 nostrum
2831 4034 3035 4092 patrem
3059 4026 3362 4082 invenimus
3387 4030 3398 4082 !
3439 4029 3742 4085 Credamus

2157 4123 2282 4178 ergo
2310 4109 2357 4162 in
2392 4126 2534 4175 eum,
2584 4120 2637 4165 et
2663 4115 2837 4165 omnia
2870 4116 3024 4168 nobis
3070 4117 3137 4170 de
3175 4119 3341 4187 ipsius
3373 4121 3741 4176 misericordia

2154 4204 2543 4268 promittamus,
2583 4204 2702 4272 quia
2752 4209 3090 4276 omnipotens
3139 4219 3220 4264 est
3251 4230 3263 4264 :
3295 4211 3416 4267 ideo
3469 4215 3518 4268 in
3577 4216 3750 4270 Deum

2154 4290 2363 4344 Patrem
2410 4295 2825 4362 omnipotentem
2855 4299 3142 4354 Credimus.
3203 4302 3371 4356 Nemo
3413 4304 3590 4358 dicat:
3623 4307 3744 4360 Non

2151 4385 2281 4438 mihi
2326 4395 2500 4454 potest
2537 4387 2803 4444 dimittere
2841 4402 3074 4459 peccata.
3108 4394 3385 4460 Quomodo
3428 4411 3530 4450 non
3562 4408 3741 4467 potest

2154 4480 2534 4547 omnipotens?
2569 4481 2673 4534 Sed
2726 4482 2858 4536 dicis
2904 4500 2916 4536 :
2961 4485 3071 4553 Ego
3109 4488 3330 4542 multum
3381 4492 3613 4558 peccavi.
3669 4491 3745 4546 Et.

2151 4585 2249 4638 ego
2275 4570 2428 4624 dico:
2472 4572 2574 4625 Sed
2609 4573 2696 4627 ille
2732 4576 3066 4644 onmipoteus
3088 4589 3188 4632 est.
3222 4580 3288 4634 Et
3325 4591 3377 4634 tu
3411 4601 3421 4635 :
3469 4584 3578 4653 Ego
3606 4585 3734 4637 talia

2151 4669 2366 4729 peccata
2392 4663 2651 4724 commiSi,
2682 4666 2825 4719 unde
2857 4667 3068 4722 liberari
3110 4679 3163 4723 et
3199 4671 3441 4726 mandari
3473 4690 3574 4728 non
3610 4693 3744 4743 pos-

2152 4767 2290 4805 sum.
2331 4751 2651 4822 Rcspondeo
2681 4773 2693 4807 :
2725 4755 2828 4810 Sed
2883 4758 2973 4812 ille
3021 4761 3358 4830 omnipotens
3408 4773 3508 4818 est.
3548 4765 3746 4821 Videte

2149 4843 2278 4912 quid
2307 4845 2353 4897 ei
2389 4846 2616 4900 cantetis
2651 4847 2701 4900 in
2749 4847 2961 4926 Psaimo
2995 4867 3007 4903 :
3040 4848 3280 4917 Benedic,
3329 4855 3519 4925 inquit,
3566 4859 3747 4911 anima

2151 4949 2261 4987 mea
2291 4935 2527 5002 Domino,
2554 4949 2596 4991 et
2623 4940 2727 4992 noli
2751 4939 2972 4995 oblivisci
3001 4959 3172 4998 omnes
3202 4946 3552 5002 retributiones
3579 4951 3690 5019 ejus
3722 4968 3745 5005 :

2150 5029 2238 5096 qui
2267 5032 2513 5099 propitius
2560 5033 2620 5100 [it
2674 5035 2901 5088 omnibus
2944 5036 3290 5106 iniquitatibus
3331 5041 3444 5104 tuis,
3477 5044 3561 5107 qui
3589 5054 3744 5096 sanat

2151 5135 2320 5174 omnes
2349 5125 2614 5192 languores
2644 5135 2754 5179 tuos
2777 5125 2946 5197 (Psal.
2977 5143 3046 5182 cn
3069 5124 3138 5192 ,9.
3157 5141 3202 5182 et
3223 5130 3314 5201 5).
3347 5127 3427 5184 Αίί
3457 5134 3553 5186 lioc
3584 5135 3743 5190 nobis

2149 5221 2233 5264 est
2247 5212 2361 5280 ejus
2389 5215 2770 5284 omnipotentia
2795 5217 3118 5273 necessaria;
3147 5217 3277 5272 Nam
3307 5219 3568 5275 universa:
3586 5239 3744 5278 crea-

2151 5308 2282 5356 turae
2311 5303 2502 5358 adhoc
2547 5317 2660 5360 erat
2709 5311 3034 5377 necessaria,
3069 5321 3434 5367 uterearctur.
3482 5316 3743 5386 Omnipo-

2153 5402 2270 5450 tens
2299 5407 2381 5450 est
2409 5397 2474 5451 ad
2504 5398 2744 5453 facienda
2795 5401 2997 5470 majora
3031 5413 3084 5457 et
3114 5405 3318 5458 minora
3351 5424 3362 5459 :
3395 5408 3741 5477 omnipotens

2183 5633 2194 5645 .
2215 5575 2231 5606 ι
2258 5572 2486 5684 miwc,
2512 5574 2730 5627 discitur.
2756 5579 2846 5628 sed
2867 5579 3046 5632 melius
3068 5582 3118 5632 in
3139 5571 3368 5633 Sermone
3385 5569 3478 5634 2:43
3499 5571 3744 5650 λιμρεηω-

2184 5649 2242 5684 tS.
2266 5649 2342 5683 scr
2433 5651 2507 5684 ur.

2153 5643 2678 5769 eis"
2700 5695 2979 5754 set-monent
2999 5691 3130 5758 hunc
3167 5708 3390 5770 manus.
3411 5724 3509 5760 non
3538 5712 3590 5760 iu
3634 5721 3738 5764 ma-

2152 5769 2423 5820 nuscriptis.

2215 5821 2287 5884 (α)
2304 5819 2446 5885 Alias,
2467 5824 2532 5874 de
2555 5833 2792 5890 Tempore
2809 5827 2917 5878 H9.
