4070 6330
382 348 515 413 uisi
578 430 581 431 ί

376 467 538 524 estad
570 462 806 522 facienda
833 466 1068 523 caelestia
1081 474 1130 523 et
1154 469 1422 522 terrestria
1454 483 1468 523 :
1513 466 1848 535 omnipotens
1876 469 1958 518 est

377 563 442 616 ad
492 560 727 616 facienda
765 560 1080 616 immortalia
1109 571 1159 615 et
1186 562 1424 615 mortalia
1458 578 1472 615 :
1519 560 1854 631 omnipotens
1882 567 1966 614 est

378 654 443 709 ad
473 653 710 708 facienda
739 654 1029 723 Spiritualia
1063 662 1116 708 et
1159 654 1451 725 corporalia
1481 672 1493 708 :
1524 654 1860 723 omnipotens
1884 660 1964 706 est

376 747 442 801 ad
470 742 707 802 facienda
738 745 957 801 visibilia
985 746 1333 800 ctiuvisibilia
1360 763 1372 799 :
1404 760 1624 816 magnus
1653 748 1702 799 in
1729 746 1957 815 magnis,

377 852 477 893 nec
510 848 700 908 parvas
738 836 787 891 i‘n
820 838 1068 892 minimis.
1112 834 1385 892 POstreino
1415 838 1752 908 omnipotens
1779 846 1860 892 est
1893 834 1960 891 ad

374 932 613 987 facienda
673 932 847 985 Omnia
881 948 997 1001 qua:
1042 931 1215 985 facere
1244 930 1487 985 voluerit.
1548 931 1676 984 Nam
1708 946 1805 999 ego
1840 927 1959 983 dico

375 1033 568 1094 quanta
601 1036 703 1078 non
736 1024 919 1094 possit.
943 1022 1057 1077 Non
1084 1030 1250 1091 potest
1276 1024 1428 1087 meri,
1446 1037 1547 1075 non
1570 1030 1741 1090 potest
1766 1026 1960 1089 pecea-

286 1104 295 1109 ’
373 1132 450 1179 re,
485 1128 586 1168 non
622 1122 794 1183 potest
826 1114 1058 1179 mentiri,
1095 1130 1196 1167 non
1258 1118 1431 1183 potest
1477 1112 1604 1167 falli.
1640 1110 1805 1165 Tanta
1836 1128 1941 1165 non

376 1216 547 1278 potest
578 1226 592 1265 :
621 1214 738 1279 quin
756 1207 798 1261 si
827 1217 1023 1277 posset,
1051 1224 1153 1261 non
1189 1216 1337 1261 esset
1367 1207 1725 1274 omnipotens.
1768 1200 1957 1259 Credi-

373 1311 424 1356 te
451 1308 574 1370 ergo
607 1300 659 1354 in
697 1306 840 1367 eum,
892 1309 945 1353 et
994 1300 1338 1353 confitemini.
1374 1299 1539 1353 Corde
1564 1300 1694 1352 enim
1741 1298 1972 1352 creditur

371 1393 439 1444 a’d
457 1390 741 1461 justitiam;
769 1408 852 1445 ore
881 1396 1043 1444 autem
1071 1391 1317 1460 confessio
1341 1391 1396 1459 ﬁt
1425 1391 1491 1444 ad
1511 1392 1733 1446 salutem
1762 1393 1779 1461 (
1804 1392 1953 1445 Rom.

372 1501 424 1547 x,
452 1482 516 1539 10
615 1480 737 1538 l'd‘eo
769 1480 884 1547 euut
917 1482 1269 1550 credideritis,
1315 1492 1524 1553 Oportet
1553 1495 1609 1538 ut
1635 1482 1958 1538 confiteami-

371 1577 442 1640 ni,
466 1566 681 1645 q'iiando
712 1574 1025 1647 symbolum
1060 1576 1313 1630 reddetis.
1350 1577 1585 1644 Accipite
1617 1576 1775 1637 modo
1803 1576 1949 1646 quod

370 1671 619 1734 teneatis,
676 1679 729 1725 et
782 1678 965 1739 postea
1023 1670 1298 1737 reddatis,
1343 1679 1397 1724 et
1445 1684 1713 1739 nunquam
1764 1669 1956 1723 oblivi-

369 1782 455 1820 sca
466 1764 610 1818 mini.
1000 1834 1003 1839 Δ

440 1854 664 1910 CAPUT
714 1854 775 1908 11.
807 1885 877 1893 -
904 1853 959 1908 ﬂ.
991 1852 1218 1908 Christus
1260 1852 1423 1906 Filias
1461 1852 1557 1906 Dei
1592 1854 1781 1905 unirus.
1820 1853 1956 1918 Quo-

370 1938 518 2002 modo
545 1944 856 2002 incarnatus.
891 1946 1121 2001 Christus
1163 1947 1302 2000 nobis
1342 1948 1517 1999 unicus
1546 1946 1799 1999 Salvator.
1833 1947 1956 1999 Post

368 2040 471 2096 hoc
512 2038 681 2112 quid?
712 2041 778 2095 Et
817 2041 866 2093 in
914 2041 1091 2095 Jesuin
1136 2040 1421 2093 Christum.
1459 2040 1661 2103 Credo,
1694 2040 1852 2104 diris,
1900 2041 1950 2093 in

366 2133 533 2193 Deum
572 2129 781 2186 Patrem
814 2132 1265 2200 omnipotentem,
1304 2140 1355 2185 et
1394 2133 1441 2183 in
1478 2129 1655 2184 Jesum
1685 2130 1950 2183 Christum

366 2222 557 2277 Filium
589 2223 701 2293 ejus
746 2225 991 2285 unicmn,
1024 2222 1306 2276 Dominum
1352 2233 1610 2275 nostrum.
1660 2222 1713 2277 Si
1760 2224 1950 2278 Filium

367 2318 599 2379 unicum,
633 2314 759 2386 ergo
787 2315 924 2369 Patri
958 2316 1234 2383 a-qualcm.
1267 2317 1318 2367 Si
1345 2315 1533 2368 Filium
1565 2316 1797 2381 unicum,
1824 2334 1950 2385 ergo

364 2407 602 2479 ejusdem
633 2408 937 2462 Subslantiae
963 2406 1112 2474 cnjus
1130 2414 1209 2459 est
1228 2407 1399 2459 Pater.
1426 2407 1480 2457 Si
1504 2406 1689 2459 Filium
1714 2408 1946 2474 imieum,

364 2515 491 2571 ergo
521 2500 636 2569 ejus
683 2497 1079 2571 omnipotentia:
1120 2498 1269 2565 cujus
1316 2508 1397 2549 est
1442 2497 1615 2550 Pater.
1664 2499 1715 2551 Si
1761 2496 1947 2551 Filium

363 2591 601 2655 unicum,
635 2606 760 2659 ergo
782 2588 923 2643 Patri
949 2584 1292 2642 coarlernuin.
1321 2588 1429 2643 lloe,
1454 2589 1501 2641 in
1526 2605 1601 2651 se,
1630 2582 1846 2657 etapud
1871 2606 1945 2654 se,

363 2690 418 2735 et
446 2674 583 2752 apud
615 2680 845 2734 Patrem.
883 2679 1108 2748 Propter
1132 2695 1227 2732 nos
1256 2679 1417 2746 quid?
1445 2679 1509 2733 ad
1538 2696 1632 2733 nos
1660 2679 1782 2748 quid
1808 2680 1950 2743 ?Qui

364 2776 653 2841 Conceptus
682 2782 762 2826 est
788 2771 851 2825 de
878 2768 1078 2838 Spiritu
1108 2780 1312 2834 sancto,
1346 2780 1496 2821 natus
1518 2786 1579 2822 ex
1614 2771 1813 2838 virgine
1843 2769 1951 2822 Ma-

362 2866 463 2923 ria.
494 2860 634 2920 Ecc'é
662 2881 763 2935 qua
804 2864 970 2927 venit,
994 2864 1132 2933 quis‘,
1160 2862 1223 2915 ad
1249 2878 1399 2933 quos.
1434 2862 1532 2915 Per
1555 2864 1805 2931 \irginem
1838 2862 1917 2915 Ma
1944 2892 1949 2898 -

363 2959 518 3020 riam,
552 2957 601 3010 in
625 2944 725 3029 qua
760 2963 1008 3024 operatus
1035 2964 1114 3007 est
1142 2948 1366 3029 Spiritus
1394 2962 1625 3017 sanctus,
1654 2968 1755 3005 non
1789 2952 1949 3008 homo

363 3051 613 3115 maritus;
649 3046 734 3118 qui
766 3046 1067 3101 fecundavit
1097 3054 1314 3107 castam,
1345 3055 1397 3097 et
1418 3045 1650 3099 servavit
1674 3044 1945 3097 intactam.

290 3198 299 3206 _
363 3142 451 3198 Sic
477 3148 603 3211 ergo
630 3138 790 3195 carne
828 3137 1044 3192 imlutus
1070 3145 1147 3189 est
1190 3136 1442 3189 Dominus
1472 3136 1735 3201 Christus,
1762 3136 1836 3188 sic
1870 3135 1948 3188 fa-

363 3242 480 3289 ctus
511 3240 591 3287 est
636 3232 794 3285 homo
835 3229 920 3299 qui
965 3228 1086 3282 fecit
1127 3227 1391 3280 hominem
1414 3269 1429 3294 ,
1460 3227 1778 3280 assumendo
1807 3228 1948 3296 quod

363 3340 469 3378 non
500 3330 631 3389 erat,
663 3338 767 3376 non
796 3319 1062 3390 perdendo
1090 3318 1230 3388 quod
1258 3328 1387 3371 erat.
1424 3310 1634 3371 Verbum
1666 3320 1804 3372 enim
1831 3336 1947 3371 caro

363 3419 551 3487 fartum
577 3427 667 3480 est,
700 3426 743 3469 et
768 3416 1005 3468 habitavit
1033 3415 1083 3467 in
1115 3413 1255 3467 nobis
1283 3412 1455 3483 (Joan.
1484 3430 1519 3478 ι,
1548 3414 1655 3482 iis}.
1680 3412 1793 3466 Non
1820 3412 1948 3466 Ver-

362 3510 485 3565 bum
515 3510 564 3563 in
585 3524 797 3563 carnem
823 3522 1033 3560 versum
1058 3515 1155 3568 est,
1181 3502 1272 3558 sed
1297 3505 1526 3558 Verbum
1548 3521 1765 3561 manens
1787 3522 1948 3560 carne

361 3608 601 3668 accepta,
634 3597 909 3651 invisibilis
938 3611 1168 3663 semper,
1203 3596 1369 3647 factus
1390 3605 1471 3649 est
1492 3595 1713 3648 visibilis
1740 3598 1948 3663 quando

359 3693 550 3756 voluit,
584 3700 637 3746 et
667 3684 903 3742 habitavit
930 3689 982 3740 in
1012 3688 1168 3740 nobis.
1201 3684 1335 3753 Quid
1354 3696 1454 3753 est,
1484 3693 1535 3739 in
1566 3688 1746 3741 nobis?
1774 3687 1824 3741 lu
1850 3691 1947 3742 ho-

361 3781 615 3835 minibus.
660 3780 850 3834 Factus
880 3793 1012 3831 unus
1043 3767 1109 3830 ex
1156 3776 1426 3848 hominum
1461 3793 1700 3839 numero,
1736 3796 1871 3833 unus
1897 3790 1949 3834 et

362 3874 568 3927 unicus.
624 3870 819 3925 Unicus
864 3869 1025 3922 Patri.
1070 3867 1231 3921 Nobis
1270 3867 1433 3937 quid?
1480 3870 1540 3921 lit
1571 3867 1724 3922 nobis
1764 3872 1947 3925 unicus

359 3964 603 4020 Salvator
636 3981 647 4015 :
682 3978 837 4016 nemo
882 3963 1021 4016 enim
1056 3970 1245 4030 praiter
1285 3960 1455 4029 ipsum
1486 3963 1715 4016 salvator
1742 3974 1943 4019 noster.

363 4059 426 4112 Et
484 4057 635 4109 nobis
680 4056 868 4108 unicus
924 4052 1244 4121 Redemptor
1294 4072 1305 4107 :
1356 4060 1514 4107 nemo
1562 4056 1700 4108 enim
1757 4066 1948 4124 praeter

362 4150 531 4216 ipsum
558 4146 861 4215 redemptor
887 4154 1099 4199 noster:
1131 4159 1235 4197 non
1266 4160 1417 4213 auro,
1450 4160 1552 4197 non
1583 4155 1819 4215 argento,
1850 4147 1945 4201 sed

362 4236 613 4311 sanguine
643 4256 761 4294 suo.
1762 4234 1767 4245 ‘

430 4332 654 4388 CAPUT
686 4331 771 4386 lll.
804 4363 874 4371 -—
902 4331 955 4386 5.
986 4328 1216 4384 Christus
1238 4329 1401 4383 Filius
1421 4328 1519 4383 Dei
1536 4332 1784 4401 quomodo
1808 4350 1945 4387 mor-

362 4438 476 4481 tuus
503 4436 547 4479 et
564 4426 808 4496 sepultus.
834 4425 973 4492 Ergo
996 4424 1127 4493 ipsa,
1154 4423 1239 4475 uhi
1262 4423 1421 4490 empti
1446 4438 1644 4485 sumus,
1668 4425 1781 4493 ejus
1800 4440 1945 4479 com—

357 4510 558 4574 mercia
579 4518 870 4571 videamus.
895 4518 1025 4569 Cum
1049 4516 1187 4568 enim
1210 4514 1404 4567 dictum
1430 4527 1569 4568 esset
1595 4516 1643 4568 in
1669 4516 1938 4586 Syniholo,

360 4608 459 4674 Qui
488 4616 774 4676 conceptus
804 4616 886 4660 est
914 4605 981 4659 de
1012 4604 1209 4675 Spiritu
1238 4618 1441 4669 sancto,
1473 4616 1625 4659 natus
1650 4622 1713 4661 ex
1742 4609 1941 4677 virgine

359 4684 516 4755 Maria
544 4718 555 4751 :
586 4699 693 4769 jam
723 4699 842 4768 quid
873 4713 968 4767 pro
996 4698 1181 4751 nobis?
1208 4698 1398 4751 Passus
1426 4710 1525 4763 est,
1563 4702 1818 4769 sequitur,
1844 4691 1941 4755 sub

360 4792 548 4846 Pontio
587 4790 756 4844 Pilato
778 4832 791 4855 ,
823 4789 1137 4852 crucifixus,
1185 4802 1423 4842 mortuus
1470 4802 1521 4842 et
1554 4793 1810 4859 sepultus.
1840 4794 1940 4860 Qui

357 4884 521 4939 Filius
565 4881 657 4936 Dei
699 4882 882 4935 unicus
921 4880 1176 4932 Dominus
1216 4889 1396 4933 noster
1434 4882 1741 4940 crucifixus.
1777 4885 1940 4941 Filius

358 4975 452 5028 Dei
483 4962 669 5029 unicus
699 4968 956 5026 Dominus
979 4980 1157 5023 noster
1181 4972 1416 5039 sepultus
1444 4980 1525 5025 est
1548 4973 1583 5022 ¹.
1617 4973 1785 5026 llomo
1817 4992 1937 5030 cru-

356 5068 546 5121 cifixus
576 5075 676 5131 est,
724 5065 884 5117 homo
914 5064 1152 5133 sepultus
1182 5082 1194 5116 :
1228 5064 1364 5117 Deus
1400 5079 1501 5117 non
1544 5074 1623 5117 est
1668 5077 1897 5122 mutatus
1919 5113 1932 5135 ,

357 5159 502 5212 Deus
543 5168 647 5210 non
678 5166 757 5211 eSt
786 5156 1022 5215 oecisns,
1060 5162 1111 5209 et
1140 5162 1312 5208 tamen
1344 5156 1630 5209 secundum
1670 5157 1937 5215 hominem

355 5250 582 5303 occisus.
615 5248 675 5301 Si
712 5247 843 5299 enim
865 5246 1224 5316 cognovissent,
1256 5246 1329 5299 ait
1354 5247 1655 5315 Apostolus,
1681 5266 1938 5319 nunquam

418 5385 435 5413 ί
463 5391 509 5432 ιιι
536 5382 694 5439 editis,
728 5379 846 5439 Quia
888 5377 1035 5429 Filius
1073 5377 1156 5428 Dei
1192 5378 1357 5428 imicus
1396 5378 1625 5429 Dmninus
1655 5394 1749 5430 non
1783 5382 1938 5433 cruci-

355 5443 504 5510 fimus,
547 5441 694 5510 titius
722 5440 995 5510 neiunirus
1022 5440 1245 5510 Doni-inus
1284 5454 1373 5489 non
1409 5442 1635 5504 sepultas.
1678 5445 1936 5510 uendosis-

354 5504 495 5556 'sime.
523 5506 595 5553 Sic
620 5507 746 5562 enim
772 5505 817 5569 id
839 5504 967 5565 quod
992 5516 1096 5550 mox
1124 5504 1321 5569 allii-mat
1346 5512 1396 5553 et
1422 5518 1482 5551 ex
1510 5505 1732 5569 Apostolo
1750 5508 1934 5569 prohat,

354 5569 519 5616 Filium
541 5569 624 5615 Dei
656 5565 932 5614 crucifixum
958 5578 1146 5627 negare
1165 5566 1415 5613 videbatur
1440 5580 1451 5613 ε
1489 5580 1584 5627 quo
1610 5567 1835 5617 videlicet
1858 5565 1935 5617 ar;

352 5635 587 5690 gumento
612 5635 859 5690 permotus
880 5626 1150 5675 Emmanuel
1189 5635 1242 5675 Sa
1266 5626 1581 5686 reﬁciendam
1606 5630 1731 5677 hunc
1753 5642 1936 5678 sermo-

354 5704 473 5761 nem
482 5691 797 5761 existimavit.
812 5697 983 5761 ﬁrrata
1002 5690 1305 5761 corrigtmtur
1326 5702 1387 5737 ex
1411 5690 1566 5739 altero
1590 5691 1789 5761 iiiierius
1813 5693 1933 5753 loco,

354 5706 650 5755 ιιυιιιςχιδιιι
669 5706 797 5749 ιεινιι.
823 5706 983 5745 “Tulit
1002 5706 1305 5750 corriguntur
1326 5706 1387 5737 CX
1411 5706 1566 5739 alwI‘O
1590 5706 1789 5741 lillCl‘lUS
1813 5706 1933 5753 IOCO,

352 5746 436 5802 tibi
460 5754 566 5818 sine
592 5706 705 5802 vitio
736 5744 789 5800 in
809 5751 980 5800 iisdem
1014 5751 1158 5803 editis
1188 5751 1359 5800 eadem
1390 5754 1634 5802 sententia
1658 5754 1733 5802 bis
1756 5763 1934 5818 terque

353 5816 606 5877 repetitur.

1772 336 2005 408 sanun
2036 347 2255 409 ccxui.

3514 350 3655 413 Mil!

2073 463 2349 519 Dominum
2371 466 2545 538 glorite
2566 469 2931 539 cntciﬁxissent
2955 468 3000 541 (l
3022 468 3137 525 Cor.
3167 478 3226 536 li,
3258 469 3333 539 8).
3369 468 3435 524 Et
3469 470 3652 525 Domi-

2072 571 2194 609 mun
2222 558 2403 627 gloriae
2424 562 2675 627 ostendit,
2704 564 3077 617 eternciﬁxum
3106 564 3495 619 confessuSest.
3521 565 3651 631 Quia
3734 598 3737 599 ν

2071 647 2258 727 si_quis
2287 651 2443 704 etiam
2484 662 2623 706 tuam
2658 655 2885 708 tunicam
2916 656 3077 709 illznsa
3105 662 3263 710 carne
3294 664 3380 710 tua
3411 658 3654 711 conseia-

2069 738 2176 804 dat,
2209 740 2302 794 tibi
2334 741 2457 796 facit
2479 744 2721 812 injuriam
2752 764 2763 800 :
2794 763 2893 801 nec
2918 749 2994 800 sic
3021 748 3216 800 clamas
3250 764 3343 816 pro
3375 758 3520 803 v'eSIe
3544 758 3651 816 tua,

2069 841 2126 885 ut
2152 833 2315 897 dicas,
2346 834 2657 892 Conscidisti
2689 840 2915 892 tunicam
2956 850 3155 903 meam;
3189 841 3298 905 Sed,
3334 842 3651 896 Consci'disti

2067 941 2173 985 me.
2206 926 2289 979 fila
2317 926 2382 981 de
2406 944 2488 983 me
2516 927 2705 983 fecisti.
2732 930 2987 1001 Loqueris
3012 934 3107 986 ista
3139 934 3361 1003 integer,
3387 944 3438 988 ct
3466 942 3651 989 verum

2068 1018 2217 1080 dicis,
2249 1029 2301 1073 et
2335 1018 2400 1074 de
2442 1034 2600 1074 carne
2634 1032 2717 1075 tua
2759 1023 2886 1076 nihil
2922 1025 3150 1077 detraxit
3181 1026 3267 1094 qui
3300 1027 3453 1079 laesit.
3486 1026 3570 1081 Sic
3598 1038 3653 1081 et

2068 1110 2320 1163 Dominus
2351 1111 2594 1166 Christus
2627 1115 2909 1168 crucifixus
2931 1124 3029 1170 est.
3056 1116 3313 1171 Dominus
3335 1127 3432 1179 est,
3465 1118 3652 1172 unicus

2066 1202 2205 1257 Patri
2253 1214 2366 1271 est;
2401 1206 2640 1260 Salvator
2680 1218 2860 1262 noster
2886 1218 2963 1261 est
2987 1252 2999 1273 ,
3037 1209 3287 1265 Dominus
3319 1210 3495 1278 gloria:
3526 1219 3647 1265 est:

2066 1304 2238 1349 tamen
2270 1298 2551 1352 crucifixus
2575 1308 2686 1363 est;
2714 1301 2805 1353 Sed
2836 1301 2886 1353 in
2909 1318 3087 1365 carne,
3119 1312 3169 1355 et
3193 1304 3430 1371 sepultus
3456 1303 3504 1356 in
3536 1304 3649 1357 sola

2064 1402 2241 1441 carne.
2273 1389 2401 1442 Nam
2434 1391 2517 1443 ubi
2540 1393 2775 1460 sepultus
2806 1402 2904 1457 est,
2935 1403 2987 1446 et
3017 1394 3226 1462 quando
3264 1397 3501 1463 sepultus
3528 1406 3609 1449 est
3632 1438 3646 1462 ,

2064 1487 2191 1533 tunc
2225 1480 2293 1533 ihi
2325 1498 2421 1535 nec
2450 1482 2623 1535 anima
2656 1482 2769 1536 fuit.
2799 1484 2921 1537 Sola
2963 1501 3123 1539 carne
3146 1486 3196 1538 in
3228 1487 3472 1555 sepulcro
3498 1488 3648 1556 jaee-

2064 1568 2170 1635 bat,
2198 1579 2249 1624 et
2287 1581 2457 1625 tamen
2504 1575 2774 1629 confiteris
2803 1575 2983 1629 Jesum
3013 1574 3279 1629 Christum
3314 1576 3500 1631 Filium
3533 1579 3647 1650 ejus

2063 1662 2307 1729 unicum,
2358 1666 2635 1721 Dominum
2686 1677 2953 1732 nostrum;
3008 1669 3094 1738 qui
3137 1681 3423 1737 conceptus
3453 1682 3533 1724 est
3581 1671 3648 1725 de

2062 1754 2259 1821 Spiritu
2286 1768 2486 1822 saneto,
2514 1767 2664 1814 natus
2692 1776 2755 1814 ex
2780 1762 2979 1830 virgine
3006 1761 3187 1827 Maria,
3212 1761 3297 1831 qui
3317 1762 3470 1815 Jesus
3490 1762 3645 1815 Chri-

2061 1856 2191 1912 Stus,
2228 1849 2411 1901 nuituis
2440 1848 2600 1903 Filius
2634 1850 2746 1917 Dei,
2793 1853 3047 1906 Dominus
3078 1863 3276 1906 noster.
3311 1850 3420 1906 Sub
3460 1853 3647 1907 Pontio

2063 1936 2230 1990 Pilato
2256 1942 2561 2005 crucifixus,
2595 1943 2681 2010 qui
2718 1941 2875 1997 Jesns
2903 1943 3164 2009 Christus,
3202 1943 3387 1996 unicus
3429 1942 3517 1997 Dei
3559 1943 3645 1997 Fi-

2061 2027 2179 2093 lius,
2211 2030 2459 2083 Dominus
2488 2041 2682 2085 noster.
2715 2034 2777 2086 lit
2802 2034 3059 2103 sepultus,
3086 2036 3172 2104 qui
3203 2035 3357 2089 Jesus
3381 2034 3643 2099 Christus,

2061 2122 2242 2173 tuiiens
2270 2122 2365 2175 Dei
2396 2122 2579 2189 Filius,
2615 2125 2866 2178 Dominus
2895 2135 3094 2179 noster.
3122 2125 3245 2180 Sola
3268 2144 3391 2181 caro
3409 2127 3569 2196 jacet,
3594 2134 3648 2181 et

2060 2222 2111 2265 tu
2137 2214 2285 2277 dicis,
2322 2215 2575 2269 Dominus
2606 2218 2823 2270 noster?
2854 2218 2999 2277 Dit‘O,
3036 2219 3190 2287 plane
3217 2216 3371 2273 dico:
3404 2221 3524 2288 quia
3559 2236 3649 2275 ve~

2058 2312 2190 2357 stem
2222 2302 2449 2373 intueor,
2480 2317 2533 2361 et
2564 2308 2808 2361 vestitum
2842 2309 3024 2362 adoro.
3049 2310 3181 2362 Caro
3208 2310 3294 2363 illa
3318 2302 3455 2363 illius
3483 2311 3645 2364 vesti-

2058 2406 2293 2449 mentum
2329 2400 2421 2450 fuit
2456 2417 2467 2451 :
2499 2400 2617 2468 quia
2650 2417 2762 2451 cum
2792 2400 2843 2452 in
2875 2401 3038 2467 forma
3068 2399 3161 2452 Dei
3186 2412 3329 2463 esset,
3364 2420 3461 2454 non
3501 2403 3643 2471 rapi—

2058 2507 2171 2542 nam
2195 2490 2464 2544 arbitratus
2486 2503 2557 2544 est
2580 2510 2682 2547 esse
2702 2496 2907 2561 tta/uatis
2930 2493 3038 2547 Deo
3056 2510 3075 2558 ,'
3096 2497 3183 2548 sed
3203 2496 3517 2564 semetipsum
3540 2497 3647 2549 exi-

2057 2585 2281 2647 nanirit,
2331 2588 2543 2653 formam
2588 2586 2714 2637 servi
2760 2587 3051 2653 accipiens,
3110 2604 3212 2639 non
3269 2586 3493 2641 fomlam
3552 2590 3644 2643 Dei

2057 2676 2306 2729 amittens
2330 2692 2343 2739 ;
2374 2677 2421 2728 in
2450 2676 2777 2730 similitudine
2802 2678 3061 2731 hominum
3090 2682 3274 2749 factus,
3299 2688 3342 2731 et
3363 2679 3534 2733 habitu
3563 2681 3644 2733 in-

2056 2778 2228 2818 ventus
2258 2776 2308 2817 ut
2340 2768 2487 2817 homo
2515 2765 2772 2837 (Philipp.
2807 2783 2862 2831 ll,
2896 2768 2947 2833 6,
2982 2766 3058 2837 7).

2125 2856 2346 2912 CAPUT
2391 2858 2478 2911 IV.
2508 2888 2577 2897 —
2604 2859 2655 2911 4.
2699 2857 2917 2911 Dextera
2946 2858 3040 2912 Dei
3060 2869 3245 2913 (eterna
3267 2854 3498 2931 [diritas
3525 2860 3642 2916 Non

2055 2959 2455 3003 contemnamus
2486 2950 2652 3002 solam
2675 2966 2887 3003 carnem
2920 2968 2931 3001 :
2961 2950 3170 3020 quando
3187 2950 3371 3020 jacuit,
3401 2961 3523 3004 tunc
3547 2968 3643 3007 nos

2056 3042 2203 3095 emit.
2230 3044 2401 3108 Quare
2428 3056 2522 3095 nos
2562 3043 2725 3096 emit?
2752 3042 2881 3107 Quia
2914 3058 3014 3094 non
3045 3059 3253 3112 semper
3277 3043 3444 3113 jacuit
3473 3064 3484 3098 :
3514 3044 3644 3099 'l‘er-

2061 3134 2127 3185 tia
2169 3133 2308 3185 enim
2350 3133 2433 3185 die
2475 3134 2767 3186 resurrexit
2803 3149 2830 3185 a
2864 3134 3106 3185 mortuis.
3156 3126 3266 3186 lloe
3311 3135 3549 3204 sequitur
3590 3136 3640 3190 in

2056 3222 2328 3293 Synibolo.
2357 3226 2483 3275 Cum
2507 3223 2733 3276 Confessi
2754 3223 3005 3277 fuerimus
3027 3223 3142 3291 ejus
3165 3224 3483 3292 passionem,
3508 3241 3641 3279 con-

2055 3318 2265 3370 fitemur
2290 3325 2342 3369 et
2368 3316 2833 3369 resurrectionem.
2870 3313 2920 3369 In
2947 3316 3194 3384 paSsione
3217 3316 3339 3385 quid
3370 3316 3509 3387 egit?
3540 3318 3644 3371 Do.

2059 3411 2165 3463 cuit
2187 3409 2309 3477 quid
2332 3409 2633 3462 toleremus.
2658 3408 2709 3461 In
2728 3410 3119 3462 resurrectione
3136 3409 3261 3478 quid
3284 3409 3426 3480 egit?
3450 3412 3642 3466 Osten-

2054 3505 2131 3558 dit
2169 3502 2294 3571 quid
2341 3517 2636 3571 speremus.
2673 3502 2767 3556 llic
2807 3518 2940 3572 Opus
2964 3544 2979 3569 ,
3013 3502 3086 3556 ibi
3129 3518 3334 3557 merces
3366 3523 3377 3557 :
3417 3520 3549 3573 opus
3586 3506 3639 3560 in

2056 3596 2323 3666 passione,
2356 3610 2561 3648 merces
2600 3595 2651 3648 in
2694 3595 3103 3649 resurrectione.
3151 3593 3278 3663 Nec,
3308 3596 3427 3665 quia
3459 3613 3639 3650 resur—
3712 3608 3713 3611 ‘

2055 3686 2191 3740 rexit
2220 3702 2248 3739 a
2291 3687 2545 3751 mortuis,
2594 3686 2677 3740 hic
2722 3686 2993 3740 remansit.
3041 3682 3143 3740 Sed
3193 3685 3317 3755 quid
3361 3689 3639 3757 sequitur?

2056 3779 2311 3834 Ascendit
2336 3780 2386 3832 in
2414 3781 2626 3834 ctelnm.
2660 3768 2725 3832 Et
2749 3779 2907 3833 modo
2938 3779 3022 3833 ubi
3052 3776 3168 3832 est?
3188 3778 3349 3835 Sedet
3370 3781 3433 3833 ad
3457 3780 3639 3834 dexte-

2056 3886 2169 3923 ram
2214 3871 2402 3923 Patris.
2447 3870 2683 3939 lntellige
2722 3870 3029 3935 dexteram,
3069 3887 3132 3923 ne
3164 3886 3371 3939 quazras
3408 3871 3477 3927 ibi
3505 3872 3637 3926 sini-

2055 3973 2238 4015 stram.
2275 3963 2496 4015 Dextera
2531 3962 2619 4015 Dei
2652 3960 2841 4014 dieitur
2882 3969 3076 4015 a-tcrna
3120 3956 3360 4017 felicitas.
3405 3956 3636 4019 Dextera

2056 4054 2148 4107 Dei
2188 4055 2379 4107 dicitur
2402 4054 2708 4117 incffabilis,
2744 4053 3144 4117 illﬂESlilllﬂiiiiiS,
3178 4052 3634 4122 ilufomprehensi-

2052 4145 2171 4197 bilis
2196 4144 2464 4197 beatitudo
2487 4154 2642 4212 atque
2672 4144 3011 4214 prosperitas.
3040 4144 3160 4197 [hec
3178 4152 3257 4197 est
3278 4144 3493 4198 dextera
3522 4146 3633 4202 Dei.

2050 4236 2123 4291 Ibi
2151 4237 2317 4289 sedet.
2348 4237 2483 4303 Quid
2513 4246 2613 4302 est,
2643 4236 2710 4289 lbi
2735 4236 2922 4288 sedet?
2951 4236 3021 4288 lbi
3050 4236 3267 4288 habitat.
3300 4237 3463 4289 Sedes
3493 4237 3633 4291 cuitu

2050 4330 2315 4391 dicuntur,
2352 4330 2437 4381 ubi
2466 4330 2687 4398 quisque
2730 4327 2947 4379 habitat.
2988 4327 3122 4380 Num
3164 4330 3303 4383 enim
3333 4328 3544 4399 quando
3576 4328 3637 4382 il-

2050 4423 2155 4475 lum
2176 4422 2302 4474 vidit
2328 4422 2628 4489 Stephanus
2646 4430 2875 4481 sanctus,
2906 4422 3259 4475 mentiebatur
3285 4424 3371 4492 (ιιιί
3401 4423 3627 4489 dicebat,

2049 4514 2211 4569 Sedet
2237 4515 2300 4567 ad
2338 4515 2609 4567 dexteram
2651 4511 2861 4565 Patris?
2888 4512 3163 4579 Quomodo
3191 4515 3329 4567 enim
3358 4514 3479 4567 dicit
3512 4515 3632 4568 Stc-

2048 4608 2257 4677 phanus
2285 4624 2296 4659 :
2331 4604 2460 4658 Ecce
2488 4621 2578 4675 ego
2600 4604 2739 4657 video
2762 4605 2940 4657 etclam
2968 4616 3212 4673 apertum,
3244 4616 3290 4657 et
3314 4607 3347 4655 lt
3362 4607 3503 4657 ilium
3534 4608 3629 4659 lio-

2048 4700 2198 4751 minis
2225 4708 2433 4749 stantem
2460 4698 2526 4747 ad
2555 4696 2807 4747 darteram
2856 4694 2945 4748 Dei
2978 4697 2993 4765 (
3018 4690 3125 4747 Act.
3158 4712 3225 4748 vu
3246 4737 3259 4761 ,
3305 4696 3371 4749 55
3392 4693 3457 4767 )?
3498 4696 3629 4765 Quia

2050 4792 2136 4846 ille
2168 4792 2296 4845 vidit
2325 4799 2572 4854 stantem,
2600 4787 2953 4842 mentiebatur
2982 4789 3111 4841 forte
3139 4789 3223 4859 qui
3250 4787 3457 4842 diccbat
3482 4799 3624 4855 tune,

2046 4884 2205 4939 Sedet
2250 4884 2313 4937 ad
2342 4884 2613 4936 dexteram
2647 4880 2854 4933 Patris?
2895 4881 3049 4934 Sedet
3090 4897 3250 4949 ergo,
3284 4880 3481 4935 dictum
3511 4878 3589 4935 es't
3612 4928 3625 4947 ,

2046 4986 2262 5040 manet,
2297 4973 2516 5027 habitat.
2547 4971 2858 5041 Quomodo?
2898 4972 3172 5041 Quomodo
3202 4982 3273 5025 tu.
3305 4974 3419 5040 Quo
3447 4974 3627 5028 statu?

2047 5070 2174 5138 Quis
2209 5069 2386 5123 dicet?
2424 5070 2668 5124 Dicamus
2699 5068 2839 5138 quod
2868 5068 3062 5133 docuit,
3096 5065 3333 5121 dicamus
3358 5070 3496 5139 quod
3528 5086 3625 5124 n0-

2042 5162 2233 5214 vimus.

2117 5252 2342 5307 CAPUT
2384 5252 2445 5305 V.
2476 5283 2545 5292 —
2572 5252 2625 5306 5.
2669 5253 2903 5305 Salvator
2951 5262 3135 5317 noster,
3178 5253 3339 5323 iudex
3379 5252 3543 5307 nOster
3582 5264 3627 5308 et

2046 5344 2336 5397 advocatus.
2380 5343 2554 5410 Quid?
2586 5343 2710 5399 Inde
2756 5352 3006 5396 venturus
3030 5336 3363 5412 judicaturus
3402 5345 3545 5397 vivos
3573 5334 3627 5400 et

2048 5446 2305 5490 mortuos;
2334 5438 2694 5489 Confiteamur
2718 5436 3069 5501 Salvatorem,
3095 5454 3159 5490 ne
3180 5438 3458 5490 timeamus
3481 5440 3624 5507 judi-

2044 5544 2181 5581 cem.
2213 5524 2311 5593 Qui
2340 5528 2482 5581 enim
2520 5510 2677 5579 niodo
2705 5527 2756 5579 in
2786 5544 2905 5581 cum
2938 5526 3124 5593 credit,
3154 5540 3205 5583 et
3229 5541 3487 5599 praecepta
3513 5532 3625 5599 ejus

2050 5620 2189 5683 facit,
2220 5629 2272 5673 et
2299 5620 2466 5688 diligit
2492 5636 2608 5671 eum
2628 5661 2640 5684 ,
2681 5636 2781 5671 non
2815 5621 3016 5673 timebit
3047 5622 3256 5689 quando
3283 5625 3459 5675 veniet
3480 5624 3625 5691 judi-

2045 5730 2167 5768 care
2199 5713 2346 5765 vivos
2372 5722 2423 5765 et
2445 5721 2682 5765 mortuos
2710 5731 2720 5766 :
2746 5728 2849 5766 non
2878 5714 3045 5768 solum
3071 5732 3173 5769 non
3208 5715 3430 5777 timebit,
3457 5715 3548 5768 sed
3572 5721 3628 5768 ut

2044 5808 2219 5863 veniat
2240 5806 2457 5875 optabit.
2485 5804 2619 5872 Quid
2639 5806 2781 5861 enim
2805 5806 2960 5863 nobis
2986 5809 3210 5877 felicius,
3235 5823 3392 5880 quam
3415 5804 3627 5880 quando
