3996 6460
422 359 566 417 1063

426 471 574 526 venit
615 483 773 540 quem
807 466 1194 533 desideramus,
1222 462 1435 536 quando
1471 461 1616 517 venit
1653 475 1812 532 quem
1861 471 2008 512 ama-

428 561 584 617 mus?
609 561 714 617 Sed
743 562 1042 624 timeamus,
1066 559 1186 630 quia
1204 557 1365 628 judex
1389 563 1570 610 uoster
1592 555 1713 610 erit.
1731 553 1830 621 Qui
1851 550 2010 606 modo

428 663 513 710 est
536 653 825 708 advocatus
840 661 1042 720 noster,
1063 653 1176 722 ipse
1199 661 1324 706 tunc
1339 650 1439 706 erit
1458 649 1620 720 judex
1647 658 1844 702 noster.
1874 643 2010 700 Audi

428 742 688 798 Joannem
716 758 732 797 :
767 761 787 796 ‹
814 742 872 799 Si
910 743 1204 798 dixerimus
1239 743 1362 812 quia
1406 749 1680 811 peccatum
1710 754 1813 794 non
1844 736 2013 791 habe-

429 849 581 899 mus,
631 850 732 890 nos
764 835 910 906 ipsos
936 835 1260 898 seducimus,
1292 841 1346 889 et
1383 833 1578 888 veritas
1617 832 1671 885 in
1712 830 1865 885 nobis
1908 841 2014 882 non

431 933 533 978 est.
579 922 634 980 Si
679 934 855 980 autem
897 925 1128 979 confessi
1172 924 1427 980 fuerimus
1467 931 1679 993 peccata
1728 929 1909 976 nostra
1935 959 1948 981 ,
1990 936 2010 970 ι

431 1015 586 1084 dixit,
621 1035 640 1068 ι
673 1017 844 1073 ﬁdelis
868 1028 951 1073 est
976 1025 1032 1072 et
1045 1018 1239 1088 justus,
1266 1018 1356 1088 qui
1376 1017 1608 1072 dimittat
1627 1014 1780 1070 nobis
1801 1019 2017 1082 peccata

433 1116 489 1162 et
515 1108 732 1163 mundet
758 1124 855 1164 nos
883 1109 952 1164 ab
975 1110 1118 1164 omni
1151 1110 1445 1180 iniquitate.
1469 1109 1594 1163 Haec
1618 1105 1805 1176 scripsi
1833 1103 1983 1158 vobis
2001 1145 2017 1169 ,

434 1207 492 1252 ut
512 1214 618 1253 non
643 1201 878 1270 peccetis
905 1218 918 1254 :
950 1210 1002 1256 et
1025 1200 1068 1256 si
1091 1200 1209 1270 quis
1236 1200 1554 1270 peccaverit,
1581 1197 1900 1252 advocatum
1926 1195 2023 1248 ha-

433 1287 624 1344 bemus
650 1290 788 1359 apud
817 1291 1048 1355 Patrem,
1079 1291 1258 1346 Jesum
1282 1291 1552 1345 Christum
1569 1290 1806 1359 justum;
1832 1296 1887 1342 et
1911 1287 2022 1356 ipse

435 1390 516 1434 est
545 1382 790 1435 exoratio
818 1393 1156 1451 peccatorum
1181 1391 1486 1437 nostrorum
1513 1399 1530 1432 ι
1559 1382 1598 1452 (l
1627 1379 1782 1432 Joan.
1813 1395 1849 1436 ι.
1882 1378 1979 1432 8-ιι
2002 1417 2018 1440 ,

433 1468 524 1540 2).
577 1470 632 1524 Si
657 1471 881 1527 haberes
919 1488 1131 1527 causam
1173 1473 1311 1542 apud
1351 1473 1580 1542 aliquem
1602 1470 1832 1540 judicem
1859 1484 2022 1538 agen-

435 1559 580 1628 dam,
609 1571 663 1617 et
687 1563 975 1619 instrueres
999 1565 1336 1630 advocatum,
1361 1579 1508 1619 esses
1536 1570 1815 1631 susceptus
1835 1563 1902 1616 ab
1932 1560 2026 1614 ad-

439 1661 660 1719 vocato,
691 1664 872 1725 ageret
910 1671 1122 1710 causam
1155 1665 1297 1710 tuam
1333 1657 1464 1709 sicut
1502 1663 1712 1724 posset;
1751 1663 1805 1708 et
1834 1654 1876 1708 si
1919 1667 2023 1706 non

437 1743 582 1798 illam
626 1745 862 1812 finisset,
895 1757 950 1802 et
989 1747 1198 1802 audires
1242 1747 1388 1800 illum
1429 1746 1661 1815 judicem
1710 1754 2021 1809 venturum;

439 1843 693 1904 quantum
719 1837 999 1906 gauderes,
1029 1839 1151 1907 quia
1182 1838 1295 1907 ipse
1325 1838 1485 1906 potuit
1531 1851 1652 1891 esse
1677 1836 1839 1906 judex
1881 1847 2022 1901 tuus,

438 1928 526 1996 qui
553 1927 648 1981 fuit
683 1930 840 1997 paulo
863 1940 985 1983 ante
1009 1929 1300 1985 advocatus
1331 1929 1484 1983 tuus?
1510 1930 1574 1983 Et
1601 1929 1758 1982 modo
1788 1929 1898 1997 ipse
1930 1941 2027 1998 pro

442 2017 596 2070 nobis
616 2028 754 2084 orat,
787 2018 898 2087 ipse
919 2033 1016 2088 pro
1040 2019 1192 2072 nobis
1214 2019 1532 2088 interpellat.
1559 2018 1881 2071 Advocatum
1905 2030 2024 2070 eum

440 2104 721 2170 habemus,
752 2116 806 2162 et
827 2107 1054 2176 judicem
1085 2109 1406 2162 timeamus?
1433 2109 1540 2162 lmo
1565 2108 1688 2178 quia
1716 2109 2026 2161 advocatum

443 2195 800 2264 prmmisimus
831 2200 1024 2263 securi,
1055 2199 1286 2268 judicem
1315 2209 1595 2254 venturum
1625 2213 1918 2266 speremus.

514 2285 740 2343 CAPUT
780 2287 868 2342 Vl.
896 2320 968 2329 —
996 2290 1048 2344 6.
1090 2289 1169 2343 De
1199 2289 1397 2359 Spiritu
1421 2300 1611 2344 sancto.
1644 2289 1732 2343 Sic
1759 2289 1918 2357 accipi
1943 2288 2031 2341 de-

443 2375 522 2430 bet
571 2376 794 2446 Spiritus
840 2391 1064 2446 sanctus,
1095 2389 1149 2434 ut
1194 2398 1294 2434 non
1319 2381 1552 2434 credatur
1571 2381 1736 2433 minor
1764 2396 1915 2449 quam
1935 2378 2031 2432 Fi-

445 2469 564 2536 lius,
602 2479 650 2524 et
675 2473 838 2525 minor
862 2490 1012 2542 quam
1041 2473 1214 2527 Pater.
1245 2474 1544 2528 Transitum
1580 2482 1662 2528 est
1687 2475 1738 2528 in
1777 2475 2031 2545 Symbolo

445 2563 586 2633 quod
613 2566 844 2634 pertinet
871 2568 936 2622 ad
956 2568 1135 2624 Jesum
1158 2568 1427 2625 Christum
1449 2571 1638 2624 Filium
1672 2571 1762 2625 Dei
1794 2572 2029 2636 unicum,

448 2653 728 2711 Dominum
775 2667 1015 2713 nostrum
1052 2677 1066 2715 :
1098 2662 1372 2730 sequitur,
1416 2662 1482 2716 Et
1530 2662 1583 2715 iu
1622 2662 1874 2730 Spiritum
1906 2675 2030 2714 san-

445 2755 610 2814 ctum,
655 2759 711 2802 ut
737 2752 1070 2819 compleatur
1097 2752 1349 2818 Trinitas,
1381 2754 1538 2808 Pater
1563 2765 1617 2808 et
1644 2754 1805 2809 Filius
1831 2765 1886 2810 et
1913 2754 2033 2824 Spi-

446 2839 581 2894 ritus
605 2849 838 2895 sanctus.
865 2842 933 2896 Et
952 2843 1019 2898 de
1046 2843 1180 2898 Filio
1205 2845 1370 2898 multa
1398 2855 1521 2899 sunt
1539 2845 1699 2912 dicta,
1724 2847 1841 2915 quia
1871 2846 2034 2900 Filius

447 2931 682 2999 suscepit
716 2931 984 2988 hominem
1009 2977 1025 2998 ,
1075 2936 1240 2989 Filius
1280 2937 1510 2992 Verbum
1552 2954 1677 2992 caro
1709 2939 1899 2992 iactum
1930 2947 2032 3006 est,

449 3035 554 3073 non
578 3022 754 3087 Pater,
779 3027 1128 3093 nonSpiritus
1147 3039 1362 3083 sanctus
1386 3047 1398 3083 :
1427 3031 1518 3084 sed
1542 3047 1755 3086 carnem
1785 3032 1900 3085 Filii
1927 3039 2033 3086 tota

449 3109 680 3166 Trinitas
710 3112 854 3168 fecit.
889 3115 1264 3187 lnseparahilia
1291 3120 1435 3174 enim
1468 3131 1591 3174 sunt
1621 3137 1778 3191 opera
1808 3123 2037 3177 Trinita-

451 3202 538 3256 tis.
561 3201 650 3256 Sic
674 3219 801 3275 ergo
828 3208 1050 3276 accipite
1071 3210 1322 3279 Spiritum
1350 3221 1611 3275 sanctum,
1637 3222 1693 3266 ut
1716 3230 1818 3268 non
1846 3215 2034 3268 creda-

450 3293 519 3347 tis
544 3295 806 3349 minorem
829 3312 949 3353 esse
974 3314 1129 3368 quam
1151 3299 1361 3364 Filium,
1389 3311 1442 3357 et
1459 3304 1720 3359 minorem
1741 3321 1858 3359 esse
1876 3322 2034 3375 quam

451 3383 683 3440 Patrem.
713 3386 872 3444 Pater
895 3389 1036 3444 enim
1067 3399 1121 3444 et
1150 3390 1314 3446 Filius
1344 3403 1400 3447 et
1422 3394 1652 3463 Spiritus
1687 3407 1904 3451 sanctus
1929 3407 2035 3451 tota

451 3474 683 3532 Trinitas
709 3494 844 3533 unus
864 3480 1025 3535 Deus.
1058 3482 1196 3536 Nihil
1226 3483 1294 3537 ibi
1325 3483 1506 3550 distat,
1537 3486 1666 3540 nihil
1696 3488 1919 3552 varium,
1954 3489 2035 3541 ni-

453 3567 524 3621 hil
555 3568 895 3637 defectivum,
925 3574 1057 3628 nihil
1096 3576 1248 3630 alteri
1276 3579 1634 3644 contrarium;
1668 3582 1869 3648 aequale
1898 3596 2038 3634 sem-

450 3678 566 3731 per,
615 3664 877 3720 invisibile
922 3678 976 3722 et
1022 3669 1451 3724 incommutabile
1490 3670 1645 3726 Pater
1684 3682 1736 3726 et
1783 3673 1942 3728 Filius
1985 3682 2039 3730 et

451 3755 681 3823 Spiritus
718 3769 950 3812 sanctus.
983 3758 1198 3816 Liberet
1239 3776 1336 3815 nos
1369 3761 1600 3816 Trinitas
1643 3779 1671 3817 a
1705 3765 2038 3819 multitudine

452 3860 809 3920 peccatorum.

521 3940 746 3998 CAPUT
789 3942 896 3998 Vll.
926 3975 1000 3986 —
1026 3944 1078 3998 7.
1125 3945 1318 3999 Sancta
1357 3945 1583 4000 Ecclesia
1623 3946 1868 4000 catholica
1903 3963 2036 4017 qum.

454 4033 668 4087 Inventa
694 4037 930 4089 meretrix
957 4046 1004 4090 et
1033 4038 1167 4106 facta
1196 4037 1353 4107 virgo.
1389 4037 1569 4091 Maria:
1597 4039 1794 4102 similis,
1828 4049 1874 4092 et
1909 4042 2040 4110 parit

454 4138 501 4182 et
535 4128 672 4196 virgo
705 4138 798 4182 est.
832 4129 947 4184 Jam
985 4130 1123 4198 quod
1151 4131 1388 4200 sequitur
1411 4131 1475 4185 ad
1509 4147 1605 4186 nos
1635 4133 1878 4201 pertinet,
1909 4135 2042 4188 San-

457 4228 594 4272 ctam
629 4221 938 4275 Ecclesiam.
963 4221 1151 4276 Sancta
1182 4222 1420 4277 Ecclesia
1450 4240 1547 4277 nos
1569 4240 1751 4278 sumus
1781 4243 1792 4276 :
1823 4225 1917 4279 sed
1935 4241 2040 4280 non

457 4312 535 4365 sic
563 4311 692 4375 dixi,
721 4313 846 4377 Nos,
876 4314 1021 4380 quasi
1054 4328 1177 4368 ecce
1206 4314 1292 4383 qui
1323 4315 1405 4368 hic
1431 4331 1632 4375 sumus,
1657 4318 1744 4386 qui
1777 4333 1861 4371 me
1883 4317 2041 4371 modo

457 4403 698 4457 audistis.
750 4404 1017 4474 Quotquot
1062 4405 1144 4459 hic
1184 4421 1402 4473 sumus,
1441 4407 1550 4463 Deo
1582 4411 1841 4480 propitio,
1886 4408 2041 4464 Chri-

459 4494 613 4547 stiani
647 4493 829 4548 ﬁdeles
861 4497 912 4548 in
942 4497 1038 4549 hac
1068 4497 1322 4564 ecclesia,
1360 4498 1410 4553 id
1453 4509 1556 4564 est,
1591 4500 1641 4553 iu
1675 4501 1772 4554 ista
1809 4502 2039 4569 civitate,

461 4595 718 4655 quotquot
756 4595 880 4640 sunt
923 4587 973 4639 in
1014 4587 1110 4640 ista
1139 4589 1388 4658 regione,
1417 4600 1678 4662 quotquot
1712 4602 1836 4646 sunt
1861 4593 1910 4647 in
1943 4594 2042 4648 ista

459 4678 752 4749 provincia,
775 4687 1034 4746 quotquot
1057 4689 1255 4734 suntet
1282 4691 1426 4735 trans
1453 4699 1617 4748 mare,
1645 4693 1903 4753 quotquot
1921 4693 2045 4738 sunt

465 4778 516 4826 et
540 4770 590 4823 in
624 4779 732 4824 toto
757 4769 888 4824 orbe
920 4778 1180 4825 terrarum
1207 4788 1220 4823 :
1252 4774 1498 4841 quoniam
1525 4790 1553 4826 a
1577 4775 1704 4828 solis
1731 4783 1849 4828 ortu
1879 4789 2044 4844 usque

461 4862 524 4916 ad
549 4877 795 4917 occasum
829 4862 1073 4917 laudatur
1101 4878 1292 4918 nomen
1325 4865 1528 4919 Domini
1573 4867 1589 4936 (
1615 4865 1758 4920 Psal.
1788 4882 1914 4932 cxu,
1947 4867 2042 4940 5).

463 4951 547 5009 Sic
567 4967 626 5008 se
653 4952 810 5008 habet
834 4954 1067 5008 Ecclesia
1084 4954 1344 5010 catholica
1367 4965 1536 5009 mater
1551 4966 1730 5010 nostra
1751 4973 1896 5025 vera,
1920 4974 2045 5014 vera

462 5046 602 5100 illius
639 5046 820 5114 sponsi
850 5046 1064 5114 conjux.
1097 5047 1429 5102 Honoremus
1458 5062 1573 5101 eam
1594 5088 1609 5113 ,
1637 5049 1758 5117 quia
1783 5050 1915 5103 tanti
1942 5050 2044 5104 Do-

461 5137 588 5193 mini
622 5147 859 5191 matrona
892 5146 991 5191 est.
1035 5136 1103 5190 Et
1136 5137 1259 5206 quid
1301 5137 1513 5190 dicam?
1543 5137 1726 5208 Magna
1754 5148 1836 5193 est
1864 5139 2044 5208 sponsi

463 5235 513 5282 et
557 5227 839 5297 singularis
867 5226 1132 5295 dignatio;
1175 5227 1510 5281 meretricem
1539 5228 1758 5294 invenit,
1790 5228 2046 5296 virginem

465 5320 608 5374 fecit.
631 5321 762 5386 Quia
787 5320 1034 5374 meretrix
1065 5318 1179 5382 fuit,
1200 5335 1304 5373 non
1337 5319 1494 5374 debet
1527 5334 1737 5387 negare,
1763 5333 1828 5372 ne
1856 5319 2046 5374 oblivi-

464 5421 644 5466 scatur
681 5411 1096 5467 misericordiam
1142 5412 1434 5468 liberantis.
1481 5412 1759 5481 Quomodo
1799 5427 1903 5466 non
1933 5422 2049 5468 erat

464 5503 748 5569 meretrix,
776 5503 988 5573 quando
1023 5511 1143 5572 post
1178 5503 1316 5557 idola
1356 5512 1411 5559 et
1443 5503 1704 5558 daemonia
1747 5503 2046 5559 fornicaba-

467 5593 592 5649 tur?
637 5594 938 5648 Fornicatio
986 5592 1161 5647 cordis
1201 5593 1253 5647 in
1299 5593 1544 5649 omnibus
1594 5593 1691 5650 fuit
1719 5612 1734 5650 :
1765 5595 1820 5650 in
1867 5596 2049 5666 paucis

469 5698 649 5750 carne,
681 5685 737 5738 in
759 5686 1008 5740 omnibus
1033 5685 1215 5742 corde.
1242 5687 1308 5741 Et
1338 5687 1511 5754 venit,
1542 5695 1597 5742 et
1622 5689 1876 5759 virginem
1905 5687 2046 5742 fecit.

470 5775 767 5833 Ecclesiam
804 5775 1062 5849 virginem
1099 5777 1244 5834 fecit.
1272 5778 1332 5834 In
1358 5779 1460 5834 tide
1502 5780 1650 5850 vingo
1671 5789 1773 5836 est.
1801 5778 1857 5834 ln
1885 5791 2047 5836 carne

1667 349 1726 404 S.
1765 340 2132 402 AUGUSTINI
2170 339 2471 397 EPISCOPI

3556 340 3702 397 1064

2120 470 2315 526 paucas
2345 456 2502 510 habet
2528 454 2760 524 virgines
2788 454 3214 510 sanctimoniales
3252 473 3267 511 :
3295 457 3346 510 in
3377 455 3480 511 fide
3510 474 3704 515 omnes

2119 547 2351 617 virgines
2385 547 2542 601 debet
2580 547 2775 602 habere
2804 557 2856 602 et
2889 549 3146 610 feminas,
3178 557 3232 602 et
3259 550 3420 604 viros.
3455 551 3528 605 lbi
3559 554 3704 630 enim

2121 637 2279 692 debet
2315 654 2432 694 esse
2459 644 2672 694 castitas
2696 648 2750 694 et
2782 641 2980 710 puritas
3002 650 3055 697 et
3081 643 3350 698 sanctitas.
3383 643 3513 698 Nam
3545 646 3710 700 vultis

2123 743 2281 783 nosse
2325 744 2480 799 quam
2519 730 2666 800 virgo
2715 730 2822 784 sit?
2863 731 3176 800 Apostolum
3223 733 3442 788 Paulum
3485 735 3707 802 audite,

2125 820 2350 874 amicum
2401 819 2583 890 sponsi
2637 820 2813 875 audite
2853 823 3112 878 zelanlem
3159 838 3376 893 Sponsa,
3425 842 3532 880 non
3584 828 3709 882 sibi.

2124 911 2308 981 Aptavi
2335 927 2440 979 vos,
2474 913 2660 982 inquit,
2690 914 2778 967 uni
2805 915 2928 968 viro.
2963 915 3218 971 Ecclesiae
3242 917 3451 975 dicebat
3481 937 3495 974 :
3527 932 3582 976 et
3625 923 3713 977 cui

2128 1001 2419 1056 Ecclesiae?
2458 1003 2802 1075 Quocumque
2839 1005 3052 1062 Littera:
3080 1008 3185 1062 illa;
3214 1012 3492 1078 pervenire
3523 1024 3709 1082 potue-

2127 1104 2269 1148 runt.
2295 1099 2336 1146 A
2343 1096 2474 1164 ptavi
2495 1113 2579 1150 vos
2604 1098 2692 1150 uni
2711 1099 2816 1151 viro
2835 1099 3071 1168 virginem
3092 1111 3284 1155 castam
3303 1104 3534 1159 exhibere
3557 1105 3714 1161 Chri-

2127 1195 2226 1242 sto.
2249 1186 2422 1241 Timeo
2449 1197 2634 1250 autent,
2663 1189 2814 1251 dixit,
2848 1207 2910 1243 ne
2933 1192 3059 1245 sicut
3091 1209 3294 1264 serpens
3331 1193 3490 1248 Evam
3519 1198 3718 1264 decepit

2129 1279 2317 1332 astutia
2349 1296 2460 1333 sua.
2488 1280 2722 1351 Serpens
2752 1282 2839 1336 ille
2864 1285 3120 1351 numquid
3147 1287 3493 1354 corporaliter
3514 1303 3719 1343 concu-

2130 1369 2246 1424 buit
2268 1386 2386 1426 cum
2415 1373 2561 1426 Eva?
2586 1372 2653 1426 Et
2681 1384 2856 1428 tamen
2882 1376 3234 1445 virginitatem
3265 1377 3444 1434 cordis
3472 1379 3590 1447 ejus
3621 1397 3716 1434 ex-

2132 1460 2336 1517 stinxit.
2370 1461 2480 1516 Hoc
2511 1463 2678 1526 timeo,
2710 1464 2872 1531 dicit,
2908 1483 2970 1520 ne
2993 1479 3381 1537 corrumpantur
3402 1481 3592 1525 mentes
3631 1489 3718 1524 ve-

2132 1563 2250 1607 stra:
2278 1569 2308 1605 a
2339 1555 2584 1620 castitate,
2610 1571 2722 1621 qua:
2759 1565 2830 1609 est
2857 1556 2910 1609 in
2938 1556 3139 1612 Christo
3166 1558 3184 1627 (
3207 1558 3248 1612 ll
3279 1559 3396 1615 Cor.
3428 1578 3500 1625 ιι,
3534 1561 3590 1625 2,
3625 1564 3660 1616 5
3679 1562 3716 1632 ).

2135 1643 2296 1714 Virgo
2332 1652 2416 1699 est
2442 1660 2568 1716 ergo
2600 1646 2838 1700 Ecclesia
2871 1665 2883 1699 :
2916 1649 3064 1717 virgo
3088 1658 3189 1712 est,
3217 1652 3366 1719 virgo
3400 1652 3486 1705 sit.
3519 1654 3724 1706 Caveat

2135 1737 2467 1791 seductorem
2486 1779 2500 1803 ,
2535 1754 2601 1793 ne
2629 1740 2862 1794 inveniat
2890 1752 3279 1811 corruptorem.
3313 1743 3470 1813 Virgo
3505 1755 3588 1798 est
3617 1746 3723 1798 Ec-

2134 1829 2315 1882 clesia.
2351 1828 2595 1884 Dicturus
2618 1845 2678 1884 es
2708 1831 2832 1884 mihi
2858 1832 2990 1886 forte
3015 1851 3029 1886 :
3058 1832 3114 1888 Si
3142 1834 3290 1904 virgo
3315 1845 3416 1898 est,
3447 1836 3724 1904 quomodo

2137 1919 2272 1988 parit
2296 1917 2467 1973 filios?
2498 1921 2604 1974 Aut
2635 1921 2678 1974 si
2709 1937 2811 1975 non
2841 1923 2979 1990 parit
3005 1923 3160 1990 lilios,
3185 1927 3450 1994 quomodo
3477 1927 3725 1982 dedimus

2137 2011 2350 2064 nomina
2372 2021 2574 2077 nostra,
2605 2022 2662 2068 ut
2685 2013 2752 2068 de
2771 2014 2886 2084 ejus
2909 2017 3197 2070 visceribus
3219 2021 3596 2074 nasceremur?
3621 2021 3728 2074 Re-

2139 2102 2376 2170 SpOndeo
2399 2120 2412 2155 :
2438 2104 2505 2158 Et
2531 2107 2678 2174 virgo
2699 2113 2800 2172 est,
2829 2116 2883 2161 et
2910 2109 3062 2175 parit.
3088 2109 3300 2162 Mariam
3325 2111 3578 2176 imitatur,
3601 2128 3728 2180 quae

2139 2195 2422 2250 Dominum
2471 2199 2694 2267 peperit.
2725 2198 2987 2269 Numquid
3028 2217 3131 2255 non
3160 2203 3308 2272 virgo
3348 2217 3528 2259 sancta
3558 2205 3728 2260 Maria

2137 2297 2193 2344 et
2215 2290 2438 2359 peperit,
2465 2300 2518 2344 et
2544 2293 2690 2360 virgo
2713 2295 3002 2361 permansit
3023 2294 3046 2347 ?
3071 2295 3160 2348 Sic
3187 2306 3240 2351 et
3267 2296 3520 2361 Ecclesia,
3552 2309 3608 2354 et
3631 2315 3734 2368 pa-

2139 2381 2245 2446 rit,
2277 2391 2331 2435 et
2359 2382 2506 2452 virgo
2536 2392 2636 2437 est.
2674 2384 2737 2437 Et
2777 2385 2820 2438 si
2863 2386 3204 2454 consideres,
3236 2389 3500 2444 Christum
3545 2393 3729 2460 parit:

2139 2471 2262 2541 quia
2292 2472 2527 2526 membra
2555 2472 2670 2543 ejus
2696 2483 2817 2528 sunt
2843 2476 2928 2544 qui
2957 2475 3309 2546 baptiZanlur.
3350 2478 3448 2534 Vos
3475 2482 3609 2544 estis,
3641 2483 3735 2536 iu-

2140 2567 2255 2635 quit
2281 2565 2594 2633 Apostolus,
2623 2583 2804 2636 corpus
2830 2566 3017 2622 Christi
3042 2580 3088 2622 et
3127 2573 3348 2625 membra
3379 2571 3398 2642 (
3421 2573 3437 2626 I
3467 2573 3584 2628 Cor.
3615 2591 3695 2628 xu
3715 2617 3731 2638 ,

2100 2699 2105 2703 .
2140 2655 2252 2720 27).
2273 2655 2327 2710 Si
2346 2671 2474 2726 ergo
2497 2657 2729 2711 membra
2745 2658 2944 2712 Christi
2965 2660 3120 2722 parit,
3137 2660 3314 2714 Marize
3334 2663 3597 2717 simillima
3620 2675 3735 2720 est.

2211 2745 2436 2800 CAPUT
2463 2745 2593 2800 Vill.
2617 2778 2688 2786 —
2707 2747 2756 2802 8.
2786 2747 3030 2802 Remissio
3055 2762 3369 2822 peccatorum
3393 2753 3446 2804 in
3466 2751 3739 2822 Baptismo

2142 2844 2188 2889 et
2213 2837 2440 2889 oratione
2462 2837 2732 2891 dominica.
2761 2837 3097 2903 Quotidianus
3121 2841 3411 2912 baptismus.
3437 2843 3742 2899 Remissioo

2145 2943 2267 2981 nem
2299 2939 2656 2997 peccatorum.
2693 2930 2816 2985 Haec
2841 2931 2892 2984 in
2919 2931 3153 2987 Ecclesia
3184 2935 3228 2988 si
3259 2950 3361 2989 non
3387 2945 3556 3000 esset,
3586 2937 3740 2991 nulla

2144 3033 2266 3087 spes
2294 3028 2439 3074 esset
2467 3037 2478 3072 :
2511 3021 2754 3075 remissio
2785 3032 3119 3090 peccatorum
3164 3025 3210 3078 si
3255 3026 3306 3078 in
3349 3027 3584 3081 Ecclesia
3619 3043 3742 3082 non

2144 3121 2316 3172 esset,
2366 3112 2504 3167 nulla
2545 3112 2734 3166 futurre
2773 3115 2894 3169 vita:
2929 3127 2982 3170 et
3011 3117 3336 3173 liberationis
3365 3130 3577 3174 mternze
3606 3137 3742 3190 spes

2143 3214 2304 3258 esset.
2330 3205 2537 3260 Gratias
2557 3207 2763 3276 agimus
2786 3209 2913 3274 Deo,
2941 3209 3030 3279 qui
3057 3211 3305 3266 Ecclesia:
3329 3228 3438 3268 sum
3463 3214 3607 3268 dedit
3631 3216 3743 3270 hoc
3790 3218 3803 3230 '

2145 3297 2363 3352 donum.
2397 3299 2530 3354 Ecce
2560 3301 2765 3354 venturi
2797 3302 2926 3356 estis
2953 3303 3016 3356 ad
3047 3304 3242 3360 fontem
3271 3317 3528 3368 sanctum,
3563 3309 3740 3364 dilue-

2146 3388 2273 3441 mini
2305 3390 2608 3456 Daptismo,
2635 3391 2850 3446 salutari
2882 3393 3090 3448 lavacro
3126 3401 3542 3467 regenerationis
3572 3419 3740 3457 reno-

2145 3481 2429 3546 vabimiui;
2459 3484 2609 3536 eritis
2635 3484 2749 3538 sine
2776 3486 2881 3540 ullo
2913 3497 3150 3554 peccato,
3178 3491 3528 3549 ascendentes
3551 3494 3619 3549 de
3645 3496 3740 3550 illo

2147 3572 2376 3628 lavacro.
2425 3574 2612 3628 Omnia
2661 3592 2779 3643 quae
2825 3592 2917 3632 vos
2963 3581 3225 3646 praeterita
3257 3585 3735 3654 persequebantur,

2148 3663 2215 3716 ibi
2241 3663 2574 3718 delebuntur.
2599 3665 2862 3736 Egyptiis
2885 3669 3280 3738 insequentibus
3304 3672 3565 3730 lsraelitas
3585 3678 3741 3731 simi-

2149 3755 2215 3808 lia
2246 3765 2396 3809 erant
2424 3767 2594 3810 vestra
2631 3768 2841 3824 peccata
2864 3800 2878 3820 ,
2919 3765 3389 3832 persequentibus,
3433 3767 3526 3821 sed
3569 3785 3742 3839 usque

2148 3845 2210 3898 ad
2235 3863 2380 3899 mare
2395 3847 2632 3901 Rubrum
2656 3847 2846 3920 (Exod.
2867 3852 3003 3923 xlv).
3027 3853 3161 3920 Quid
3183 3864 3288 3920 est,
3311 3873 3479 3927 usque
3499 3859 3564 3912 ad
3588 3877 3742 3916 mare

2149 3937 2424 3991 Rubrum?
2457 3939 2632 4008 Usque
2656 3940 2720 3994 ad
2751 3940 2946 3995 fontem
2982 3943 3176 3998 Christi
3215 3961 3373 4001 cruce
3399 3959 3452 4003 et
3479 3953 3740 4021 sanguine

2149 4039 2536 4082 consecratum.
2575 4030 2722 4097 Quod
2751 4033 2890 4087 enim
2924 4034 3137 4090 rubrum
3165 4049 3266 4102 est,
3301 4039 3474 4094 rubet.
3508 4041 3624 4095 Non
3659 4045 3739 4097 vi-

2149 4118 2242 4172 des
2290 4119 2554 4187 quomodo
2600 4123 2789 4176 rubeat
2837 4139 2958 4191 pars
2989 4123 3223 4180 Christi?
3253 4127 3521 4202 interroga
3554 4137 3741 4189 oculos

2151 4210 2294 4264 fidei.
2327 4211 2382 4264 Si
2411 4227 2623 4267 crucem
2665 4214 2812 4268 vides
2831 4257 2846 4278 ,
2875 4217 3090 4272 attende
3118 4228 3171 4272 et
3199 4235 3465 4276 cruorem.
3508 4224 3564 4278 Si
3593 4226 3744 4280 vides

2151 4301 2288 4368 quod
2317 4301 2542 4368 pendet,
2570 4304 2782 4359 attende
2812 4306 2952 4374 quod
2993 4307 3142 4362 fudit.
3175 4309 3378 4364 Lancea
3413 4313 3740 4378 perforatum

2151 4403 2234 4450 est
2275 4395 2411 4449 latus
2435 4396 2665 4462 Christi,
2695 4409 2749 4452 et
2773 4403 3004 4455 manavit
3039 4405 3261 4471 pretium
3292 4418 3530 4461 nostrum
3561 4409 3740 4480 (Joan.

2151 4504 2266 4554 XIX,
2292 4489 2400 4557 54).
2429 4488 2548 4543 Ideo
2569 4491 2720 4560 signo
2739 4490 2932 4545 Christi
2955 4493 3188 4562 signatur
3211 4496 3533 4562 Baptismus,
3566 4502 3616 4554 id
3637 4513 3743 4570 est,

2152 4597 2285 4650 aqua
2315 4581 2404 4635 ubi
2433 4583 2689 4652 tingimini
2709 4624 2726 4652 ,
2755 4593 2808 4638 et
2837 4586 2986 4654 quasi
3018 4588 3068 4640 in
3100 4590 3229 4641 mari
3258 4588 3441 4645 Rubro
3483 4595 3739 4648 transitis.

2153 4672 2371 4727 Peccata
2411 4685 2616 4742 vestra,
2669 4677 2847 4733 hostes
2891 4681 3047 4734 vestri
3092 4689 3234 4734 sunt.
3277 4682 3619 4751 Sequuntur,
3649 4688 3744 4743 sed

2154 4781 2320 4834 usque
2347 4765 2410 4820 ad
2442 4782 2608 4821 mare.
2641 4768 2770 4823 Cum
2816 4786 2910 4826 vos
2957 4773 3310 4840 intraveritis,
3350 4777 3623 4838 evadetis.
3657 4781 3746 4836 illa

2154 4856 2470 4911 delebuntur
2501 4877 2513 4911 :
2545 4860 2811 4928 quomodo
2840 4863 3184 4919 evadentibus
3213 4882 3308 4936 per
3339 4867 3542 4924 siccum
3579 4872 3749 4926 Israe—

2154 4947 2278 5012 litis,
2312 4964 2445 5018 aqua
2473 4951 2748 5018 cooperuit
2772 4951 3068 5021 Egyptios.
3106 4957 3170 5010 Et
3197 4957 3320 5026 quid
3349 4958 3480 5012 dicit
3503 4960 3745 5030 Scriptu-

2153 5042 2252 5096 ra?
2283 5041 2427 5096 Unus
2458 5060 2519 5095 ea:
2547 5044 2616 5096 eis
2644 5060 2742 5098 non
2772 5048 3007 5098 remansit
3041 5047 3206 5116 (Psal.
3235 5065 3320 5118 cv,
3350 5051 3461 5124 Η).
3507 5054 3745 5109 Peccasti

2154 5137 2350 5201 multa,
2374 5138 2604 5206 peccasti
2632 5153 2828 5208 pauca;
2861 5146 3088 5207 peccasti
3115 5157 3301 5211 magna
3319 5185 3334 5208 ,
3364 5147 3594 5212 peccasti
3623 5162 3749 5214 par—

2155 5245 2220 5284 va
2255 5247 2268 5284 :
2297 5230 2438 5299 quod
2469 5239 2551 5284 est
2578 5231 2753 5285 minus
2782 5246 2848 5286 ex
2873 5233 2949 5286 eis
2979 5248 3079 5286 non
3111 5235 3424 5289 remansit‘.
3459 5235 3564 5292 Sed
3603 5254 3746 5307 quo-

2156 5322 2294 5375 niam
2324 5321 2507 5376 victuri
2540 5336 2723 5375 sumus
2752 5321 2801 5376 in
2835 5323 2936 5376 isto
2960 5325 3187 5392 sarculo,
3215 5326 3304 5380 ubi
3331 5329 3449 5398 quis
3480 5345 3586 5384 non
3616 5330 3752 5385 vivit

2155 5413 2270 5468 sine
2306 5422 2556 5483 peccato;
2598 5413 2716 5468 ideo
2754 5414 2997 5469 remissio
3036 5427 3369 5486 peccatorum
3415 5436 3519 5475 non
3564 5431 3640 5474 est
3689 5423 3748 5475 in

2157 5506 2267 5559 sola
2290 5506 2557 5560 ablatione
2577 5507 2714 5561 sacri
2735 5505 3093 5576 Baptismatis,
3122 5509 3214 5564 sed
3241 5511 3400 5565 etiam
3430 5513 3482 5566 in
3504 5514 3752 5570 oratione

2223 5659 2241 5690 ί
2266 5663 2404 5708 Forte
2431 5659 2676 5736 :t’eccasti
2707 5658 2884 5736 amttal,
2923 5662 3133 5736 peccasti
3166 5675 3356 5736 pauca;
3394 5674 3602 5728 peccasts
3635 5679 3752 5716 m-

2156 5733 2252 5784 gna
2266 5757 2287 5792 ,‘
2303 5721 2509 5792 peccasti
2529 5729 2678 5784 parva
2695 5734 2722 5792 _:
2741 5720 3022 5773 delebuntur
3051 5720 3236 5792 ρηυιὶα,
3261 5734 3307 5779 ει
3326 5720 3550 5792 MM
3565 5740 3754 5792 ma;

2159 5783 2287 5846 quod
2305 5783 2395 5844 est,
2423 5783 2552 5835 Unus
2573 5796 2638 5834 ea;
2660 5783 2731 5835 eis
2746 5797 2840 5835 non
2857 5786 3101 5838 remansit.
