4070 6330
306 327 451 387 {06b

307 440 575 502 dominica
593 450 649 499 et
664 439 991 513 quotidiana,
1018 453 1175 511 quam
1198 447 1323 511 post
1345 445 1467 495 octo
1489 435 1606 494 dies
1628 433 1898 506 accepturi

306 538 459 595 estis.
490 535 550 591 In
577 536 665 592 illa
691 534 971 591 invenietis
1009 533 1157 603 quasi
1186 530 1550 603 quotidianum
1576 529 1896 600 baptismum

306 639 570 694 vestrum,
598 636 658 684 ut
682 628 849 699 agatis
872 624 1204 697 Deo'gratias
1232 624 1321 695 qui
1346 622 1560 679 donavit
1584 623 1686 677 hoc
1706 634 1900 677 munus

308 722 566 780 Ecclesia:
589 736 700 777 suae
717 762 732 788 ,
758 719 902 791 quod
927 718 1246 775 conﬁtemur
1283 718 1336 773 in
1366 715 1623 788 Symbolo
1648 734 1662 770 :
1691 725 1750 769 ut
1777 729 1900 769 cum

306 802 623 880 dixei'imus,
654 812 902 870 Sanctam
932 810 1259 877 Ecclesiam;
1291 808 1660 880 adjungamus,
1688 805 1900 862 Remis-

306 908 514 963 sionem
542 912 902 976 peccatorum.

379 997 608 1054 CAPUT
635 995 727 1052 1X.
748 1026 816 1038 -—
842 996 895 1052 9.
922 994 1101 1050 Carnis
1124 992 1421 1048 resurrectio
1444 990 1608 1064 qualis
1633 989 1899 1062 promissa.

307 1092 438 1149 Post
464 1090 581 1145 haec
601 1130 617 1158 ,
648 1089 839 1145 Carnis
875 1088 1341 1144 resurrectionem.
1384 1087 1491 1142 lste
1510 1086 1621 1156 jam
1650 1084 1769 1139 ﬁnis
1797 1093 1898 1139 est.

307 1183 414 1241 Sed
444 1184 565 1237 ﬁnis
607 1183 724 1238 sine
767 1182 872 1236 ﬁne
913 1182 1015 1236 erit
1056 1180 1377 1236 resurrectio
1419 1179 1615 1233 carnis.
1654 1176 1761 1233 Sed
1802 1176 1904 1232 erit

307 1286 494 1347 postea
516 1274 661 1330 nulla
687 1287 834 1329 mors
853 1273 1050 1337 carnis,
1075 1271 1232 1327 nullae
1253 1271 1512 1341 angustiae
1536 1269 1729 1334 carnis,
1757 1268 1903 1323 nulla

306 1366 477 1422 fames
504 1374 558 1421 et
593 1365 713 1421 sitis
748 1364 925 1420 carnis
944 1406 960 1432 ,
993 1363 1155 1418 nullae
1183 1361 1497 1416 aﬂlictiones
1519 1360 1727 1427 carnis,
1757 1358 1901 1414 nulla

305 1465 559 1514 senectus
586 1466 642 1513 et
664 1456 921 1513 lassitudo
944 1456 1141 1513 carnis.
1168 1455 1286 1510 Noli
1322 1469 1449 1526 ergo
1478 1440 1701 1508 horrere
1726 1452 1904 1508 carnis

307 1550 780 1606 resurrectionem.
824 1547 972 1603 Bona
1016 1547 1131 1618 ejus
1178 1545 1334 1611 vide,
1382 1544 1521 1599 mala
1565 1543 1899 1599 obliviscere.

305 1640 534 1696 Prorsus
575 1638 833 1710 quidquid
879 1638 1221 1709 querelarum
1262 1645 1347 1692 est
1385 1635 1677 1691 carnalium
1719 1633 1899 1701 modo,

306 1740 435 1787 tunc
454 1731 524 1786 ibi
549 1746 653 1785 non
677 1732 797 1785 erit.
825 1729 1036 1785 rEterni
1058 1729 1281 1795 erimus,
1311 1726 1544 1797 aequales
1569 1724 1785 1796 Angelis
1807 1723 1903 1778 Dei

309 1822 524 1895 (Matth.
547 1839 677 1890 mi,
701 1823 814 1895 30).
836 1822 1009 1879 Unam
1030 1838 1153 1877 cum
1174 1820 1391 1892 Angelis
1410 1818 1610 1874 sanctis
1633 1817 1901 1873 civitatem

305 1916 625 1971 habebimus
644 1957 659 1980 ,
691 1930 721 1968 a
753 1915 977 1970 Domino
1007 1912 1429 1985 possidebimur,
1462 1908 1749 1965 brereditas
1785 1907 1902 1978 ejus

306 2008 537 2072 erimus,
567 2017 623 2064 et
651 2008 766 2077 ipse
801 2006 1089 2062 baereditas
1131 2012 1311 2059 nostra
1349 2003 1452 2057 erit
1481 2018 1494 2055 :
1524 2000 1772 2072 quoniam
1801 1999 1900 2069 ipsi

304 2100 534 2155 dicimus
565 2099 747 2166 modo,
784 2098 1033 2153 Dominus
1072 2113 1193 2168 pars
1226 2094 1532 2150 hteredt'talt's
1568 2108 1695 2148 mea:
1725 2090 1899 2163 (Psal.

304 2210 396 2259 xv,
426 2194 504 2264 5).
539 2194 604 2248 Et
631 2193 698 2249 de
727 2192 881 2247 nobis
908 2191 1108 2246 dictum
1132 2197 1215 2244 est
1238 2187 1374 2242 Filio
1401 2187 1565 2257 ipsius
1590 2202 1605 2241 :
1633 2184 1848 2239 Postulo
1871 2202 1904 2237 α

304 2300 404 2351 me,
430 2294 477 2339 et
500 2284 629 2337 dabo
650 2282 740 2337 tibi
759 2292 927 2354 gentes
948 2281 1288 2335 [nereditatem
1310 2288 1446 2332 tuam
1469 2276 1581 2348 (Id.
1596 2294 1653 2343 it,
1677 2276 1757 2347 8).
1781 2276 1904 2332 Pos-

263 2418 275 2427 .
303 2375 617 2440 side-bimus,
640 2382 695 2429 et
715 2373 1136 2443 possidebimur;
1160 2371 1481 2437 tenebimus,
1503 2379 1558 2425 et
1577 2369 1899 2425 tenebimur.

304 2466 443 2534 Quid
485 2466 695 2521 dicam?
741 2463 1010 2531 Colimur,
1059 2472 1113 2519 et
1158 2463 1403 2517 colimus.
1445 2461 1552 2517 Sed
1590 2462 1817 2516 colimus
1843 2470 1903 2515 ut

304 2558 501 2623 Deum,
534 2557 761 2613 colimur
786 2564 847 2611 ut
869 2571 1016 2626 ager.
1050 2553 1123 2610 Ut
1151 2554 1332 2608 sciatis
1360 2554 1482 2623 quia
1511 2553 1766 2618 colimur,
1800 2553 1904 2607 Do-

303 2649 508 2705 minum
539 2648 719 2703 audite
750 2666 763 2702 :
793 2646 904 2719 Ego
930 2663 1045 2701 sum
1070 2646 1183 2700 vitis
1210 2661 1347 2713 vera,
1376 2660 1463 2699 vos
1486 2645 1604 2699 estis
1624 2653 1899 2711 sarmenta,

305 2740 467 2796 Pater
487 2756 625 2794 meus
649 2740 874 2811 agricola
886 2737 1063 2810 (Joan.
1083 2739 1241 2804 xv,i,
1259 2738 1337 2808 5).
1353 2735 1409 2792 Si
1430 2736 1662 2807 agricola
1686 2735 1898 2803 dicitur,

302 2847 489 2902 agrum
510 2832 655 2886 colit.
673 2831 844 2898 Quem
864 2828 1083 2901 agrum?
1105 2827 1244 2884 Colit
1266 2844 1385 2884 nos.
1405 2828 1476 2884 Et
1495 2828 1724 2899 agricola
1747 2837 1902 2884 terra:

303 2923 464 2995 hujus
504 2924 727 2978 visibilis
764 2937 919 2979 arare
959 2931 1168 2993 potest,
1207 2921 1392 2978 fodere
1420 2931 1630 2992 potest,
1662 2922 1903 2992 plantare

303 3025 514 3090 potest;
540 3016 713 3087 rigare
733 3058 748 3083 ,
780 3015 826 3071 si
854 3030 1045 3086 aquam
1074 3014 1338 3070 invenerit
1357 3059 1372 3080 .
1399 3021 1614 3085 potest:
1643 3012 1902 3084 numquid

303 3116 482 3179 potest
507 3107 896 3162 incrementum
920 3104 1070 3171 dare,
1096 3120 1316 3175 germen
1343 3104 1574 3161 educere
1598 3105 1654 3159 in
1678 3114 1899 3171 terram,

304 3199 542 3255 radicem
569 3197 753 3268 ﬁgere,
782 3197 837 3252 in
861 3211 1019 3252 auras
1043 3211 1381 3268 promovere,
1407 3196 1574 3251 robur
1596 3195 1793 3251 addere
1818 3213 1904 3252 ra-

304 3291 444 3355 mis,
492 3289 752 3344 t‘ructibus
795 3302 1058 3353 onerare,
1101 3286 1243 3342 foliis
1284 3286 1608 3342 honestare?
1646 3286 1902 3358 numquid

305 3382 536 3453 agricola
568 3381 778 3452 potest?
821 3380 1065 3451 Agricola
1109 3388 1290 3435 tamen
1332 3388 1514 3435 noster
1556 3379 1700 3434 Deus
1746 3380 1904 3435 Pater

305 3473 486 3529 omnia
515 3474 618 3528 ista
648 3478 824 3541 potest
856 3471 911 3525 in
946 3469 1120 3526 nobis.
1151 3470 1365 3537 Quare?
1391 3468 1524 3537 Quia
1550 3470 1821 3526 credimus
1848 3472 1903 3526 in

307 3564 478 3620 Deum
524 3563 735 3617 Patrem
781 3561 1223 3631 omnipotentem.
1274 3559 1417 3630 Ergo
1458 3568 1637 3616 tenete
1673 3562 1815 3632 quod
1848 3571 1905 3617 et

304 3654 687 3727 proposuimus
720 3653 906 3721 vobis,
945 3662 1001 3708 et
1033 3650 1302 3724 quomodo
1331 3652 1475 3709 Deus
1500 3652 1629 3710 dare
1657 3654 1904 3727 dignatus

306 3754 391 3805 est
416 3744 778 3816 exposuimus.

837 3884 1066 3943 senuo
1101 3840 1353 3942 ccxer

739 4019 792 4063 In
829 4012 1107 4063 traditione
1132 4010 1366 4077 Symboli,
1400 4026 1467 4063 in.

382 4121 436 4175 l.
469 4118 768 4190 Symbolum
787 4119 907 4187 ﬁdei
926 4133 1017 4173 cur
1033 4118 1335 4173 institutum.
1366 4118 1473 4175 Pro
1494 4118 1710 4176 modulo
1731 4122 1903 4178 artatis

308 4211 838 4280 rudimentorumque
877 4219 1212 4277 nostrorum,
1246 4225 1343 4281 pro
1382 4210 1629 4269 tirocinio
1668 4217 1904 4288 suscepti

311 4303 553 4359 muneris
577 4311 735 4372 atque
760 4302 815 4357 in
846 4316 945 4358 vos
969 4301 1269 4358 dilectionis
1295 4302 1517 4371 affectu,
1545 4306 1634 4376 qui
1657 4306 1767 4377 jam
1796 4308 1902 4362 mi-

309 4393 601 4449 nistrantes
626 4392 780 4447 altari
797 4433 814 4459 ,
844 4408 951 4463 quo
975 4394 1239 4449 accessuri
1267 4393 1426 4461 estis,
1453 4396 1773 4464 assistimus,
1805 4414 1905 4455 nec

310 4484 609 4541 ministerio
646 4485 910 4541 sermonis
938 4499 1033 4540 vos
1061 4484 1309 4541 fraudare
1339 4485 1598 4542 debemus
1628 4487 1727 4559 (α).
1762 4493 1904 4560 Apo-
1932 4518 1933 4523 π

310 4579 482 4635 stolus
501 4577 629 4634 dicit
658 4596 673 4633 :
707 4596 727 4629 ‹
757 4577 1017 4644 Quoniam
1044 4578 1089 4633 si
1117 4578 1394 4634 confessus
1420 4579 1582 4635 lucris
1612 4580 1666 4635 in
1692 4596 1786 4638 ore
1812 4590 1904 4640 tuo

310 4671 434 4742 quia
465 4670 722 4725 Dominus
756 4679 839 4726 est
865 4669 1053 4735 Jesus,
1083 4678 1137 4725 et
1176 4669 1466 4726 credideris
1509 4671 1563 4725 in
1607 4672 1770 4729 corde
1811 4683 1904 4729 tuo

312 4761 437 4832 quia
466 4762 902 4817 Dominus‘illum
932 4762 1205 4815 suscitavit
1232 4777 1263 4815 a
1289 4763 1542 4830 mortuis,
1570 4764 1747 4820 salvus
1772 4767 1901 4821 eris.

313 4853 489 4910 Corde
513 4857 656 4909 enim
684 4854 921 4911 creditur
943 4853 1009 4908 ad
1031 4854 1324 4922 justitiam;
1354 4868 1449 4910 ore
1472 4857 1738 4911 confessio
1759 4858 1817 4911 ﬁt
1838 4859 1903 4913 ad

314 4945 577 5001 salutem»
607 4944 784 5017 (Rom.
806 4962 862 5013 ι,
882 4945 975 5001 9st
995 4946 1106 5016 10).
1129 4944 1241 4999 Hoc
1258 4944 1475 5000 invohis
1500 4945 1726 5002 atdiﬁcat
1752 4949 1906 5021 Syra.

313 5036 495 5092 bolum
518 5079 534 5103 ,
563 5037 704 5107 quod
738 5046 793 5093 et
818 5037 1039 5094 credere
1072 5046 1127 5091 et
1152 5036 1389 5091 conﬁteri
1421 5036 1656 5103 debetis,
1691 5048 1749 5093 ut
1775 5041 1905 5095 salvi

315 5144 437 5184 esse
464 5130 700 5199 possitis.
734 5128 803 5183 Et
830 5144 893 5183 ea
922 5127 1134 5199 quidem
1158 5169 1172 5195 ,
1213 5143 1331 5197 qua:
1373 5122 1607 5182 breviter
1641 5134 1907 5200 accepturi

315 5220 485 5288 estis,
527 5219 829 5276 mandanda
872 5219 1144 5275 memoria:
1187 5227 1241 5275 et
1277 5234 1370 5275 ore
1413 5219 1758 5289 proferenda,
1800 5240 1905 5281 non

380 5375 398 5397 ‘
419 5374 578 5425 Prodit
599 5386 727 5424 nunc
747 5374 954 5436 primum
985 5386 1049 5422 ex
1074 5372 1350 5436 Remigiano
1372 5371 1494 5436 libro
1506 5382 1621 5425 ante
1640 5388 1793 5428 annos
1812 5380 1908 5429 cir-

315 5438 443 5508 citer
478 5434 833 5508 octingentosg
847 5436 1108 5508 descripto,
1134 5434 1340 5505 postque
1381 5434 1645 5487 editionem
1679 5450 1910 5503 repertus

316 5506 397 5550 est
443 5499 590 5548 etiam
612 5498 666 5546 in
683 5504 768 5548 us.
785 5498 1178 5547 Theodericensi.

380 5560 457 5621 (α)
476 5560 594 5627 Hinc
614 5558 810 5609 habitus
832 5571 995 5627 sermo
1027 5557 1318 5627 intelligitur
1334 5576 1480 5627 anno
1502 5562 1611 5627 591,
1642 5577 1740 5627 quo
1762 5566 1910 5627 erepit

317 5622 616 5688 Augustinus
640 5630 835 5688 creatus
866 5622 1193 5688 Hipponensis
1218 5624 1471 5688 presbyter
1502 5622 1640 5674 altari
1659 5622 1907 5676 ministra-

318 5681 415 5745 [εξ
434 5684 619 5747 primus
642 5684 767 5732 torte
787 5681 951 5747 queui
972 5681 1057 5731 ille
1096 5681 1231 5747 dixit
1251 5681 1507 5747 post'cum
1551 5700 1819 5747 secessum,
1843 5688 1907 5737 de

319 5744 423 5812 quo
552 5755 723 5812 usque
743 5744 999 5812 adrascha
1022 5744 1346 5812 perennendo
1381 5750 1493 5812 egit,
1514 5748 1644 5812 apud
1667 5744 1909 5800 valer'itun

318 5804 373 5862 ﬁt
395 5804 598 5871 epistola
620 5804 697 5855 21.
718 5804 889 5856 confer
911 5804 1162 5855 exordium
1184 5804 1551 5861 sermonis'216.

565 5891 792 5956 Sacr.
825 5892 1102 5955 Aususr.
1143 5894 1219 5954 V.

1651 315 1879 377 SERMO
1916 314 2144 375 CCXIII.

3447 318 3589 376 {066

2002 415 2141 488 nova
2170 429 2255 488 vel
2285 431 2517 488 inaudita
2545 438 2670 488 sunt
2693 428 2864 486 vobis.
2894 427 3027 485 Nam
3054 428 3107 486 in
3134 426 3331 485 sanctis
3353 427 3592 501 Scriptu-

2001 525 2079 582 ris
2117 534 2171 582 et
2210 525 2263 581 in
2305 526 2642 582 sermonibus
2684 525 3056 582 ecclesiasticis
3098 539 3161 580 ea
3201 523 3383 580 multis
3420 523 3594 579 modis

2003 616 2176 687 posita
2203 616 2387 672 soletis
2411 617 2616 673 audire.
2646 616 2752 673 Sed
2782 616 3002 672 collecta
3027 615 3261 671 breviter
3289 625 3342 671 et
3367 616 3420 670 in
3444 614 3594 670 ordi-

2004 725 2125 765 nem
2164 718 2368 765 certum
2404 708 2621 765 redacta
2658 717 2815 779 atque
2853 708 3144 764 constricta
3183 706 3438 763 tradenda
3470 717 3597 763 sunt

2003 802 2187 868 vobis;
2217 810 2278 857 ut
2302 800 2434 857 ﬁdes
2461 810 2638 857 vestra
2664 800 2955 857 aediﬁcetur
2972 841 2989 869 ,
3016 810 3067 856 et
3092 800 3357 856 confessio
3383 815 3593 871 praepa-

2003 904 2170 961 retur,
2199 902 2254 949 et
2282 892 2538 948 memoria
2568 907 2674 947 non
2704 890 2973 963 gravetur.
3007 880 3134 948 Haec
3161 901 3285 947 sunt
3311 906 3430 961 quae
3459 891 3592 946 ﬁde.

2003 988 2126 1044 liter
2162 986 2423 1042 retenturi
2469 986 2634 1052 estis,
2682 995 2737 1041 et
2773 986 3084 1041 memoriter
3123 983 3402 1039 reddituri.
3436 982 3598 1056 (Post

2006 1078 2144 1134 hanc
2170 1078 2611 1150 praelocutionem
2655 1076 3101 1146 pronuntiandum
3131 1085 3213 1130 est
3241 1083 3409 1130 totum
3437 1074 3596 1147 Sym-

2005 1168 2213 1237 bolum,
2244 1170 2360 1224 sine
2385 1168 2559 1240 aliqua
2585 1168 2899 1238 interposita
2924 1168 3282 1238 disputatione
3307 1185 3320 1220 :
3347 1167 3519 1223 Credo
3544 1168 3596 1223 in

2008 1262 2173 1318 Deum
2202 1262 2413 1318 Patrem
2444 1264 2860 1332 omnipotentem
2879 1303 2893 1328 ,
2924 1272 2972 1315 et
3003 1272 3194 1317 caetera
3221 1277 3341 1332 qua)
3368 1275 3601 1332 sequun-

2007 1359 2094 1409 tur
2121 1355 2173 1408 in
2199 1368 2287 1409 eo.
2312 1353 2466 1420 Quod
2494 1351 2805 1424 Symbolum
2838 1352 3004 1407 nostis
3032 1353 3153 1423 quia
3184 1353 3341 1410 scribi
3373 1368 3478 1409 non
3506 1368 3598 1410 so-

2005 1443 2081 1499 let
2109 1462 2123 1500 :
2154 1460 2261 1515 quo
2286 1444 2462 1512 dicto,
2494 1443 2831 1514 adjungenda
2858 1452 2941 1499 est
2966 1443 3079 1498 haec
3098 1444 3383 1515 disputatio
3404 1444 3527 1519 [a].)

2022 1567 2027 1573 η
2074 1537 2130 1590 2.
2163 1536 2376 1592 Credere
2414 1538 2804 1609 omnipotentem
2844 1535 3013 1591 Deum
3056 1547 3281 1609 Oportet,
3326 1551 3600 1595 creatorem

2004 1628 2374 1684 universorum.
2422 1628 2528 1685 Ista
2572 1645 2691 1700 quae
2734 1629 2965 1685 breviter
2994 1628 3252 1695 audistis,
3291 1645 3400 1686 non
3426 1633 3599 1689 solum

2005 1720 2245 1788 credere,
2282 1721 2377 1777 sed
2402 1721 2564 1777 etiam
2594 1722 2813 1778 t0tidem
2841 1723 3019 1777 verbis
3040 1724 3310 1778 memoria:
3329 1712 3603 1782 commen-

2000 1810 2137 1866 dare
2163 1820 2219 1867 et
2243 1827 2338 1868 ore
2366 1812 2606 1884 proferre
2641 1813 2865 1869 debetis.
2896 1814 3000 1871 Sed
3028 1816 3279 1885 quoniam
3314 1818 3602 1874 munienda

2008 1911 2133 1957 sunt
2175 1894 2434 1959 adversus
2470 1903 2681 1959 diversa
2720 1907 3011 1961 sentientes
3039 1917 3093 1961 et
3121 1923 3151 1962 a
3178 1907 3394 1963 diabolo
3431 1910 3600 1980 capti—

2008 2002 2160 2047 vatos
2182 2034 2198 2060 ,
2230 1994 2318 2063 qui
2346 1993 2665 2049 insidiantur
2690 1994 2848 2063 ﬁdei,
2883 2010 3007 2051 cum
3034 1997 3384 2054 adversantur
3408 2001 3598 2068 saluti;

2005 2094 2333 2141 mementote
2361 2086 2433 2141 ita
2463 2086 2685 2143 credere
2708 2089 3132 2160 omnipotentem
3160 2091 3345 2157 Deum,
3375 2102 3432 2147 ut
3457 2094 3601 2148 nulla

2005 2179 2223 2233 omnino
2252 2187 2440 2233 natura
2466 2179 2569 2247 sit,
2598 2194 2757 2250 quam
2787 2180 2901 2249 ipse
2937 2196 3044 2235 non
3076 2181 3331 2237 condidit.
3375 2183 3449 2238 Et"
3481 2184 3604 2239 ideo

2005 2280 2281 2340 peccatum
2309 2273 2477 2342 punit,
2507 2271 2649 2342 quod
2678 2271 2794 2341 ipse
2818 2286 2926 2328 non
2954 2272 3111 2339 fecit;
3137 2274 3261 2344 quia
3284 2289 3351 2330 eo
3373 2274 3603 2336 foedatur

2006 2363 2194 2417 natura
2214 2404 2228 2428 ,
2263 2378 2421 2433 quam
2451 2362 2600 2418 fecit.
2632 2361 2835 2419 Omnes
2862 2379 2991 2435 ergo
3017 2365 3253 2421 visibiles
3282 2367 3603 2423 invisibiles-

2005 2469 2109 2524 que
2139 2463 2413 2509 creaturas
2431 2495 2447 2519 ,
2476 2454 2563 2510 vel
2588 2454 2844 2525 quidquid
2878 2455 3181 2512 rationabili
3221 2468 3402 2514 mente
3429 2468 3605 2529 potest

2005 2559 2126 2601 esse
2149 2546 2422 2617 particeps
2447 2546 2900 2601 incommutabilis
2921 2547 3184 2616 veritatis,
3209 2548 3364 2605 sicuti
3384 2551 3604 2622 angelus

2004 2645 2059 2691 et
2087 2636 2285 2704 homo;
2314 2637 2571 2709 quidquid
2601 2638 2732 2694 vivit
2755 2648 2809 2695 et
2834 2640 3014 2707 sentit,
3041 2642 3285 2711 quamvis
3309 2652 3489 2699 careat
3515 2645 3605 2699 in-

2006 2730 2253 2797 tellectu,
2271 2731 2412 2786 sicut
2429 2740 2557 2787 sunt
2580 2741 2775 2788 cuncta
2797 2733 3067 2798 animalia,
3095 2734 3147 2789 in
3162 2744 3332 2800 terra,
3356 2736 3408 2791 in
3428 2739 3602 2808 aquis,

2006 2820 2060 2875 in
2080 2837 2228 2889 aere,
2249 2822 2565 2891 gradientis,
2588 2824 2819 2893 reptilia,
2845 2825 3105 2892 natatilia,
3131 2826 3365 2881 volatilia
3388 2828 3437 2895 ¹;
3460 2828 3608 2900 quid-

2006 2915 2131 2985 quid
2156 2916 2273 2971 sine
2304 2916 2596 2982 intellectu,
2626 2917 2743 2971 sine
2767 2916 2946 2986 aliquo
2971 2932 3163 2985 sensu,
3191 2933 3405 2989 quoquo
3443 2920 3603 2975 modo

2005 3005 2200 3061 dicitur
2222 3007 2422 3073 vivere,
2455 3009 2589 3064 sicut
2615 3016 2739 3063 sunt
2763 3023 2824 3062 ea
2852 3023 2972 3078 qua:
3001 3008 3268 3066 radicibus
3294 3011 3526 3082 ﬁguntur
3546 3012 3601 3067 in

2007 3104 2148 3151 terra
2167 3139 2182 3163 ,
2210 3106 2265 3153 ct
2302 3097 2357 3153 in
2398 3113 2560 3154 auras
2583 3098 2937 3169 germinando
2965 3110 3253 3170 erumpunt
3283 3110 3442 3173 atque
3469 3117 3604 3160 con-

2006 3199 2263 3261 surgunt;
2304 3190 2562 3262 quidquid
2605 3191 2720 3246 sola
2764 3192 3096 3263 corpulentia
3138 3193 3312 3249 locum
3356 3204 3600 3266 occupat,

2006 3283 2147 3339 sicut
2174 3283 2310 3354 lapis
2327 3324 2344 3350 ,
2373 3291 2534 3354 atque
2561 3283 2730 3355 ipsius
2757 3283 3043 3340 mundana:
3070 3285 3227 3339 molis
3251 3300 3604 3359 quaecumque

2006 3386 2294 3431 cernuntur
2325 3376 2411 3432 vel
2435 3377 2597 3432 etiam
2626 3386 2912 3448 tanguntur
2938 3378 3202 3435 elementa
3234 3397 3249 3435 :
3278 3381 3395 3438 haec
3423 3382 3611 3437 omnia

2006 3466 2132 3522 fecit
2167 3483 2542 3537 ommpetens,
2573 3467 2766 3523 mediis
2795 3468 2901 3523 ima
2931 3479 2985 3524 et
3015 3484 3221 3524 summa
3252 3472 3601 3545 conjungens,

2006 3568 2062 3614 et
2085 3559 2333 3614 universa
2362 3574 2482 3629 qua:
2509 3559 2715 3614 creavit
2739 3559 2870 3615 locis
2892 3562 3141 3632 congruis
3164 3565 3603 3637 temporibusque

2006 3651 2314 3721 disponens.
2348 3648 2497 3706 Fecit
2535 3658 2713 3705 autem
2748 3665 2854 3705 non
2897 3666 2963 3706 ex
2991 3653 3165 3723 aliqua
3192 3657 3414 3711 materie
3440 3671 3596 3727 quam

2006 3743 2122 3814 ipse
2166 3757 2271 3796 non
2319 3741 2467 3797 fecit.
2508 3741 2626 3798 Non
2662 3742 2805 3798 enim
2840 3743 3015 3800 aliena
3050 3744 3331 3815 formavit,
3363 3749 3457 3804 sed
3486 3751 3603 3821 ipse

2006 3834 2149 3904 quod
2187 3833 2442 3890 formaret
2469 3834 2716 3903 instituit.
2747 3835 2851 3904 Qui
2879 3836 3022 3891 enim
3052 3836 3182 3893 dicit
3219 3840 3360 3910 quod
3400 3841 3600 3912 aliquid

2006 3925 2183 3981 facere
2209 3926 2277 3981 de
2306 3925 2472 3981 nihilo
2509 3941 2616 3980 non
2644 3927 2879 3996 potuerit
2898 3969 2914 3993 ,
2945 3930 3214 3998 quomodo
3249 3932 3419 3987 credit
3458 3934 3601 4005 quod

2007 4016 2346 4087 omnipotens
2373 4016 2599 4072 iecerit?
2627 4017 2756 4073 Sine
2794 4018 3194 4092 dubioequippe
3233 4031 3391 4093 negat
3428 4026 3602 4080 omni-

2008 4117 2310 4180 potentem,
2342 4108 2429 4179 qui
2474 4108 2603 4164 dicit
2637 4109 2781 4180 quod
2824 4111 3082 4167 mundum
3112 4114 3250 4169 Deus
3288 4114 3464 4172 facere
3493 4132 3599 4173 non

2008 4210 2223 4273 posset,
2251 4202 2294 4257 si
2323 4202 2464 4258 unde
2494 4202 2693 4259 faceret
2735 4219 2843 4260 non
2885 4184 3140 4262 haberet}
3178 4207 3310 4262 Nam
3354 4226 3476 4280 quae
3518 4221 3602 4267 est

2008 4297 2411 4367 omnipotentia,
2442 4296 2532 4351 ubi
2560 4305 2703 4351 tanta
2734 4308 2815 4352 est
2842 4297 3150 4368 indigentia,
3183 4310 3243 4354 ut
3264 4300 3331 4355 ad
3357 4303 3439 4357 sui
3465 4319 3598 4373 ope-

2006 4387 2082 4443 ris
2122 4387 2402 4453 eﬂ'ectum,
2444 4387 2889 4457 quemadmodum
2935 4389 3118 4459 faber,
3168 4395 3450 4462 pervenire
3491 4410 3601 4450 non

2010 4488 2210 4550 posset,
2236 4478 2337 4534 nisi
2362 4488 2493 4551 eum
2517 4481 2767 4535 materies
2791 4496 2950 4551 quam
2980 4482 3092 4553 ipse
3122 4499 3225 4539 non
3254 4485 3480 4541 instituit
3504 4486 3601 4541 ad—

2004 4573 2258 4644 juvaret?
2285 4572 2367 4629 Ab
2392 4572 2476 4628 liis
2503 4573 2664 4645 igitur
2687 4575 3025 4644 opinionibus
3047 4586 3101 4632 et
3119 4577 3391 4633 erroribus
3411 4589 3599 4649 purget

2037 4809 2048 4818 .
2075 4750 2091 4779 ι
2117 4749 2706 4818 Hancvocemttjolatilia,
2732 4750 2863 4818 addit
2876 4759 2965 4818 ius.
2986 4751 3404 4818 Tbeodericensis.
3432 4752 3600 4816 [repli-

2011 4808 2096 4870 liu,
2115 4809 2367 4873 natutilia;
2391 4808 2625 4877 quidquid
2648 4808 2749 4863 sine
2771 4812 3051 4876 intellectu

2080 4892 2153 4955 (α)
2177 4893 2330 4961 Verba
2368 4902 2483 4961 sunt
2519 4908 2797 4961 sermonem
2818 4909 2960 4961 suum
2994 4895 3281 4961 scribentis,
3313 4898 3391 4961 cui
3423 4896 3601 4961 religio

2013 4960 2121 5021 erat
2141 4954 2793 5021 symbolumipsumscripto
2817 4958 3040 5021 tradere:
3068 4976 3090 5003 α
3110 4958 3238 5021 Quod
3261 4954 3552 5021 Symbolum:
3573 4979 3593 5004 ιν

2011 5017 2096 5074 ait,
2130 5033 2151 5060 α
2176 5017 2462 5082 ιιοερξμιιίίι
2482 5019 2642 5082 scribi
2680 5017 2777 5067 non
2810 5018 2938 5082 solet
2962 5031 2973 5066 :
3001 5035 3022 5063 υ
3061 5032 3158 5082 qua
3189 5017 3333 5069 dere
3366 5034 3511 5082 supra
3553 5024 3600 5071 in

2011 5087 2243 5125 sermone
2266 5076 2377 5144 212,
2401 5093 2449 5126 n.
2476 5079 2523 5144 ξ.
2542 5087 2777 5144 (laterum
2806 5076 3244 5144 quodsermonem
3282 5076 3602 5144 quenfdixis.

2012 5145 2097 5210 set
2114 5140 2430 5210 Augustinus,
2448 5140 2705 5210 aliquando
2749 5140 2895 5210 etiam
2927 5140 3491 5210 dictunLcunsci'ilreret,
3512 5152 3600 5210 tu-

2010 5206 2165 5267 _s_tatur
2185 5202 2291 5267 ipse
2312 5202 2362 5267 in
2379 5202 2511 5267 libro
2534 5202 2594 5267 lii
2613 5203 2677 5252 de
2696 5204 2943 5267 trinitate,
2963 5216 3068 5265 cap.
3092 5204 3170 5267 Q7.
3195 5206 3428 5267 suspicari
3455 5209 3597 5255 etiam

2011 5216 2165 5270 stetur
2185 5216 2291 5308 Ἰνδυ
2314 5216 2362 5250 ll]
2389 5216 2511 5252 ιιι)ιό
2534 5216 2594 5252 1:3
2613 5216 2677 5252 ue
2696 5216 2943 5259 'trimutte,
2963 5216 3068 5265 cap.
3092 5216 3170 5252 27.
3195 5216 3428 5267 suspicari
3455 5216 3597 5255 Nle

2011 5260 2146 5327 licet,
2175 5274 2200 5327 a
2225 5263 2354 5324 iquid
2379 5264 2457 5313 hic
2478 5267 2539 5313 al)
2562 5266 2667 5327 ipso
2689 5264 2918 5323 a:ldi.unt,
2956 5278 3065 5327 cum
3097 5264 3305 5314 alterum
3327 5268 3390 5315 de
3414 5268 3523 5315 Vile
3550 5281 3598 5318 ct
3628 5282 3629 5285 ‘

2011 5325 2231 5385 Symbolo
2280 5325 2594 5385 sermonem,
2625 5328 2703 5374 cui
2734 5339 2897 5374 sermo
2949 5326 3043 5376 iste
3104 5329 3151 5375 in
3189 5329 3466 5385 lteinigiznto
3513 5339 3593 5378 Ms.

2012 5364 2231 5446 proxime
2267 5364 2602 5452 conjungitur’,
2640 5389 2691 5452 in
2723 5364 3123 5452 netraaationuni
3158 5364 3285 5439 libri;

2012 5456 2407 5515 recognosceret.
2437 5450 2610 5515 Lodem
2634 5449 2828 5515 forsitan
2854 5458 3073 5515 tempore
3096 5452 3286 5515 addidit?
3308 5449 3454 5510 intra,
3477 5468 3518 5500 n.
3549 5457 3598 5515 8,

2014 5508 2325 5570 exemplum,
2358 5524 2457 5571 quo
2485 5511 2550 5560 de
2574 5512 2741 5571 servis
2785 5511 2869 5559 Dei
2906 5508 3134 5561 observat
3172 5508 3443 5571 szepissime
3476 5508 3597 5571 dici;

2020 5588 2039 5614 α
2068 5577 2155 5619 'rot
2177 5582 2327 5621 annos
2354 5570 2437 5620 ille
2462 5573 2509 5620 in
2535 5570 2620 5623 illo
2643 5570 2721 5620 vel
2745 5571 2828 5621 illo
2858 5575 3151 5624 monasterio
3173 5570 3316 5625 sedit.
3344 5592 3365 5621 ι
3396 5577 3443 5625 td
3469 5570 3597 5626 enim

2014 5631 2229 5702 exempli
2252 5645 2378 5702 anno
2400 5634 2508 5692 591,
2527 5648 2624 5697 quo
2639 5633 2767 5702 liunc
2808 5647 3086 5702 sermonem
3117 5636 3331 5702 habitum
3355 5647 3596 5701 putamus,

2013 5694 2235 5767 proferre
2264 5696 2351 5767 vix
2384 5694 2591 5767 poterat.
2625 5696 2668 5744 si
2707 5703 2872 5767 tamen
2902 5695 3097 5748 aliunde
3126 5701 3244 5767 satis
3267 5694 3463 5767 constat
3498 5694 3598 5767 mo;

2013 5758 2208 5826 nasticae
2231 5758 2343 5826 vita:
2381 5767 2541 5826 genus
2562 5758 2910 5826 ijiso__primum
2931 5768 3136 5817 auctore,
3162 5762 3231 5810 sic
3264 5761 3512 5826 invectum
3546 5764 3602 5814 in

2016 5814 2233 5879 Africam,
2256 5825 2313 5868 ut
2333 5814 2430 5869 no'n
2450 5814 2611 5884 aliqua
2632 5814 2729 5872 illic
2744 5829 2859 5871 ante
2884 5814 3456 5873 cxstareutmonasteria.

2837 5904 2877 5986 (
2876 5905 2929 5969 Τ
2930 5912 3385 5991 rente-qualn.
3383 5908 3426 5985 j
