4070 6330
338 474 508 536 uaria
545 464 772 547 virgine,
812 473 930 547 quia
963 480 1081 530 cum
1122 478 1301 528 sancta
1340 462 1490 541 virgo
1520 465 1831 536 inquisisset
1859 454 1925 517 ab

336 573 547 641 angelo,
580 568 843 635 Quomodo
882 570 968 638 [iet
1006 567 1180 623 istud?
1218 566 1305 621 ille
1344 562 1665 635 respondit:
1702 559 1924 629 Spiritus

336 662 542 721 sanctus
569 662 883 730 superveniet
913 662 963 714 in
990 668 1055 725 te,
1090 668 1134 712 ct
1161 659 1319 712 virtus
1342 656 1588 710 Altissimi
1619 652 1926 707 obumb‘r‘abit

338 754 445 811 tibi.
480 754 685 810 Deinde
716 752 918 807 addidit
964 771 975 806 :
1020 750 1297 821 Propterea
1337 746 1471 820 quod
1514 756 1742 801 nascetur
1778 756 1839 799 ex
1881 748 1928 796 te

339 842 612 911 Sanctum,
641 845 897 900 vocabitur
923 836 1090 898 Filius
1129 841 1224 896 Dei
1263 840 1410 913 (Luc.
1442 856 1479 907 ι,
1523 840 1613 903 54,
1657 836 1769 907 35).
1811 834 1925 889 Non

338 941 447 1006 ait,
488 938 644 1006 Onod
684 944 933 993 nascetur
972 953 1035 991 ex
1077 946 1127 990 te
1152 977 1167 1002 ,
1209 934 1486 989 vocabitur
1525 932 1662 985 filius
1699 928 1927 997 Spiritus

338 1020 532 1089 sancti.
562 1031 854 1099 Susceptus
876 1030 1070 1098 quippe
1096 1040 1126 1081 a
1149 1025 1326 1082 Verbo
1357 1032 1498 1077 totus
1529 1021 1706 1085 homo,
1739 1020 1791 1073 id
1822 1023 1924 1085 est,

336 1112 515 1182 anima
547 1125 820 1181 rationalis
856 1133 909 1180 et
944 1139 1171 1193 corpus;
1223 1129 1281 1176 ut
1322 1124 1457 1175 unus
1484 1118 1760 1181 Christus,
1794 1130 1929 1169 unus

246 1216 251 1219 Α
340 1220 481 1276 Deus
507 1212 605 1273 Dei
640 1216 812 1273 Filius
839 1222 943 1270 non
971 1218 1174 1269 tantum
1208 1212 1442 1268 Verbum
1473 1218 1642 1273 esset,
1674 1207 1767 1263 sed
1798 1204 1929 1261 Ver-

338 1308 467 1367 bum
492 1323 547 1368 et
571 1312 753 1377 homo,
780 1318 945 1364 totum
969 1306 1073 1362 hoc
1097 1302 1194 1361 Dei
1223 1306 1392 1361 Patris
1416 1314 1497 1358 est
1519 1303 1686 1357 Filius
1714 1306 1929 1370 propter

340 1390 576 1455 Verthm
601 1439 613 1461 ,
655 1404 708 1451 et
745 1395 979 1450 hominis
1011 1394 1150 1447 filius
1179 1402 1394 1462 propter
1419 1389 1711 1443 hominem.
1744 1385 1845 1439 Per
1877 1382 1927 1437 id

335 1490 481 1560 quod
514 1488 741 1544 Verbum
774 1494 887 1553 est,
914 1480 1134 1555 teqitali‘s
1162 1492 1244 1537 est
1282 1480 1426 1537 Patri
1469 1498 1481 1534 :
1525 1492 1620 1551 per
1648 1479 1665 1510 ‘
1695 1475 1746 1532 id
1784 1472 1928 1545 quod

339 1574 502 1639 homo
538 1589 660 1646 est,
702 1578 873 1650 major
910 1588 992 1633 est
1031 1578 1207 1631 Pater.
1248 1576 1317 1630 Et
1356 1575 1512 1629 simul
1552 1586 1672 1626 cum
1711 1568 1929 1623 homine

336 1672 509 1731 Filius
538 1673 635 1729 Dei
662 1680 768 1740 cst,
797 1669 891 1725 sed
920 1674 1141 1740 propter
1167 1664 1426 1733 Verbum,
1459 1678 1485 1717 a
1516 1678 1622 1734 quo
1646 1668 1930 1729 susceptus

340 1770 425 1824 cst
452 1766 613 1820 homo
641 1783 654 1820 :
681 1772 732 1819 et
757 1763 917 1818 simul
940 1778 1057 1817 eum
1087 1760 1263 1815 Verbo
1292 1759 1431 1813 filius
1454 1755 1686 1811 hominis
1711 1762 1810 1818 est,
1837 1750 1931 1807 sed

339 1862 562 1931 propter
584 1852 884 1922 hominem,
910 1855 997 1925 qui
1027 1863 1107 1909 est
1128 1860 1407 1923 susceptus
1430 1867 1460 1904 a
1486 1842 1681 1903 verbo.
1708 1846 1933 1915 Propter

338 1948 494 2018 cujus
533 1950 770 2003 sanctam
811 1946 863 2000 in
903 1944 1121 2015 virginis
1158 1954 1316 1998 utero
1356 1940 1759 2009 conceptionem
1783 1978 1796 2001 ,
1827 1946 1931 1990 non

342 2040 775 2111 concupiscentia
804 2040 979 2095 carnis
1006 2048 1194 2094 urente
1221 2036 1410 2091 factam
1436 2080 1450 2102 ,
1480 2035 1572 2089 sed
1603 2032 1723 2088 fidei
1754 2030 1930 2086 chari-

340 2128 452 2187 iate
474 2130 737 2194 fervente,
766 2132 885 2185 ideo
914 2130 1108 2185 dicitur
1148 2138 1304 2183 natus
1332 2127 1398 2182 de
1435 2127 1633 2196 Spiritu
1667 2134 1850 2179 sancto
1881 2128 1934 2178 et

341 2226 547 2296 virgine
585 2220 747 2280 Maria
793 2244 805 2279 :
845 2230 905 2279 ut
959 2232 1118 2277 unum
1161 2237 1345 2275 eorum
1388 2220 1679 2289 pertineat,
1724 2232 1825 2271 non
1867 2213 1934 2269 ad

344 2319 682 2391 gignentem,
725 2310 817 2373 sed
857 2316 925 2370 ad
964 2316 1418 2379 sanctificautem,
1448 2314 1674 2367 alterum
1714 2324 1840 2363 vero
1868 2298 1932 2362 ad

345 2412 732 2480 concipientem
782 2414 939 2479 atque
988 2409 1303 2479 parientem.
1356 2402 1664 2474 Propterea,
1721 2401 1931 2471 inquit,

345 2502 479 2573 intod
504 2510 736 2557 nascetur
758 2510 818 2557 ea:
838 2511 882 2555 te
905 2496 1172 2566 Sanctum,
1195 2498 1452 2552 vacabilur
1474 2492 1640 2551 Filius
1664 2495 1776 2548 Dei.
1801 2494 1934 2562 Quia

346 2593 594 2650 Sanctum
612 2635 626 2659 ,
657 2594 777 2648 ideo
806 2592 873 2647 de
902 2592 1099 2662 Spiritu
1123 2599 1341 2654 sancto;
1376 2589 1497 2659 Quia
1525 2594 1756 2641 nascetur
1783 2602 1842 2638 ea:
1867 2593 1931 2649 te,

347 2688 469 2745 ideo
496 2688 563 2743 de
591 2688 795 2758 virgine
824 2684 982 2740 Maria
1008 2699 1023 2753 ;
1052 2685 1176 2755 quia
1207 2680 1371 2737 Filius
1401 2682 1528 2749 Dei,
1562 2680 1680 2735 ideo
1718 2678 1935 2732 Verbum

346 2797 463 2836 caro
490 2785 677 2852 factum
703 2788 775 2834 est
801 2779 978 2846 (Joau.
1014 2795 1052 2843 ι,
1085 2775 1198 2848 id).

420 2872 471 2925 7.
500 2872 726 2926 Christus
754 2870 919 2925 Filius
948 2869 1038 2923 Dei
1061 2868 1354 2938 cruciﬁxus,
1374 2874 1599 2921 mortuus
1618 2872 1664 2917 et
1684 2864 1933 2934 sepultus.

304 3032 309 3035 ν
348 2959 641 3035 Oportebat
674 2972 850 3019 autem
881 2971 937 3017 ut
967 2962 1020 3017 in
1048 2961 1264 3015 homine
1290 2964 1562 3028 assumpto
1583 3000 1597 3025 ,
1633 2971 1736 3010 non
1764 2955 1937 3010 solum

350 3056 631 3113 invisibilis
662 3056 949 3124 videretur,
978 3046 1033 3111 et
1058 3054 1204 3109 Patri
1234 3062 1530 3108 cozeternus
1571 3048 1939 3121 temporalitet‘

350 3152 688 3215 nasceretur;
729 3163 914 3202 verum
954 3146 1115 3201 etiam
1153 3142 1603 3199 incontrectahilis
1643 3149 1935 3204 teneretur,

350 3241 723 3312 insuperabilis
761 3241 904 3312 ligno
942 3238 1381 3311 suSpenderetur,
1414 3234 1735 3309 inviolabilis
1772 3232 1939 3289 clavis

351 3336 727 3411 conﬁgeretur,
753 3342 805 3387 et
824 3332 930 3388 vita
952 3341 1005 3387 et
1027 3330 1342 3385 immortalis
1366 3329 1417 3385 in
1439 3344 1598 3383 cruce
1618 3337 1934 3392 moreretur,

350 3426 407 3482 in
446 3426 792 3480 monumento
837 3423 1156 3492 sepeliretur
1206 3437 1219 3473 ε
1271 3419 1371 3473 hoc
1419 3428 1585 3472 totum
1635 3418 1726 3472 Dei
1774 3416 1940 3472 Filius

351 3512 611 3575 Dominus
642 3518 821 3570 noster
853 3512 1009 3568 Jcsus
1031 3510 1297 3565 Christus.
1322 3508 1475 3564 Unde
1502 3524 1833 3577 consequens
1861 3515 1942 3562 est

349 3618 409 3666 ut
447 3608 693 3664 eumdem
733 3604 905 3676 ipsum
946 3603 1139 3677 Filium
1168 3600 1266 3655 Dei
1298 3601 1625 3669 unigenitum
1659 3599 1940 3651 Dominum

351 3708 595 3755 nostrum
634 3697 814 3752 Jesum
856 3693 1164 3757 Christum,
1210 3706 1313 3745 non
1355 3690 1525 3744 solmn
1564 3689 1835 3743 hominem
1876 3704 1943 3744 ex

354 3794 572 3849 homine
599 3798 799 3855 natum,
834 3804 1015 3842 verum
1038 3788 1196 3840 etiam
1228 3800 1395 3854 usque
1426 3782 1491 3838 ad
1522 3792 1747 3836 mortem
1779 3792 1827 3836 et
1859 3798 1945 3838 se-

353 3889 620 3960 pulturam
648 3882 878 3937 humana
912 3895 1144 3951 passum,
1182 3886 1235 3931 et
1263 3875 1424 3931 corde
1454 3874 1732 3929 credamus
1770 3875 1833 3928 ad
1858 3874 1944 3945 ju-

353 3978 572 4039 stitiam,
601 3985 653 4030 et
683 3988 776 4029 ore
814 3971 1165 4027 conﬁteamur
1192 3967 1256 4023 ad
1284 3966 1530 4022 salutem.
1554 3966 1689 4020 Cum
1712 3966 1852 4021 enim
1875 3968 1946 4021 sit

356 4080 497 4126 totus
524 4068 693 4123 Filius
725 4065 820 4120 Dei
859 4065 1047 4118 unicus
1087 4061 1340 4116 Dominus
1381 4068 1562 4114 noster
1592 4058 1748 4113 Jcsus
1786 4056 1942 4113 Chri~

354 4170 466 4215 stus
493 4159 728 4215 Verbum
768 4165 822 4211 et
855 4154 1051 4219 homo,
1093 4163 1252 4223 atque
1289 4159 1351 4204 ut
1388 4150 1695 4220 expressius
1734 4150 1941 4215 dicam,

356 4244 612 4317 Verbum,
643 4250 840 4315 anima,
875 4256 928 4301 et
956 4262 1115 4311 caro;
1143 4244 1208 4299 ad
1238 4252 1405 4299 totum
1445 4242 1673 4297 refertur
1712 4242 1851 4311 Quod
1890 4243 1945 4297 iu

358 4347 468 4403 sola
491 4346 665 4399 anima
694 4341 859 4397 tristis
892 4339 985 4393 fuit
1010 4354 1181 4408 usque
1202 4334 1267 4391 ad
1294 4344 1516 4389 mortem
1553 4334 1761 4406 (Matth.
1792 4350 1938 4401 vxvr,

355 4441 466 4511 58);
495 4438 617 4508 quia
649 4435 815 4489 Filius
839 4433 931 4487 Dei
962 4432 1148 4485 unicus
1168 4430 1323 4486 Jesus
1344 4428 1585 4483 Christus
1617 4428 1781 4481 tristis
1803 4426 1898 4480 fuit
1928 4444 1942 4481 :

358 4530 423 4587 ad
455 4540 625 4586 totum
654 4526 883 4582 refertur
904 4524 1045 4595 quod
1068 4524 1120 4576 in
1142 4522 1258 4576 solo
1286 4518 1501 4574 homine
1531 4518 1814 4573 crucifixus
1840 4526 1942 4586 est,

355 4628 607 4699 quoniam
649 4614 810 4679 Filius
840 4623 936 4677 Dei
964 4624 1151 4676 unicus
1181 4619 1337 4674 Jcsus
1375 4616 1621 4672 Christus
1659 4614 1945 4670 crucifixus

357 4727 440 4773 est
470 4735 482 4770 :
516 4717 581 4770 ad
615 4724 781 4770 totum
812 4712 1041 4769 refertur
1080 4710 1222 4781 quod
1262 4710 1315 4764 in
1354 4710 1465 4762 sola
1508 4721 1668 4762 carne
1707 4706 1946 4775 sepultus

355 4818 456 4864 est.
486 4802 562 4863 Ex
592 4824 697 4878 quo
724 4806 864 4861 enim
899 4804 1162 4873 coapimus
1189 4800 1367 4855 dicere
1397 4798 1617 4853 credere
1648 4812 1746 4850 nos
1777 4795 1825 4848 iu
1854 4794 1945 4849 Je-

357 4917 475 4958 sum
489 4894 756 4958 Christum
786 4901 975 4955 Filium
1000 4898 1114 4966 ejus
1138 4899 1351 4950 unicum
1376 4893 1657 4946 Dominum
1678 4901 1944 4955 nostrum,

359 5010 427 5051 ex
448 4995 539 5049 illo
567 4993 822 5064 quidquid
851 4992 993 5046 aliud
1014 4991 1081 5044 de
1110 4990 1198 5041 illo
1225 4986 1472 5049 dicimus,
1500 4999 1607 5037 non
1634 4981 1947 5037 subauditur

362 5090 462 5144 nisi
488 5074 645 5143 Jesus
663 5086 907 5141 Christus
936 5083 1101 5138 Filius
1130 5080 1221 5133 Dei
1248 5078 1435 5132 unicus
1462 5076 1717 5129 Dominus
1743 5083 1944 5127 noster.

359 5181 471 5237 Nec
508 5177 774 5233 miremini
806 5194 817 5230 ε
857 5175 935 5231 sic
971 5172 1114 5229 enim
1140 5171 1365 5226 dicimus
1387 5167 1578 5222 Filium
1611 5165 1708 5220 Dei
1734 5166 1946 5219 unicum

360 5272 543 5328 Jesum
575 5272 843 5327 Christum
888 5268 1173 5323 Dominum
1213 5272 1453 5319 nostrum
1494 5260 1760 5330 sepultum
1781 5300 1795 5325 ,
1827 5273 1949 5312 cum

362 5368 474 5421 sola
525 5381 650 5422 caro
697 5364 814 5434 ejus
864 5362 1068 5431 sepulta
1116 5361 1220 5424 sit;
1271 5354 1751 5427 quemadmodum,
1802 5351 1949 5406 verbi

363 5458 532 5531 gratia
559 5502 574 5526 ,
614 5440 839 5512 dicimus
893 5453 1191 5524 apostolum
1231 5450 1447 5506 Petrum
1490 5446 1645 5501 hodie
1680 5444 1857 5515 jacere
1897 5443 1951 5499 in

312 5618 315 5619 ν
364 5550 783 5619 sepulcro,‘cum
812 5555 867 5601 et
892 5545 1021 5600 illud
1050 5543 1327 5599 verissime
1349 5541 1610 5602 dicamus,
1642 5552 1763 5591 eum
1792 5536 1843 5589 in
1870 5551 1955 5590 re-

366 5641 491 5711 quie
511 5656 629 5693 eum
654 5638 863 5693 Christo
882 5637 1132 5708 gaudere.
1159 5632 1416 5689 Eumdem
1441 5631 1634 5701 quippe
1655 5627 1951 5697 apostolum

370 5734 598 5790 dicimus
627 5750 639 5785 ε
666 5748 772 5787 non
802 5732 945 5787 enim
972 5731 1077 5787 duo
1102 5727 1330 5801 apostoli
1356 5725 1528 5794 Petri,
1561 5722 1654 5780 sed
1684 5737 1821 5779 uatis
1847 5730 1949 5779 est.

436 5848 452 5881 ι
472 5853 607 5897 Forte
620 5881 635 5909 ,
658 5852 867 5911 prapter.

1708 345 1942 406 suane
1969 318 2203 404 enim.

3478 343 3618 420 Π)θῦ

2030 458 2295 560 Dumdem
2327 474 2457 560 ergo
2486 468 2659 539 ipsum
2688 462 2913 527 dicimus
2932 513 2945 536 ,
2978 478 3031 527 et
3059 470 3111 528 in
3141 475 3255 530 solo
3284 489 3507 548 corpore
3532 470 3617 550 ja-

2032 557 2155 609 cere
2183 557 2233 608 in
2261 558 2526 626 sepulcro,
2557 566 2611 615 et
2638 562 2688 616 in
2712 564 2826 616 solo
2852 564 3039 632 spiritu
3066 564 3298 636 gaudere
3321 586 3440 623 cum
3464 565 3619 626 Chri-

2033 656 2137 703 Sto.
2182 649 2409 705 Addimr
2446 663 2621 709 autem
2649 698 2663 722 ,
2705 655 2813 710 Sub
2853 657 3041 711 Pontio
3080 658 3284 729 Pilato,
3327 663 3438 718 sive
3476 664 3618 724 unde

2032 742 2311 811 colligatur
2354 747 2607 814 temporis
2653 751 2882 815 veritas,
2925 750 3036 805 sive
3085 753 3225 808 unde
3265 753 3457 811 Christi
3498 759 3618 828 plus

2030 835 2439 891 commendetur
2470 839 2753 905 humilitas,
2787 836 2926 911 quod
2955 844 3053 900 sub
3084 844 3299 902 homine
3332 848 3511 918 judice
3550 854 3620 909 sit

2028 924 2178 1022 tanta
2202 934 2509 999 perpessus,
2534 930 2623 1001 qui
2641 930 2804 1001 judex
2832 935 3071 992 vivorum
3102 948 3157 994 et
3184 950 3513 998 mortuorum
3535 952 3622 1002 est

2032 1034 2152 1074 cum
2182 1028 2319 1075 tanta
2352 1032 2609 1092 potestate
2640 1030 2915 1081 venturus.

2048 1194 2053 1199 ἡ
2103 1111 2157 1166 8.
2188 1111 2372 1167 Christi
2398 1115 2692 1168 resurrectio
2718 1125 2763 1169 ct
2782 1118 3025 1173 ascensio.
3062 1119 3232 1175 Sessio
3270 1118 3338 1176 ad
3361 1123 3619 1182 dexteram

2035 1200 2229 1259 Patris.
2255 1206 2436 1261 Tertio
2461 1222 2589 1262 vero
2634 1209 2721 1264 die
2761 1213 3053 1266 resurrexit
3079 1213 3131 1267 in
3163 1231 3321 1271 carne
3348 1234 3490 1285 vera,
3524 1220 3621 1279 sed

2034 1306 2368 1367 nequaquam
2399 1299 2617 1354 ulterius
2646 1302 2921 1356 moritura.
2945 1303 3057 1359 Hoc
3082 1304 3322 1377 discipuli
3345 1309 3459 1380 ejus
3485 1326 3619 1367 ocu-

2029 1382 2100 1440 iis
2127 1389 2474 1460 manibusque
2504 1391 2897 1461 probaverunt;
2932 1410 3029 1449 nec
3066 1413 3249 1452 eorum
3284 1400 3439 1455 fidem
3469 1402 3620 1460 deci-

2031 1484 2185 1567 peret
2218 1492 2359 1537 tanta
2388 1484 2616 1551 bonitas,
2647 1500 2747 1541 nec
2778 1484 2986 1542 falleret
3016 1490 3227 1545 veritas.
3273 1492 3377 1549 Sed
3403 1506 3622 1567 pr0pter

2032 1562 2348 1628 brevitatem
2380 1575 2486 1629 cito
2530 1576 2865 1647 subjungitur
2894 1579 3033 1649 quod
3057 1582 3294 1637 ascendit
3322 1583 3374 1639 in
3401 1562 3621 1647 etclam.

2034 1653 2166 1720 Nam
2193 1667 2537 1738 quadraginta
2567 1668 2753 1723 diebus
2795 1670 2890 1725 fuit
2925 1682 3043 1726 cum
3075 1672 3349 1745 discipulis
3374 1679 3519 1745 suis;
3553 1696 3623 1739 ne

2035 1764 2143 1813 tam
2164 1774 2411 1829 magnum
2440 1762 2847 1817 resurrectionis
2869 1764 2982 1833 ejus
3006 1766 3341 1836 miraculum,
3356 1770 3408 1829 si
3436 1788 3623 1830 eorum

2032 1844 2206 1904 bculls
2232 1852 2337 1905 cito
2380 1851 2807 1917 'subtraheretur,
2853 1854 3139 1912 ludificatio
3183 1870 3479 1931 putaretur.
3522 1860 3626 1922 Ubi

2038 1958 2179 1996 nunc
2203 1943 2352 1997 sedet
2381 1944 2447 1997 ad
2474 1944 2745 1999 dexteram
2766 1947 2937 2001 Patris
2968 1967 2981 2002 :
3010 1951 3149 2017 quod
3178 1950 3296 2006 fidei
3319 1954 3487 2009 oculis
3510 1972 3627 2025 pru-

2037 2032 2227 2088 denter
2253 2032 2510 2119 debemus
2536 2035 2727 2090 intueri
2750 2054 2763 2101 ;
2789 2050 2855 2092 ne
2872 2038 3189 2095 arbitremur
3211 2042 3264 2097 in
3295 2044 3467 2115 aliqua
3494 2047 3626 2104 sede

2037 2123 2381 2181 immobilitcr
2409 2126 2569 2180 fixum
2592 2170 2606 2195 ,
2641 2134 2697 2181 ut
2720 2129 2767 2182 ci
2801 2136 2943 2186 stare
2967 2132 3048 2185 vel
3096 2134 3369 2191 arubulare
3420 2154 3525 2193 non
3558 2139 3627 2196 li-

2038 2216 2174 2270 eeat.
2205 2214 2322 2270 Non
2354 2218 2493 2271 enim
2526 2218 2645 2287 quia
2674 2218 2976 2289 Stephanus
3000 2226 3217 2279 sanctus
3243 2242 3362 2281 eum
3394 2236 3628 2288 stantem

2037 2306 2218 2363 videre
2245 2322 2303 2363 se
2329 2310 2461 2363 dixit
2511 2310 2645 2383 (Act.
2680 2326 2768 2376 vu,
2799 2312 2914 2386 55),
2956 2314 3077 2370 ideo
3103 2317 3184 2372 vel
3216 2319 3305 2375 ille
3330 2319 3518 2376 falsum
3544 2324 3630 2378 vis

2038 2399 2134 2493 dit,
2161 2400 2242 2455 vel
2270 2399 2510 2493 Symboli
2526 2402 2689 2471 hujus
2731 2406 2893 2459 verba
2936 2407 3186 2464 turbavit.
3230 2410 3385 2468 Absit
3410 2412 3511 2470 hoc
3531 2432 3630 2488 pu-

2038 2491 2174 2556 tare,
2205 2493 2342 2545 absit
2372 2491 2473 2548 hoc
2500 2493 2703 2549 dicere.
2741 2495 2851 2551 Sed
2876 2496 3017 2553 illius
3043 2499 3299 2557 habitatio
3338 2502 3391 2559 in
3414 2506 3630 2564 excelsa

2039 2589 2094 2638 et
2120 2582 2371 2638 ineffabili
2399 2584 2723 2642 beatitudine
2746 2590 2816 2643 ita
2848 2590 3140 2660 significata
3176 2603 3287 2662 est,
3320 2605 3376 2649 ut
3402 2597 3507 2653 illic
3538 2613 3630 2655 se—

2039 2677 2167 2732 dere
2192 2677 2482 2731 diceretur.
2512 2676 2663 2734 Unde
2694 2680 2855 2734 etiam
2878 2681 3033 2737 sedes
3060 2682 3415 2745 habitationes
3441 2680 3633 2749 dicun-

2042 2775 2159 2835 tur;
2194 2769 2339 2823 velut
2367 2784 2487 2823 cum
2533 2770 2926 2841 interrogamus
2980 2774 3071 2829 ubi
3112 2777 3179 2830 sit
3218 2778 3428 2849 aliquis,
3459 2791 3514 2837 et
3540 2798 3631 2841 re-

2041 2862 2353 2933 Spondetur,
2395 2858 2451 2918 In
2482 2865 2697 2920 sedibus
2731 2867 2860 2922 suis.
2890 2868 2957 2922 Et
2984 2868 3052 2925 de
3074 2871 3242 2925 servis
3267 2866 3363 2927 Dei
3402 2874 3633 2933 maxime

2042 2969 2105 3009 ac
2134 2954 2429 3023 smpissime
2453 2954 2667 3024 dicitur,
2696 2956 2798 3012 Tot
2820 2971 2989 3013 annos
3030 2960 3122 3015 ille
3154 2958 3207 3015 in
3233 2961 3328 3016 illo
3358 2963 3440 3017 vel
3468 2962 3635 3022 inillo

2043 3047 2367 3101 monasterio
2412 3046 2590 3114 sedit;
2639 3048 2741 3104 hoc
2796 3058 2898 3115 est,
2937 3051 3220 3121 requievit,
3274 3065 3637 3115 commoratus

2044 3146 2146 3205 est,
2176 3140 2449 3195 habitavit.
2493 3136 2603 3196 Nec
2631 3151 2814 3197 sancta
2835 3142 3111 3212 Scriptura
3158 3146 3261 3200 hoc
3288 3162 3455 3217 genus
3482 3148 3636 3205 locu-

2046 3230 2207 3287 tionis
2238 3233 2466 3303 ignorat.
2495 3228 2591 3288 llle
2617 3233 2816 3304 quippe
2846 3233 3021 3291 Semei
3051 3251 3081 3291 a
3108 3253 3233 3309 rege
3264 3237 3551 3296 Salomone
3578 3238 3637 3300 in

2044 3322 2339 3380 Jerusalem
2362 3325 2577 3382 civitate
2605 3326 2785 3396 jussus
2816 3325 3078 3395 habitare,
3109 3328 3287 3385 addita
3338 3333 3638 3389 commina-

2045 3416 2210 3482 tione,
2237 3426 2313 3485 ut,
2336 3418 2380 3472 si
2407 3418 2621 3488 quando
2642 3418 2764 3473 inde
2790 3420 3009 3475 auderct
3024 3422 3191 3489 exire,
3219 3439 3406 3492 poenas
3430 3426 3639 3485 debitas

2048 3509 2251 3576 lueret,
2281 3523 2376 3579 per
2405 3520 2511 3564 tres
2539 3511 2610 3565 ibi
2646 3526 2813 3565 annos
2844 3512 3046 3566 sedisse
3071 3514 3379 3582 perhibetur
3406 3517 3638 3589 (ἐκάθισε)

2052 3600 2139 3671 (lii
2167 3600 2292 3671 Reg.
2316 3617 2370 3665 ιι,
2402 3601 2492 3666 '58,
2518 3618 2618 3654 sec.
2639 3599 2982 3673 LXX),quod
3012 3604 3318 3675 intelligitur
3345 3604 3639 3664 habitasse.

2048 3691 2278 3746 Dextera
2317 3708 2444 3747 vero
2496 3693 2607 3763 ipsa
2654 3693 2827 3749 Patris
2867 3710 2973 3747 non
3004 3694 3073 3748 ita
3120 3695 3312 3751 dicitur
3342 3699 3638 3755 secundum

2050 3784 2266 3838 humani
2298 3785 2538 3853 corporis
2567 3784 2747 3848 situm,
2789 3795 3037 3855 tanquam
3066 3786 3202 3842 Filio
3242 3789 3310 3842 sit
3340 3790 3453 3859 ipse
3474 3790 3540 3844 ad
3565 3788 3640 3845 si-

2050 3876 2296 3939 nistram,
2321 3876 2367 3930 si
2393 3875 2443 3929 ci
2472 3876 2760 3930 secundum
2788 3878 2917 3932 istos
2940 3890 3226 3947 corporeos
3244 3879 3373 3933 situs
3398 3880 3640 3938 habitus-

2050 3986 2153 4039 que
2179 3971 2538 4024 membrorum
2569 3970 2732 4024 Filius
2774 3971 3065 4025 collocatur
3118 3972 3183 4025 ad
3210 3970 3505 4029 dexteram.
3532 3972 3641 4031 Sed

2049 4062 2115 4117 ad
2151 4062 2429 4116 dexteram
2458 4062 2551 4116 Dei
2573 4062 2787 4129 dicitur,
2814 4062 3032 4117 honoris
3053 4072 3105 4117 et
3135 4063 3401 4119 felicitatis
3424 4065 3641 4123 inerrar-

2052 4154 2236 4209 rabilis
2265 4153 2549 4207 celsitudo.
2601 4152 2749 4207 Sicut
2778 4153 2844 4207 de
2890 4154 3148 4223 sapientia
3179 4155 3377 4227 dictum
3406 4155 3595 4227 legitur
3615 4174 3637 4212 :

2050 4246 2276 4301 Sinistra
2297 4248 2404 4315 ejus
2431 4246 2519 4299 sub
2542 4246 2702 4313 capite
2728 4262 2857 4311 meo,
2888 4254 2935 4298 et
2957 4245 3161 4299 dextera
3186 4247 3295 4317 ejus
3316 4247 3640 4317 amplectitur

2047 4348 2127 4393 me
2153 4338 2325 4410 (Cant.
2347 4354 2403 4402 ιι,
2432 4335 2506 4410 6).
2532 4336 2588 4391 Si
2624 4337 2764 4391 enim
2795 4336 3220 4406 subterjacuerit
3250 4346 3461 4393 terrena
3487 4354 3638 4395 com-

2050 4431 2297 4496 moditas,
2345 4438 2453 4483 tum
2506 4429 2734 4498 desuper
2776 4429 3118 4497 amplectitur
3163 4440 3360 4485 aeterna
3390 4429 3636 4487 felicitas.

2120 4523 2174 4577 9.
2200 4521 2427 4575 Christus
2456 4519 2640 4574 visibiti
2681 4524 2850 4591 forma
2877 4518 3043 4593 judea:
3075 4520 3251 4574 veniet.
3301 4520 3375 4574 De
3426 4518 3641 4577 sublimi

2050 4633 2177 4687 ergo
2207 4613 2533 4669 habitatione
2578 4613 2857 4679 malorum,
2905 4612 2991 4666 ubi
3020 4628 3159 4667 nunc
3206 4620 3289 4667 est
3320 4610 3434 4681 ejus
3476 4610 3639 4669 etiam

2051 4707 2351 4766 immortale
2367 4707 2477 4779 jam
2500 4712 2714 4776 corpus,
2742 4706 2995 4760 Dominus
3020 4713 3201 4759 noster
3223 4705 3379 4759 Jesus
3396 4703 3638 4763 Christus

2050 4804 2117 4861 ad
2142 4803 2457 4875 judicandos
2485 4801 2635 4855 vivos
2665 4809 3008 4868 mortuosque
3035 4808 3290 4852 venturus
3310 4806 3411 4863 est,
3441 4814 3639 4853 secun-

2050 4898 2175 4953 dum
2218 4895 2674 4951 evidentissimum
2715 4886 3011 4963 angelicum
3062 4890 3439 4955 testimonium,
3496 4880 3640 4960 Quod

2053 4990 2308 5058 scriptum
2333 4996 2415 5043 est
2439 4987 2491 5039 in
2524 4984 2742 5040 Actibus
2774 4982 3165 5053 Apostolorum.
3200 4982 3464 5037 lntuenles
3493 4981 3639 5037 enim

2053 5080 2300 5149 discipuli
2349 5078 2630 5133 Dominum
2676 5076 3053 5130 ascendentem
3101 5074 3149 5126 in
3180 5073 3395 5139 coelum,
3436 5085 3489 5128 et
3515 5088 3639 5129 eum

2055 5171 2327 5243 suspensis
2353 5170 2655 5239 aspectibus
2700 5165 3042 5227 deducentes,
3081 5164 3360 5217 audierunt
3406 5163 3639 5233 Angelos

2054 5264 2235 5320 dicere
2264 5279 2276 5315 :
2314 5256 2419 5314 Viri
2445 5254 2664 5324 Calilwi,
2685 5257 2804 5328 quid
2826 5256 2905 5308 hic
2931 5255 3071 5308 statis
3090 5257 3116 5307 7
3148 5253 3244 5307 Hic
3265 5252 3434 5321 Iesus,
3458 5252 3544 5325 qui
3562 5271 3640 5309 re-

2056 5366 2229 5429 ceptus
2255 5364 2325 5409 est
2353 5371 2383 5407 a
2404 5353 2559 5418 vobis,
2582 5352 2654 5403 sic
2676 5348 2850 5411 veniet,
2874 5346 3293 5415 quemadmodum
3315 5340 3506 5401 uidistis
3526 5364 3639 5403 eum

2055 5457 2251 5503 euntem
2302 5446 2352 5499 in
2399 5444 2577 5498 caelum
2621 5439 2754 5512 (Act.
2789 5454 2826 5503 ι,
2867 5438 2975 5508 il).
3001 5432 3259 5506 [tt-pressa
3288 5446 3368 5492 est
3395 5437 3558 5492 multa
3586 5446 3640 5495 et

2056 5541 2263 5598 diversa
2292 5537 2569 5593 continens
2604 5534 2829 5587 humana
2878 5530 3241 5601 przcsumptio.
3266 5531 3330 5585 ἰιι
3371 5548 3429 5586 ea
3470 5531 3641 5589 forma

2054 5636 2311 5709 judicabit
2335 5631 2596 5695 Christus,
2621 5628 2671 5682 iu
2696 5644 2795 5697 qua
2816 5626 3080 5697 judicatus
3106 5635 3208 5680 est.
3239 5622 3327 5680 Sic
3352 5624 3491 5680 enim
3517 5640 3640 5680 eum

2059 5731 2301 5786 viderunt
2327 5723 2566 5794 Apostoli
2588 5720 2962 5776 ascendentem
2986 5720 3041 5774 in
3065 5720 3281 5787 caelum,
3308 5719 3520 5789 quando
3542 5733 3640 5773 au-

2060 5820 2273 5876 dierunt
2321 5816 2397 5871 sic
2422 5828 2540 5871 esse
2566 5821 2869 5870 venturum.
2902 5811 2994 5869 Illa
3018 5809 3188 5868 forma
3227 5809 3332 5867 erit
3349 5813 3638 5885 conspicua
