3996 6446
461 324 596 386 1071

458 445 596 501 vivis
619 456 674 502 et
706 447 948 516 mortuis,
971 447 1132 504 bonis
1151 456 1205 504 et
1229 448 1381 504 malis
1404 465 1418 502 :
1442 448 1555 505 sive
1594 448 1763 506 bonos
1786 450 2051 521 intelliga-

456 553 580 594 mus
601 541 817 594 nomine
835 539 1130 610 appellatos
1153 556 1272 596 esse
1298 541 1558 606 vivorum,
1588 542 1864 611 malosque
1905 555 2052 596 mor-

454 638 701 693 tuorum;
738 628 850 683 sive
888 629 1009 684 illos
1050 630 1198 686 vivos
1235 630 1592 702 accipiamus,
1638 647 1773 701 quos
1813 631 2049 687 nondum

453 713 639 774 ﬁnisse
664 719 819 773 istam
863 721 1024 775 vitam
1067 721 1301 778 inveniet
1338 723 1456 792 ejus
1489 723 1776 789 adventus,
1806 732 2050 778 mortuos

451 821 630 866 autem
677 828 810 882 quos
859 814 974 884 ejus
1015 815 1295 884 prmsentia
1325 816 1618 882 suscitabit,
1667 816 1802 872 sicut
1850 816 1965 886 ipse
1992 814 2047 870 in

452 900 744 973 Evangelio
775 905 1010 976 loquitur
1039 907 1240 975 dicens,
1292 906 1467 963 Veniet
1491 910 1636 974 liora,
1659 909 1860 980 quando
1876 925 2048 963 omnes

449 997 536 1064 qui
561 1007 678 1051 sunt
702 1001 754 1050 in
783 1001 1151 1066 monumentis,
1181 1002 1388 1056 audient
1418 1019 1588 1057 vocem
1607 1004 1756 1074 ejus;
1785 1011 1832 1057 et
1869 1018 2046 1071 proce-

450 1089 570 1143 dent
619 1092 704 1161 qui
739 1092 860 1147 bene
915 1095 1165 1163 fecerunt,
1210 1097 1264 1150 in
1312 1099 1722 1152 resurrectionem
1765 1095 1916 1161 vitae;
1960 1095 2048 1165 qui

447 1182 586 1237 mala
611 1195 814 1254 egerunt
839 1229 853 1249 ,
881 1188 932 1240 in
971 1191 1383 1244 resurrectionem
1408 1191 1590 1262 judicii
1617 1189 1796 1263 (Joan.
1814 1204 1867 1255 v,
1902 1187 1972 1243 28
1999 1196 2046 1242 et

446 1273 566 1344 29).
596 1273 663 1329 Ει
692 1277 764 1331 illi
799 1279 1052 1335 videbunt
1080 1281 1134 1336 in
1164 1282 1334 1338 forma
1372 1282 1602 1337 hominis
1628 1282 1685 1337 in
1721 1295 1880 1352 quem
1925 1295 2045 1336 cre-

449 1368 722 1437 diderunt,
751 1374 900 1428 etilli
943 1392 1100 1445 quem
1131 1387 1586 1448 contempserunt.
1615 1379 1862 1434 Formam
1916 1393 2044 1434 vero

442 1457 562 1528 Dei,
612 1478 715 1532 qua
743 1467 962 1536 aequalis
987 1479 1068 1523 est
1090 1469 1254 1536 Patri,
1286 1471 1432 1540 impii
1459 1487 1565 1527 non
1591 1471 1865 1527 videbunt.
1916 1470 2041 1524 Tol-

443 1552 576 1608 letur
618 1558 759 1611 enim
806 1559 1024 1630 impius,
1069 1563 1206 1618 sicut
1243 1564 1373 1620 dicit
1417 1565 1675 1635 propheta
1703 1607 1718 1631 ,
1765 1582 1828 1619 ne
1878 1564 2042 1618 videat

441 1647 723 1703 Claritatem
749 1651 954 1707 Domini
971 1653 1124 1728 (lsai.
1154 1672 1298 1723 XXVI,
1323 1657 1412 1724 10,
1436 1675 1539 1712 sec.
1571 1657 1760 1730 LXX).
1785 1657 1875 1724 Et,
1896 1654 2040 1710 Beati

441 1743 632 1794 mundo
661 1745 828 1809 corde,
863 1750 1104 1815 quoniam
1130 1750 1230 1820 ipsi
1267 1750 1429 1805 Deum
1468 1752 1701 1806 videbunt
1745 1750 1956 1824 (Matth.
1983 1766 2036 1815 ν.

440 1827 515 1902 8).
540 1831 662 1886 Ηωο
688 1834 756 1888 de
775 1835 902 1892 Jesu
922 1836 1137 1895 Christo
1150 1840 1286 1896 Filio
1298 1842 1393 1898 Dei
1420 1843 1576 1900 unico
1603 1843 1826 1899 Domino
1855 1852 2040 1900 nostro

438 1923 572 1976 satis
598 1924 736 1980 dicta
764 1928 889 1983 sint.

511 2015 600 2069 10.
633 2017 860 2087 Spiritus
885 2031 1090 2077 sanctus
1119 2023 1183 2078 de
1229 2023 1390 2080 Patre
1417 2027 1689 2097 procedens
1719 2025 1875 2081 Deus.
1919 2025 2037 2081 Tri—

440 2103 613 2159 nitatis
665 2111 978 2178 mysterium.
1030 2111 1310 2169 Credimus
1366 2117 1507 2170 enim
1565 2116 1639 2188 (a)
1686 2117 1737 2171 in
1779 2117 2034 2187 Spiritum

439 2205 706 2261 sanctum,
753 2199 821 2255 de
865 2201 1024 2258 Patre
1058 2205 1437 2274 procedentem
1467 2206 1644 2278 (Joan.
1676 2225 1766 2276 xv,
1794 2208 1910 2294 26),
1937 2223 2036 2265 nec

435 2291 613 2342 tamen
641 2291 805 2345 lilium
837 2310 850 2347 :
877 2309 1040 2365 super
1055 2295 1246 2352 Filium
1270 2309 1570 2355 manentem
1592 2299 1701 2373 (led.
1722 2317 1760 2366 ι,
1787 2291 1903 2371 52),
1935 2316 2036 2356 nec

435 2375 556 2433 Filii
584 2390 790 2450 patrem
822 2401 834 2437 :
861 2384 928 2440 de
967 2386 1088 2441 Filii
1125 2389 1472 2459 accipientem
1509 2391 1618 2464 (Id.
1648 2395 1895 2466 “1.44),
1932 2410 2035 2450 nec

438 2477 615 2527 tamen
661 2473 781 2529 Filii
828 2477 994 2532 ﬁlium
1031 2497 1044 2534 :
1083 2480 1180 2536 sed
1223 2482 1480 2553 Spiritum
1537 2484 1710 2540 Patris
1757 2495 1813 2540 et
1874 2487 2028 2553 Filii;

436 2563 694 2636 Spiritum
725 2580 968 2627 sanctum
997 2583 1051 2630 et
1078 2575 1252 2644 ipsum
1282 2577 1470 2633 Deum.
1502 2578 1618 2635 Non
1640 2581 1780 2636 enim
1810 2580 2033 2637 haberet

434 2657 546 2712 tale
574 2660 854 2730 templum,
879 2663 923 2718 si
939 2680 1046 2720 non
1065 2679 1211 2723 esset
1231 2668 1392 2732 Deus,
1413 2671 1554 2726 unde
1572 2671 1704 2728 dicit
1717 2673 2024 2742 Apostolus,

432 2743 658 2805 Nescitis
686 2752 806 2822 quia
833 2771 1046 2827 corpora
1077 2770 1239 2814 vestra
1269 2761 1510 2832 templum
1550 2763 1604 2816 in
1642 2764 1776 2818 vobis
1805 2764 2030 2835 Spiritus

1699 333 1758 389 S.
1796 329 2163 391 AUGUSTINI
2200 332 2499 392 EPISCOPI

3604 349 3744 411 1072

2159 460 2369 506 mortua
2389 451 2563 509 fuerat
2586 455 2840 524 peccatis,
2868 465 2929 513 ut
2963 459 3360 518 conviviﬁcetur
3383 461 3622 533 Christo,
3646 481 3743 524 cu-

2150 539 2240 610 jus
2266 543 2431 610 gratia
2458 560 2642 619 sumus
2661 548 2794 603 salvi
2822 549 2964 607 iacti.

2228 632 2317 687 12.
2334 633 2650 693 Resurrectio
2662 641 2846 696 carnis.
2870 641 3158 699 Conclusio.
3173 643 3279 700 Sed
3301 661 3399 703 nec
3420 647 3490 704 de
3503 649 3606 706 ista
3623 664 3749 707 car-

2154 740 2225 782 ne
2250 731 2484 798 mortali,
2513 732 2654 802 quod
2679 744 3042 792 resurrectura
3083 738 3154 794 sit
3183 738 3236 794 in
3263 742 3445 797 saeculi
3475 743 3606 811 ﬁne,
3634 744 3741 800 du-

2153 816 2326 874 bitare
2348 819 2628 879 debemus.
2665 823 2871 898 Oportet
2905 829 3040 882 enim
3064 832 3392 902 corruptibile
3430 836 3524 888 hoc
3550 835 3736 890 indue-

2151 923 2209 962 re
2233 909 2681 984 incorruptionem,
2724 927 2771 972 et
2791 922 3003 975 mortale
3023 921 3117 976 hoc
3136 923 3350 979 induere
3373 926 3742 983 immortalita-

2154 1009 2270 1056 tem.
2301 1002 2592 1062 Seminatur
2611 1009 2664 1063 in
2687 1013 3028 1081 corruptione,
3060 1026 3228 1087 surget
3251 1019 3302 1071 in
3324 1019 3708 1092 incorruptione
3725 1039 3747 1078 :

2150 1095 2425 1150 seminatur
2464 1098 2515 1153 in
2563 1103 2863 1157 contumelia
2886 1145 2900 1168 ,
2945 1116 3116 1177 surget
3152 1109 3206 1162 in
3230 1109 3394 1179 gloria
3423 1128 3443 1166 :
3462 1114 3747 1168 seminatur

2150 1202 2336 1257 corpus
2358 1191 2598 1260 animale,
2630 1205 2799 1266 surget
2823 1213 3008 1268 corpus
3031 1200 3293 1270 spirituale
3314 1203 3359 1276 (I
3385 1202 3504 1260 Cor.
3532 1223 3631 1274 xv,
3647 1208 3739 1277 55,

2147 1281 2238 1346 42,
2265 1283 2381 1353 45).
2403 1283 2529 1340 Haec
2557 1296 2640 1342 est
2665 1289 2978 1359 christiana,
3007 1291 3122 1348 haec
3147 1295 3430 1365 catholica,
3461 1297 3580 1354 haec
3608 1314 3744 1370 apo-

2148 1374 2336 1430 stolica
2366 1377 2517 1434 tldes.
2550 1379 2762 1438 Credite
2791 1382 3002 1440 Christo
3026 1384 3243 1455 dicenti,
3274 1389 3505 1460 Capillus
3551 1394 3741 1462 capitis

2147 1468 2296 1520 uestri
2328 1485 2430 1523 non
2472 1473 2653 1542 peribit
2683 1472 2855 1546 (Luc.
2878 1491 2994 1545 nt,
3029 1477 3117 1549 18)
3145 1489 3238 1535 :et
3282 1479 3594 1539 inﬁdelitate
3643 1485 3744 1540 de-

2147 1557 2320 1626 pulsa,
2359 1563 2541 1631 quanti
2590 1565 2826 1634 valeatis,
2887 1569 3064 1638 potius
3105 1573 3358 1642 cogitate.
3400 1575 3539 1642 Quid
3588 1578 3736 1634 enim

2147 1658 2389 1707 nostrum
2417 1668 2448 1708 a
2478 1653 2834 1728 Redemptore
2861 1671 3048 1717 nostro
3073 1665 3343 1721 contemni
3375 1675 3573 1737 potest,
3599 1683 3740 1739 quo-

2145 1755 2263 1796 rum
2291 1745 2514 1815 capillus
2540 1752 2805 1806 contemni
2831 1766 2939 1808 non
2968 1756 3175 1825 potest?
3210 1755 3317 1812 Aut
3339 1759 3608 1828 quomodo
3635 1760 3738 1817 du-

2142 1832 2429 1893 bitabimus
2471 1840 2614 1910 quod
2656 1842 2848 1909 anima:
2881 1856 2935 1900 et
2960 1847 3109 1902 carni
3151 1858 3349 1906 nostra:
3384 1851 3546 1907 vitam
3576 1853 3738 1910 datu-

2141 1939 2235 1980 rus
2271 1927 2340 1982 sit
2368 1937 2641 1998 aeternam,
2665 1934 2753 2005 qni
2782 1950 2881 2005 pro
2905 1937 3060 1994 nobis
3087 1939 3318 1996 animam
3339 1951 3396 1998 et
3411 1959 3654 2013 carnem,
3679 1955 3740 2003 et

2141 2018 2376 2088 suscepit
2401 2019 2452 2075 in
2478 2037 2584 2093 qua
2609 2036 2928 2094 moreretur,
2966 2038 3020 2084 et
3051 2032 3226 2100 posuit
3247 2048 3368 2088 cum
3406 2045 3735 2106 moreretur,

2141 2114 2198 2161 et
2223 2111 2422 2180 recepit
2441 2127 2509 2167 nc
2535 2129 2680 2170 mors
2706 2116 3020 2174 timeretur?
3069 2121 3257 2178 Omnia
3297 2141 3415 2195 quae
3447 2128 3738 2185 traduntur

2140 2194 2196 2252 in
2248 2198 2502 2271 Symbolo
2549 2219 2646 2275 pro
2673 2208 2890 2264 modulo
2928 2220 3133 2276 nostro,
3167 2194 3357 2271 fratres
3380 2218 3505 2281 mei,
3534 2229 3737 2277 vestra:

2139 2290 2362 2380 exposui
2391 2291 2666 2350 Charitati.
2699 2297 2850 2366 Quod
2875 2299 2998 2356 ideo
3027 2301 3339 2374 Symbolum
3363 2305 3578 2373 dicitur,
3605 2311 3742 2380 quia

2138 2377 2212 2432 ibi
2243 2391 2438 2436 nostrae
2463 2383 2736 2442 societatis
2763 2387 2895 2446 ﬁdes
2925 2392 3119 2462 placita
3163 2396 3485 2465 continetur,
3527 2409 3585 2456 et
3610 2377 3740 2470 ejus

2139 2471 2474 2532 confessione
2519 2485 2769 2550 tanquam
2814 2483 2967 2554 signo
3021 2485 3149 2543 dato
3193 2488 3514 2547 christianus
3553 2491 3740 2553 ﬁdelis

2137 2564 2467 2645 agnoscitur.
2496 2567 2692 2625 Amen.

2630 2685 2858 2746 SERMO
2893 2689 3076 2748 ccxv
3097 2695 3116 2716 ο
3145 2691 3244 2764 (a).

2642 2816 2694 2859 tn
2720 2811 3002 2864 nedditione
3023 2816 3244 2880 Symboli.

430 2841 598 2894 sancti
639 2852 732 2909 est,
777 2861 922 2915 quem
973 2847 1166 2906 habetis
1195 2869 1228 2905 ιι
1279 2851 1388 2906 Deo
1418 2853 1462 2925 (l
1484 2853 1602 2909 Cor.
1651 2871 1723 2919 vr,
1757 2854 2026 2927 l9)?Non
2125 2913 2131 2919 .

429 2942 691 2992 creaturae
718 2939 992 3008 templum,
1022 2942 1117 2997 sed
1141 2942 1428 3000 Creatoris.
1455 2947 1608 3002 Absit
1630 2948 1772 3004 enim
1798 2965 1830 3004 a
1848 2949 2022 3017 nobis,
2058 2946 2062 2950 ’

429 3030 494 3075 ut
522 3025 779 3092 templum
823 3027 990 3083 simus
1029 3041 1464 3088 creaturaezcum
1504 3037 1647 3091 dicat
1697 3038 2020 3106 Apostolus,

427 3110 699 3183 Templum
747 3118 880 3170 enim
903 3117 999 3173 Dei
1040 3132 1270 3176 sanctum
1302 3135 1397 3192 est,
1427 3128 1564 3194 quod
1593 3129 1709 3182 estis
1729 3143 1814 3183 vos
1833 3129 1878 3199 (l
1901 3129 2018 3184 Cor.

427 3221 508 3271 ιιι,
534 3206 648 3278 17).
678 3200 735 3262 in
758 3207 857 3264 hac
898 3210 1160 3269 Trinitate
1203 3230 1310 3269 non
1335 3225 1417 3270 est
1446 3217 1590 3272 aliud
1615 3219 1722 3273 alio
1743 3220 1912 3289 majus
1929 3230 2023 3276 aut

426 3297 626 3360 minus,
680 3300 824 3353 nulla
869 3315 1092 3371 operum
1133 3307 1420 3375 separatio,
1453 3309 1596 3363 nulla
1642 3309 2019 3367 dissimilitudo

424 3388 760 3444 substantia}.
796 3391 943 3448 Unus
967 3393 1126 3450 Pater
1155 3396 1314 3462 Deus,
1336 3413 1470 3452 unus
1496 3399 1658 3455 Filius
1685 3401 1847 3467 Deus,
1881 3419 2017 3460 unus

422 3477 658 3548 Spiritus
685 3492 900 3538 sanctus
929 3485 1090 3540 Deus.
1141 3486 1250 3542 Nec
1280 3497 1456 3542 tamen
1488 3489 1646 3545 Pater
1692 3502 1742 3546 et
1771 3492 1938 3548 Filius
1962 3504 2017 3550 et

423 3570 654 3642 Spiritus
681 3586 897 3630 sanctus
928 3585 1038 3632 tres
1064 3579 1160 3644 dii,
1181 3580 1275 3635 sed
1301 3597 1436 3636 unus
1450 3582 1610 3637 Deus.
1636 3583 1708 3637 Ita
1742 3593 1919 3640 utnon
1947 3587 2016 3642 sit

419 3665 538 3735 ipse
554 3666 711 3723 Pater
721 3669 808 3738 qui
825 3669 1114 3737 Filius,nec
1133 3672 1299 3727 Filius
1313 3675 1479 3744 sitqui
1494 3675 1773 3742 Pater,nec
1785 3677 2014 3747 Spiritus

418 3768 634 3815 sanctus
654 3760 722 3814 sit
744 3769 834 3814 aut
859 3761 1020 3818 Pater
1046 3771 1140 3817 aut
1163 3763 1330 3820 Filius
1355 3783 1367 3819 :
1398 3767 1492 3822 sed
1513 3768 1670 3822 Pater
1691 3767 1809 3824 Filii
1831 3770 2009 3836 Pater,

416 3841 474 3903 et
489 3847 656 3904 Filius
676 3850 850 3905 Patris
871 3852 1060 3920 Filius,
1083 3862 1136 3908 et
1155 3854 1384 3925 Spiritus
1396 3867 1610 3912 sanctus
1621 3859 1794 3914 Patris
1814 3869 1868 3915 et
1891 3861 2012 3916 Filii

415 3938 688 4010 Spiritus:
721 3953 775 3998 et
799 3944 1039 4016 singulus
1075 3947 1298 4018 quisque
1328 3949 1488 4015 Deus,
1533 3961 1588 4006 et
1624 3953 1735 4021 ipsa
1776 3953 2010 4010 Trinitas

414 4045 556 4085 unus
579 4031 740 4088 Deus.
772 4035 895 4090 Ilaec
925 4036 1058 4093 ﬁdes
1101 4037 1304 4094 imbuat
1333 4043 1493 4096 corda
1541 4053 1717 4100 vestra
1736 4085 1752 4112 ,
1793 4055 1850 4101 et
1873 4061 2007 4102 con-

415 4119 702 4179 fessionem
731 4125 942 4197 dirigat.
970 4129 1084 4184 Hoc
1108 4129 1380 4187 audiendo
1404 4133 1626 4202 credite,
1657 4144 1718 4190 ut
1745 4135 2008 4208 intelliga-

414 4213 518 4288 tis;
550 4225 603 4268 ut
637 4216 779 4284 quod
809 4219 1046 4285 creditis,
1077 4221 1374 4294 intelligere
1401 4223 1727 4293 proﬁciendo
1755 4227 2001 4284 valeatis.

486 4306 575 4360 11.
597 4304 828 4362 Ecclesia
847 4323 1022 4364 sancta
1031 4313 1300 4381 catholica,
1322 4316 1557 4370 columna
1571 4328 1616 4372 et
1631 4319 2003 4387 ﬁrmamentum

411 4389 655 4453 veritatis.
710 4400 957 4455 Remissio
999 4415 1334 4473 peccatorum.
1366 4409 1614 4463 Sanctam
1655 4426 1864 4481 quoque
1894 4413 1999 4468 Ec-

409 4490 650 4556 clesiam,
701 4502 923 4546 matrem
955 4505 1209 4560 vestram,
1255 4507 1503 4570 tanquam
1528 4516 1813 4572 supernam
1839 4503 1999 4560 Jeru-

407 4583 576 4637 salem
597 4594 837 4639 sanctam
861 4587 1132 4642 civitatem
1159 4589 1275 4654 Dei,
1307 4589 1584 4660 honorate,
1613 4593 1834 4665 diligite,
1863 4611 1996 4665 pra:-

407 4670 600 4728 dicate.
631 4675 747 4743 Ipsa
798 4684 883 4730 est
927 4693 1047 4747 quae
1089 4677 1142 4732 in
1188 4678 1288 4734 hac
1334 4681 1469 4747 ﬁde,
1529 4698 1687 4753 quam
1734 4687 1992 4754 audistis,

405 4763 689 4821 fructiﬁcat
714 4776 770 4822 et
792 4770 988 4824 crescit
1016 4769 1070 4824 in
1091 4771 1400 4827 universum
1424 4774 1679 4830 mundum
1706 4775 1921 4846 (Coloss.
1953 4797 1989 4845 ι,

405 4855 485 4926 6).
514 4856 754 4913 Ecclesia
781 4860 874 4915 Dei
905 4862 1030 4929 vivi,
1079 4863 1326 4918 columna
1360 4874 1412 4920 et
1438 4866 1826 4923 ﬁrmamentum
1848 4872 1991 4926 veri-

403 4950 526 5005 tatis
557 4951 599 5022 (Ι
623 4950 757 5007 Tim.
781 4969 856 5019 ιιι,
879 4952 1002 5027 15);
1034 4972 1152 5026 quae
1177 4959 1349 5013 malos
1372 4959 1426 5015 in
1454 4960 1559 5016 line
1587 4964 1935 5033 separandos,
1959 4982 1990 5021 a

400 5041 595 5114 quibus
622 5045 833 5100 interim
861 5046 1090 5102 discedit
1138 5049 1484 5120 disparilitate
1526 5069 1733 5111 morum
1754 5099 1768 5125 ,
1801 5057 1990 5114 tolerat

401 5133 453 5187 in
475 5137 854 5192 communione
870 5137 1356 5196 Sacramentorum.
1382 5143 1507 5199 Haec
1531 5156 1748 5217 propter
1765 5163 1858 5203 sua
1880 5151 1988 5204 fru-

400 5236 578 5280 menta
609 5227 748 5282 inter
769 5229 946 5298 paleas
976 5231 1135 5286 modo
1168 5235 1456 5303 gementia,
1483 5252 1707 5306 quorum
1730 5239 1784 5294 in
1808 5242 1986 5296 novis-

307 5350 314 5362 .
398 5317 533 5370 sima
562 5320 909 5376 ventilatione
950 5337 1124 5378 massa
1156 5324 1366 5381 horreis
1392 5327 1570 5383 debita
1607 5329 1978 5401 declarabitur,

396 5409 576 5465 claves
605 5416 814 5486 accepit
843 5417 991 5486 regni
1019 5418 1309 5484 caelorum;
1350 5431 1408 5476 ut
1437 5423 1488 5476 in
1512 5423 1596 5476 illa
1627 5439 1723 5493 per
1768 5427 1982 5496 sangui-

396 5513 518 5555 nem
556 5500 784 5570 Christi,
833 5517 1086 5576 operante
1131 5509 1329 5580 Spiritu
1371 5524 1574 5582 sancto,
1606 5514 1698 5570 ﬁat
1739 5518 1981 5574 remissio

394 5602 757 5664 peccatorum.
787 5597 844 5652 ln
885 5598 985 5654 hac
1012 5593 1254 5658 Ecclesia
1292 5606 1573 5663 reviviscet
1618 5609 1814 5675 anima,
1860 5628 1980 5682 qua:

393 5727 743 5858 pilga)2l;';l'te,M
738 5733 978 5786 credimus
1001 5719 1162 5798 etiam,
1184 5741 1320 5802 juxta
1352 5745 1516 5798 Morel.
1534 5745 1773 5798 Element.
1797 5749 1975 5806 Critic.,

2205 2928 2257 2981 1.
2287 2927 2587 3000 Symbolum
2607 2934 2726 3003 ﬁdei
2757 2937 2929 2992 animo
2959 2955 3156 3010 semper
3175 2943 3494 2997 versandum.
3526 2945 3734 3003 Sacro-

2129 3023 2298 3076 sancti
2346 3025 2587 3096 martyrii
2633 3027 2945 3098 Symbolum
2974 3032 3014 3098 ¹,
3047 3032 3188 3102 quod
3218 3034 3374 3089 simul
3412 3038 3728 3107 accepistis,

2128 3120 2183 3164 et
2231 3113 2421 3183 singuli
2472 3115 2630 3172 hodie
2673 3119 3000 3188 reddidistis,
3045 3124 3202 3178 verba
3261 3135 3384 3180 sunt
3425 3127 3479 3181 in
3520 3130 3731 3199 quibus

2129 3205 2314 3260 matris
2361 3206 2614 3264 Ecclesiae
2662 3211 2794 3266 ﬁdes
2840 3227 3000 3282 supra
3051 3213 3453 3272 fundamentum
3498 3221 3726 3289 stabile,

2125 3297 2267 3367 quod
2311 3309 2394 3354 est
2421 3300 2667 3358 Christus
2695 3304 2971 3371 Dominus,
3019 3308 3242 3364 solidata
3271 3309 3526 3366 ﬁrmatur.
3559 3311 3724 3368 Fun-

2125 3389 2416 3446 damentum
2453 3397 2585 3450 enim
2627 3398 2771 3451 aliud
2807 3416 2953 3454 nemo
2984 3412 3146 3471 potest
3185 3421 3389 3474 ponere,
3435 3418 3615 3476 prteter
3661 3411 3728 3464 id

2122 3482 2258 3552 quod
2279 3486 2494 3553 positum
2515 3497 2609 3554 est,
2633 3491 2769 3560 quod
2789 3500 2861 3544 est
2875 3489 3107 3547 Christus
3122 3494 3275 3550 Iesus
3293 3495 3334 3566 (Ι
3357 3497 3474 3553 Cor.
3497 3515 3573 3566 ut,
3594 3500 3722 3573 11).

2121 3574 2423 3644 Accepistis
2450 3593 2599 3648 ergo,
2631 3589 2686 3634 et
2711 3581 3048 3651 reddidistis,
3072 3585 3213 3655 quod
3247 3587 3428 3642 animo
3451 3598 3504 3644 et
3544 3592 3723 3649 corde

2121 3679 2336 3734 semper
2361 3667 2594 3724 retinere
2623 3670 2849 3737 debetis,
2875 3674 3016 3743 quod
3045 3674 3098 3730 in
3124 3678 3308 3732 stratis
3329 3681 3521 3735 vestris
3551 3681 3717 3737 dica-

2122 3759 2211 3823 tis,
2240 3760 2382 3829 quod
2409 3761 2458 3814 in
2489 3763 2676 3830 plateis
2715 3765 2980 3835 cogitetis,
3010 3776 3065 3822 et
3092 3769 3234 3837 quod
3266 3772 3404 3826 inter
3421 3772 3570 3828 cibos
3596 3790 3716 3831 non

2115 3848 2500 3905 obliviscamini
2522 3869 2535 3917 ;
2561 3853 2612 3907 in
2636 3869 2740 3923 quo
2759 3855 2917 3909 etiam
2932 3855 3260 3915 dormientes
3278 3876 3520 3932 corpore,
3539 3865 3718 3922 corde

2116 3937 2366 4009 vigiletis.
2400 3941 2786 4001 Renuntiantes
2811 3947 2952 4001 enim
2977 3947 3210 4016 diabolo,
3241 3953 3448 4024 pompis
3490 3964 3545 4010 et
3598 3971 3717 4011 an-

2114 4030 2250 4099 gelis
2275 4031 2392 4101 ejus
2414 4045 2646 4089 mentem
2673 4046 2833 4108 atque
2872 4039 3104 4096 animam
3146 4043 3540 4113 subtrahentes,
3567 4049 3717 4104 obli-

2113 4120 2241 4176 visci
2270 4133 2480 4192 oportet
2501 4128 2912 4196 prmteritorum,
2953 4142 3010 4188 et
3051 4144 3312 4192 vetustate
3353 4139 3544 4208 prioris
3578 4143 3714 4200 vita:

2114 4222 2440 4283 contempta,
2482 4233 2604 4295 cum
2644 4235 2783 4276 novo
2824 4221 3042 4280 homine
3077 4226 3236 4282 vitam
3275 4244 3488 4300 quoque
3528 4232 3708 4303 ipsam

2109 4307 2306 4361 sanctis
2346 4310 2583 4366 moribus
2634 4313 2918 4381 innovare;
2968 4326 3043 4386 et,
3068 4319 3203 4374 sicut
3237 4323 3521 4392 Apostolus
3545 4325 3704 4396 dicit,

2110 4414 2230 4470 quae
2262 4409 2406 4455 retro
2426 4413 2552 4457 sunt
2589 4405 2758 4472 ohliti,
2786 4418 2944 4480 atque
2975 4410 3026 4464 in
3057 4427 3119 4466 ea
3149 4429 3267 4483 qua:
3296 4425 3419 4471 ante
3443 4426 3567 4472 sunt
3594 4435 3706 4474 ex-

2107 4491 2260 4555 tenti,
2291 4493 2442 4562 sequi
2463 4493 2528 4548 ad
2570 4495 2798 4565 palmam
2826 4513 3072 4568 superna:
3093 4506 3386 4560 vocationis
3417 4507 3505 4562 Dei
3534 4509 3704 4579 (Phi—

2105 4579 2236 4651 lipp.
2268 4597 2326 4646 n,
2351 4582 2470 4655 i3);
2498 4593 2554 4639 et
2587 4587 2811 4643 credere
2839 4589 2981 4658 quod
3013 4592 3247 4648 nondum
3286 4594 3456 4662 vides,
3484 4606 3540 4652 ut
3570 4615 3695 4654 me-

2105 4670 2208 4724 rito
2227 4673 2400 4740 possis
2420 4673 2484 4729 ad
2502 4675 2554 4729 id
2581 4678 2719 4747 quod
2742 4679 3034 4736 credideris
3059 4685 3357 4752 pervenire.
3385 4686 3534 4751 Quod
3554 4691 3699 4744 enim

2103 4762 2235 4817 videt
2261 4765 2393 4834 quis,
2421 4767 2546 4836 quid
2587 4779 2754 4838 sperat
2781 4770 2890 4826 ?Si
2932 4783 3099 4826 autem
3138 4777 3274 4845 quod
3315 4794 3416 4831 non
3463 4779 3698 4836 videmus

2098 4871 2381 4925 speramus,
2413 4875 2503 4928 per
2526 4860 2817 4930 patientiam
2847 4875 3191 4934 exspectamus
3218 4866 3390 4937 (Rom.
3417 4885 3530 4938 vm,
3553 4871 3623 4926 24
3642 4885 3698 4927 et

2095 4947 2211 5020 25).

2165 5039 2220 5094 2.
2251 5040 2327 5096 De
2352 5041 2461 5097 Deo
2501 5045 2624 5113 quid
2667 5047 2989 5102 credendum.
3028 5049 3188 5106 Fides
3218 5067 3346 5123 ergo
3373 5053 3486 5109 haec
3509 5063 3566 5110 et
3592 5071 3690 5110 sa-

2095 5129 2220 5185 lutis
2244 5143 2326 5187 est
2346 5133 2545 5204 regula,
2572 5137 2791 5192 credere
2816 5153 2912 5194 nos
2932 5139 2985 5194 in
3014 5139 3179 5195 Deum
3201 5141 3408 5198 Patrem
3437 5147 3690 5216 omnipo-

2095 5232 2318 5288 tentem,
2349 5225 2716 5281 universorum
2757 5238 3076 5294 creatorem,
3117 5247 3297 5302 regem
3336 5235 3682 5304 szeculorum,

2093 5315 2453 5372 immortalem
2485 5327 2539 5372 et
2567 5319 2904 5375 invisibilem.
2941 5322 3059 5392 Ipse
3078 5335 3159 5377 est
3181 5325 3380 5395 quippe
3402 5326 3542 5382 Deus
3561 5342 3687 5383 om-

2586 5439 2880 5517 entum
2893 5439 3090 5517 ,μειίιιεν
3107 5452 3270 5517 nostra
3293 5447 3540 5517 opinions
3563 5455 3688 5517 μυ-

2088 5499 2323 5572 dunensis
2338 5499 2730 5572 [mlcsitepodex
2751 5499 3122 5572 vetustissimus,
3381 5499 3683 5572 Symbblum,

2090 5561 2135 5633 id
2160 5562 2540 5633 estproﬁtendae
2562 5564 2692 5612 ﬁdei.
2715 5563 2857 5633 Paulo
2878 5573 2986 5626 post
3007 5579 3122 5627 vox,
3139 5561 3301 5633 hodie",
3320 5561 3435 5633 (ῃιὲ
3450 5572 3503 5622 in

2087 5623 2275 5694 deerat,
2315 5625 2585 5694 restituitur
2626 5639 2690 5674 ex
2732 5623 2908 5676 eodem
2941 5623 3298 5694 manttsiz'ipto,
3331 5623 3383 5682 ἐι
3418 5645 3484 5683 ex
3508 5623 3682 5688 codice

2085 5687 2381 5734 Corheiensi.

2152 5751 2168 5814 ‘_
2196 5749 2482 5814 necogtiitus
2503 5747 2562 5814 ad
2584 5750 2661 5797 ch.
2684 5748 2721 5814 Al.
2749 5761 2790 5814 r.
2817 5763 2871 5814 v.
2891 5751 3025 5814 vigu.

2149 5810 2223 5872 (a)
2247 5809 2386 5871 Alias,
2414 5823 2476 5859 ex
2502 5811 2800 5876 \riguerianis
2818 5812 2896 5867 10.
