4070 6330
371 269 517 327 1073

370 384 643 453 nipotens,
670 377 761 451 qui
801 379 855 433 in
894 375 1184 448 primordio
1211 373 1396 431 mundi
1446 381 1635 429 cuncta
1686 388 1754 427 ex
1788 369 1957 426 nihilo

372 475 518 542 fecit,
545 474 635 545 qui
660 481 742 530 est
787 480 912 528 ante
950 471 1167 538 sarcula,
1197 470 1288 540 qui
1338 468 1461 524 fecit
1499 475 1556 523 et
1578 465 1714 536 regit
1736 462 1953 547 saecula.

369 569 490 625 Non
518 567 660 623 enim
689 574 927 635 tempore
974 572 1217 635 augetur,
1240 569 1331 616 aut
1354 561 1470 617 loco
1495 556 1837 624 distenditur,
1866 563 1957 610 aut

370 659 545 730 aliqua
565 657 789 712 materia
814 655 1144 712 concluditur
1165 662 1257 709 aut
1283 651 1631 709 terminatur:
1662 649 1756 706 sed
1779 653 1959 702 manet

370 750 513 822 apud
551 764 611 805 se
656 759 710 805 et
737 749 789 803 in
835 763 895 803 se
919 748 1034 819 ipso
1067 747 1223 816 plena
1269 752 1323 801 et
1365 743 1598 815 perfecta
1645 740 1952 807 aeternitas,

372 857 532 915 quam
560 856 659 897 nec
702 839 1159 911 comprehendere
1207 838 1437 892 humana
1482 834 1732 906 cogitatio
1754 839 1953 905 potest,

376 952 477 993 nec
522 935 703 1006 lingua
732 948 971 989 narrare.
1001 932 1133 988 Nam
1176 932 1222 1011 si
1266 945 1461 985 munus
1503 928 1645 1000 quod
1696 927 1957 999 promittit

369 1027 570 1082 sanctis
593 1027 724 1093 suis,
752 1041 853 1081 nec
895 1024 1081 1081 oculus
1104 1024 1255 1090 vidit,
1286 1037 1387 1077 nec
1423 1020 1569 1076 auris
1593 1019 1813 1084 audivit,
1854 1032 1954 1075 nec

370 1119 425 1172 in
453 1133 547 1173 cor
565 1117 797 1173 hominis
822 1116 1059 1173 ascendit
1080 1114 1120 1189 (I
1143 1114 1259 1170 Cor.
1287 1129 1344 1179 ιι,
1375 1112 1465 1185 9);
1489 1110 1757 1183 quomodo
1777 1116 1955 1180 potest

369 1211 543 1281 ipsum
572 1210 662 1282 qui
691 1210 969 1281 promittit,
991 1218 1081 1264 aut
1105 1222 1257 1264 mens
1285 1206 1592 1277 concipere,
1625 1213 1718 1259 aut
1742 1218 1837 1261 cor
1857 1218 1953 1259 co-

367 1303 556 1373 gitare,
588 1310 681 1356 aut
698 1302 875 1372 lingua
904 1301 1159 1356 narrare?

439 1395 495 1448 5.
533 1392 611 1448 De
640 1391 860 1449 Christo.
909 1392 1160 1446 Nativitas
1185 1392 1293 1462 ejus
1320 1400 1507 1447 caterua
1530 1398 1578 1444 et
1607 1390 1909 1460 temporaria
1930 1429 1947 1458 ,

367 1495 579 1555 utraque
614 1485 985 1540 inenarrabilis.
1023 1484 1089 1539 In
1144 1501 1295 1538 carne
1330 1494 1479 1538 natus
1518 1493 1594 1539 est
1636 1484 1799 1538 illaesa
1841 1501 1954 1537 ma-

368 1577 459 1630 tris
488 1577 786 1648 virginitate.
826 1576 1105 1632 Credimus
1139 1585 1194 1632 et
1230 1576 1282 1630 in
1308 1575 1497 1631 Filium
1520 1575 1635 1645 ejus
1670 1575 1949 1630 Dominum

366 1678 609 1725 nostrum
635 1669 815 1725 Jesum
834 1668 1103 1725 Christum
1126 1711 1142 1736 ,
1174 1669 1339 1724 Deum
1370 1684 1554 1723 verum
1575 1668 1642 1722 de
1672 1669 1779 1723 Deo
1799 1682 1950 1734 vero,

369 1761 466 1815 Dei
505 1760 679 1816 Patris
729 1761 921 1816 Filium
954 1762 1119 1816 Deum
1163 1779 1177 1814 :
1217 1760 1311 1815 sed
1337 1774 1441 1814 non
1480 1759 1614 1813 duos
1648 1760 1808 1814 Deos.
1835 1758 1952 1827 ipse

368 1851 512 1906 enim
535 1861 590 1908 et
618 1852 774 1908 Pater
792 1869 956 1908 unum
975 1862 1098 1908 sunt
1115 1851 1292 1925 (Joan.
1316 1868 1374 1916 x,
1395 1850 1485 1922 50)
1505 1860 1588 1907 :et
1614 1867 1709 1922 per
1735 1852 1951 1922 Moysen

366 1944 565 2014 populo
598 1944 831 2000 insinuat
854 1944 1037 2001 dicens
1056 1984 1071 2008 ,
1101 1944 1235 1998 Audi
1258 1985 1273 2011 ,
1302 1942 1499 2007 Israel,
1539 1944 1779 1996 mandata
1804 1943 1953 2008 vitta;

366 2034 619 2089 Dominus
648 2035 785 2090 Deus
802 2045 945 2103 tuus,
987 2036 1125 2090 Deus
1163 2052 1294 2089 unus
1322 2044 1393 2089 est
1434 2034 1454 2108 (
1473 2035 1620 2089 Deut.
1650 2051 1703 2089 vr
1727 2076 1743 2101 ,
1788 2034 1865 2106 4).
1896 2034 1953 2089 Si

367 2136 546 2183 autem
570 2128 651 2182 vis
681 2129 914 2197 cogitare
940 2128 1388 2199 quemadmodum
1434 2137 1665 2184 internus
1693 2128 1859 2183 Filius
1885 2128 1954 2185 de

366 2228 570 2273 aeterno
608 2219 766 2275 Patre
807 2220 923 2274 sine
967 2229 1210 2290 tempore
1258 2229 1412 2275 natus
1438 2220 1544 2285 sit;
1592 2221 1861 2292 redarguit
1905 2232 1956 2278 te

370 2309 532 2365 lsaias
577 2311 833 2381 propheta
859 2353 875 2379 ,
922 2312 1013 2382 qui
1048 2311 1178 2367 dicit
1218 2330 1231 2365 :
1282 2311 1662 2367 Generationem
1696 2315 1805 2383 ejus
1846 2314 1957 2383 quis

370 2405 623 2458 enarrabit
664 2403 814 2476 (Isai.
844 2420 966 2469 Llil,
1009 2405 1111 2475 8)?
1147 2405 1488 2460 Nativitatem
1534 2406 1709 2475 itaque
1756 2406 1851 2460 Dei
1890 2421 1957 2462 ex

371 2495 481 2550 Deo
509 2510 611 2551 nec
633 2496 868 2566 cogitare
896 2497 1116 2565 poteris,
1162 2511 1263 2552 nec
1290 2512 1509 2552 narrare
1545 2516 1557 2551 :
1588 2497 1809 2553 credere
1838 2506 1955 2552 tan-

372 2596 483 2642 tum
511 2587 603 2642 tibi
648 2587 1012 2659 permittitur,
1067 2596 1126 2642 ut
1176 2588 1355 2642 salvus
1405 2602 1524 2642 esse
1561 2588 1770 2657 possis;
1820 2588 1957 2643 sicut

370 2676 658 2747 Apostolus
684 2678 816 2733 dicit
844 2696 856 2732 :
885 2677 1097 2733 Credere
1116 2679 1250 2733 enim
1278 2688 1468 2749 Oportet
1484 2681 1568 2750 qui
1589 2680 1656 2733 ad
1684 2679 1844 2733 Deum
1870 2696 1959 2734 ac-

371 2769 534 2834 cedit,
555 2771 674 2824 auia
699 2780 773 2825 est
795 2812 811 2835 ,
858 2779 905 2825 et
937 2772 1275 2841 quaerentibus
1314 2786 1429 2824 eum
1466 2771 1710 2825 mercedis
1735 2772 1959 2827 redditor

371 2861 464 2915 erit
494 2860 676 2934 (Hebr.
707 2879 793 2931 ιι,
821 2863 897 2934 6).
919 2863 975 2918 Si
1000 2878 1129 2919 vero
1159 2863 1494 2919 nativitatem
1523 2864 1639 2934 ejus
1666 2865 1957 2921 secundum

372 2970 587 3010 carnem
613 2997 628 3020 ,
682 2971 839 3027 quam
878 2972 976 3027 pro
1001 2966 1184 3012 nostra
1223 2957 1393 3011 salute
1422 2956 1668 3027 dignatus
1712 2959 1956 3029 accepit,

373 3047 512 3103 seire
545 3048 818 3105 desideras
845 3066 859 3116 ;
885 3050 1027 3117 audi,
1056 3059 1110 3105 et
1133 3050 1294 3106 crede
1318 3059 1498 3106 natum
1524 3052 1590 3107 de
1617 3051 1813 3122 Spiritu
1837 3069 1961 3108 san-

373 3148 461 3194 cto
490 3156 555 3195 ex
584 3141 748 3197 Maria
770 3143 993 3213 virgine.
1022 3141 1296 3214 Qanquam
1340 3152 1395 3199 et
1428 3142 1566 3198 hanc
1610 3144 1777 3214 ipsam
1820 3146 1958 3200 nati-

374 3230 589 3287 vitatem
616 3232 730 3302 ejus
766 3233 887 3303 quis
931 3233 1236 3289 enarrabit?
1273 3234 1403 3301 Quis
1444 3235 1586 3289 enim
1629 3234 1787 3307 digne
1814 3237 1962 3292 aesti-

377 3340 525 3381 mare
548 3332 721 3396 potest
742 3325 909 3382 Deum
936 3334 1154 3395 propter
1192 3326 1437 3382 homines
1465 3326 1482 3357 ¹
1523 3327 1667 3381 nasci
1688 3328 1920 3383 voluisse
1942 3368 1961 3395 ,

377 3419 494 3473 sine
520 3418 656 3473 virili
685 3418 891 3473 semine
916 3417 1177 3487 virginem
1213 3418 1527 3488 concepisse
1554 3459 1569 3487 ,
1618 3419 1733 3473 sine
1779 3434 1963 3474 corru-

378 3510 562 3579 ptione
591 3508 863 3579 peperisse
887 3549 901 3574 ,
941 3517 997 3563 et
1024 3516 1144 3577 post
1169 3519 1376 3579 partum
1418 3510 1471 3562 in
1511 3509 1815 3579 integritate
1841 3527 1962 3580 per-

378 3599 646 3654 mansisse
666 3599 690 3637 ?
716 3599 973 3654 Dominus
997 3600 1141 3655 enim
1171 3608 1356 3656 noster
1375 3600 1530 3656 Jesus
1578 3600 1820 3658 Christus
1850 3613 1968 3659 ute-

377 3706 499 3746 rum
556 3691 775 3761 virginis
815 3691 1062 3762 dignatus
1118 3693 1335 3747 intravit
1378 3734 1394 3759 ,
1452 3693 1693 3749 membra
1753 3693 1963 3752 femina:

379 3788 753 3843 immaculatus
781 3786 1057 3857 implevit,
1109 3794 1335 3842 matrem
1363 3788 1479 3843 sine
1508 3788 1856 3858 corruptione
1882 3788 1964 3845 fe-

383 3878 547 3943 tavit,
576 3893 604 3931 a
635 3878 839 3947 sejpso
866 3876 1124 3933 formatus
1148 3878 1351 3945 exivit,
1395 3890 1554 3949 atque
1582 3882 1782 3952 integra
1814 3882 1968 3952 geni-

385 3968 529 4025 tricis
541 3973 744 4024 viscera
761 3969 1051 4024 reservavit
1065 3968 1163 4041 (a);
1183 3978 1241 4023 ut
1265 3984 1381 4025 eam
1408 3969 1475 4025 de
1490 3987 1591 4041 qua
1609 3973 1754 4027 nasci
1785 3974 1972 4044 digna-

386 4068 469 4115 tus
509 4069 634 4125 est,
686 4068 740 4115 et
783 4060 968 4115 matris
997 4060 1201 4116 honore
1231 4061 1609 4131 perfunderet,
1656 4072 1711 4120 et
1750 4065 1970 4137 virginis

385 4153 685 4207 sanctitate.
710 4152 839 4220 Quis
874 4152 973 4207 hoc
1009 4152 1243 4221 cogitat?
1286 4155 1405 4222 quis
1435 4155 1690 4209 enarrat?
1730 4156 1873 4227 Ergo
1900 4166 1971 4213 et

386 4242 522 4297 hanc
543 4242 865 4298 nativitatem
888 4242 1005 4312 ejus
1019 4244 1139 4313 quis
1159 4244 1461 4299 enarrabit?
1482 4246 1641 4315 Cujus
1661 4248 1802 4302 enim
1822 4263 1973 4304 mens

384 4332 449 4387 ad
471 4332 831 4403 cogitandum,
853 4333 1003 4402 cujus
1023 4332 1087 4387 ad
1110 4334 1486 4388 enuntiandum
1510 4336 1683 4407 lingua
1705 4338 1931 4393 sufficiat
1953 4381 1970 4409 ,

386 4441 489 4479 non
511 4425 682 4479 solum
710 4425 850 4495 quod
881 4426 935 4479 in
961 4425 1219 4497 principio
1233 4434 1349 4481 erat
1369 4426 1620 4493 Verbum,
1647 4445 1750 4484 non
1772 4430 1973 4488 habens

387 4518 554 4572 ullum
586 4517 834 4572 nascendi
863 4518 1211 4587 principium;
1244 4534 1428 4574 verum
1471 4521 1627 4575 etiam
1672 4523 1812 4591 quod
1842 4523 1974 4579 Ver-

388 4610 515 4666 bum
532 4626 657 4666 caro
686 4610 879 4666 factum
902 4619 984 4666 est
1012 4609 1188 4682 (Joan.
1214 4628 1251 4679 ι,
1282 4613 1334 4679 l,
1362 4612 1474 4682 14),
1494 4613 1694 4685 eligens
1715 4616 1973 4686 virginem

388 4718 545 4771 quam
592 4701 693 4757 sibi
740 4701 941 4757 faceret
984 4710 1248 4768 matrem,
1293 4704 1489 4758 faciens
1543 4716 1765 4761 matrem
1816 4724 1975 4778 quam

391 4802 631 4849 servaret
654 4804 707 4850 et
728 4796 1026 4866 virginem;
1069 4796 1163 4850 Dei
1191 4794 1358 4851 Filius
1388 4798 1528 4852 nulla
1581 4808 1749 4856 matre
1792 4803 1976 4857 concio

386 4887 583 4957 picnte,
614 4887 844 4943 hominis
868 4888 1005 4944 filius
1027 4888 1170 4943 nullo
1191 4887 1405 4944 homine
1430 4889 1761 4957 seminante;
1792 4893 1979 4949 fecun-

386 4981 605 5037 ditatem
636 4981 847 5038 feminze
877 4983 1141 5038 veniendo
1183 4982 1430 5047 all‘erens,
1482 4983 1837 5055 integritatem
1886 5004 1979 5041 na-

388 5072 590 5128 scendo
624 5089 730 5128 non
752 5073 998 5129 auferens
1019 5073 1202 5141 ?.Quid
1230 5082 1312 5128 est
1338 5074 1482 5128 hoc?
1510 5076 1631 5144 quis
1655 5075 1836 5131 dicat?
1860 5079 1980 5149 quis

390 5167 606 5222 taceat?
644 5167 714 5223 Et
740 5169 930 5223 mirum
960 5166 1104 5221 dictu
1155 5184 1167 5221 :
1214 5165 1352 5236 quod
1383 5167 1556 5237 eloqui
1583 5183 1688 5223 non
1718 5171 1975 5238 valemus,

391 5259 551 5315 silere
576 5275 682 5315 non
712 5261 941 5315 sinimur
970 5277 985 5324 ;
1028 5259 1270 5315 sonando
1305 5259 1680 5329 praedicamus,
1708 5262 1850 5332 quod
1881 5279 1980 5320 nec

390 5353 674 5423 cogitando
724 5353 1247 5424 comprehendimus.
1277 5353 1502 5409 Tantum
1542 5355 1738 5425 quippe
1765 5356 1852 5411 Dei
1880 5356 1978 5411 do-

398 5462 524 5500 num
553 5463 651 5502 nec
690 5447 836 5502 effari
878 5463 1158 5518 possumus
1183 5490 1196 5513 ,
1231 5448 1478 5517 quoniam
1532 5463 1714 5503 sumus
1757 5447 1824 5503 ad
1863 5449 1978 5517 ejus

397 5538 747 5593 enarrandam
777 5540 1192 5610 magnitudinem
1227 5541 1465 5611 parvuli;
1493 5550 1545 5596 et
1569 5549 1741 5596 tamen
1766 5541 1977 5599 laudare

460 5684 479 5747 ξ
503 5686 586 5747 nic
605 5684 702 5734 duo
726 5693 830 5735 Mss.
857 5685 1052 5747 addunt,
1076 5684 1328 5737 hominem.

458 5744 533 5811 (a)
555 5753 711 5811 Forte,
738 5747 981 5803 reserauit.

1818 249 2045 313 SERMO
2080 252 2280 320 CCXV.

3507 262 3647 336 1074

2062 371 2468 441 compellimur,
2511 388 2579 430 ne
2621 376 2848 433 tacendo
2891 393 3264 434 remaneamus
3292 377 3503 449 ingrati.
3539 375 3649 434 Sed

2061 461 2171 517 Deo
2189 463 2408 533 gratias,
2422 466 2543 535 quia
2563 466 2615 521 id
2631 468 2774 539 quod
2799 479 3167 541 competenter
3190 485 3295 526 non
3323 478 3500 541 potest
3516 467 3644 536 dici,

2062 563 2237 624 potest
2264 555 2492 613 fideliter
2514 561 2682 617 credi.

2130 649 2184 702 4.
2218 648 2387 705 Maria
2425 653 2671 709 credendo
2697 658 2923 727 concepit
2946 658 3056 712 sine
3081 661 3207 712 viro.
3240 657 3468 713 Christus
3488 658 3649 712 nostri

2060 743 2225 811 gratia
2269 752 2419 797 natus
2460 753 2532 799 est
2560 746 2612 800 in
2654 764 2825 802 carne.
2866 748 3145 805 Credimus
3191 764 3320 820 ergo
3365 750 3418 803 in
3464 748 3647 804 Jesum

2060 786 2225 811 τη-.-
2270 786 2419 797 ...πω
2460 786 2531 799 η.
2654 786 2825 802 es”...
2867 786 3145 805 manu...”
3191 786 3320 820 μευ
3464 786 3647 804 που...

2058 831 2328 889 Christum
2360 836 2642 893 Dominum
2690 850 2926 895 nostrum
2947 883 2964 909 ,
2995 852 3173 897 natum
3214 843 3280 897 de
3303 842 3499 913 Spiritu
3525 786 3680 897 ειμι-ε

2061 934 2148 980 cto
2173 941 2240 981 ex
2270 927 2473 998 virgine
2495 930 2677 985 Maria.
2706 932 2836 987 Nam
2863 943 2916 988 et
2942 935 3053 1004 ipsa
3097 935 3246 990 beata
3278 934 3461 1000 Maria,
3486 950 3647 1005 quem

2058 1017 2326 1073 credendo
2395 1022 2637 1089 peperit,
2686 1024 2953 1079 credendo
3001 1028 3266 1096 concepit.
3320 1027 3449 1080 Cum
3500 1025 3645 1081 enim

2059 1111 2322 1179 promisso
2349 1113 2449 1167 sibi
2496 1112 2625 1179 filio,
2653 1116 2931 1184 quaesisset
2969 1116 3413 1186 quemadmodum
3455 1118 3643 1185 fieret,

2055 1204 2306 1271 quoniam
2336 1205 2506 1259 virum
2534 1221 2639 1260 non
2663 1202 3036 1277 cognosCeret;
3069 1210 3247 1279 utique
3274 1208 3419 1264 solus
3447 1210 3497 1263 ei
3522 1224 3642 1264 mo-

2059 1292 2160 1349 dus
2205 1298 2562 1365 cognoscendi
2614 1308 2774 1368 atque
2813 1300 3053 1368 pariendi
3101 1310 3257 1355 notus
3295 1309 3444 1365 erat,
3484 1311 3645 1371 quem

2062 1387 2275 1457 quidem
2306 1389 2417 1458 ipsa
2446 1399 2667 1459 experta
2698 1405 2801 1445 non
2842 1390 3053 1459 fuerat,
3081 1391 3173 1446 sed
3198 1408 3260 1447 ex
3290 1392 3404 1447 aliis
3433 1391 3646 1447 feminis
3702 1428 3710 1435 ε

2058 1490 2244 1535 natura
2276 1481 2642 1553 frequentante
2666 1483 2957 1551 didicerat,
2987 1500 3053 1539 ex
3100 1485 3215 1539 viro
3254 1485 3458 1540 scilicet
3480 1494 3533 1540 et
3563 1485 3645 1541 fe-

2057 1574 2198 1628 mina
2224 1575 2491 1630 hominem
2524 1577 2669 1632 nasci
2705 1596 2717 1631 :
2746 1592 3059 1647 responsum
3088 1577 3156 1630 ab
3181 1578 3382 1648 Angela
3406 1577 3642 1648 accepit,

2060 1665 2291 1737 Spiritus
2335 1679 2540 1723 sanctus
2589 1670 2897 1740 superveniet
2926 1670 2977 1722 in
3010 1679 3055 1722 te
3080 1711 3095 1735 ,
3129 1679 3174 1722 et
3216 1670 3373 1722 virtus
3400 1668 3646 1723 Altissimi

2058 1760 2367 1825 obumbrabit
2415 1762 2543 1825 tibi;
2574 1771 2838 1830 propterea
2880 1762 3016 1830 quod
3066 1773 3300 1815 nascetur
3344 1774 3472 1815 exte
3512 1761 3649 1817 San-

2059 1861 2215 1917 ctum,
2239 1852 2497 1906 vocabitur
2518 1851 2567 1905 F
2569 1852 2689 1906 ilius
2711 1852 2826 1905 Dei.
2846 1853 2973 1920 Qua:
2998 1869 3119 1909 cum
3139 1854 3365 1909 dixisset
3391 1854 3643 1923 Angelus,

2059 1944 2151 1998 illa
2182 1945 2286 1999 fide
2316 1947 2493 2015 plena,
2519 1954 2572 2000 et
2601 1944 2869 1999 Christum
2902 1947 3049 2015 prius
3072 1956 3249 2001 mente
3279 1962 3436 2017 quam
3463 1955 3648 2002 ventre

2063 2039 2391 2106 concipiens,
2432 2039 2561 2093 Ecce
2583 2080 2599 2106 ,
2630 2038 2817 2108 inquit,
2851 2039 3038 2093 ancilla
3062 2038 3286 2103 Domini,
3313 2039 3401 2107 fiat
3428 2038 3551 2091 mihi
3569 2054 3649 2093 se-

2061 2129 2281 2183 cundant
2322 2130 2523 2183 verbum
2572 2139 2711 2184 tuum
2753 2128 2917 2201 (Luc.
2948 2146 3000 2196 ι,
3033 2127 3243 2200 54-58).
3278 2128 3412 2193 Fiat,
3436 2129 3646 2198 inquit,

2061 2221 2178 2275 sine
2206 2221 2348 2274 virili
2375 2222 2579 2276 semine
2605 2231 2897 2291 conceptus
2928 2222 2977 2275 in
3016 2221 3257 2291 virgine;
3301 2228 3550 2274 nascatur
3578 2218 3648 2274 de

2059 2313 2256 2383 Spiritu
2282 2321 2467 2367 sancto
2496 2324 2551 2368 et
2579 2313 2783 2382 integra
2800 2312 3019 2378 femina,
3040 2315 3093 2367 in
3116 2328 3221 2383 quo
3247 2320 3557 2368 renascatur
3579 2312 3650 2368 de

2061 2405 2258 2475 Spiritu
2286 2415 2471 2460 sancto
2500 2407 2701 2477 integra
2739 2406 2998 2461 Ecclesia.
3017 2407 3267 2461 Sanctum
3291 2406 3431 2477 quod
3464 2420 3652 2461 nasce-

2062 2507 2148 2551 tur
2191 2496 2259 2551 de
2302 2497 2517 2551 homine
2553 2506 2724 2552 matre
2770 2497 2887 2552 sine
2916 2498 3143 2561 homine
3190 2508 3379 2567 patre,
3428 2507 3651 2554 vocetur

2062 2590 2156 2644 Dei
2182 2588 2382 2656 Filius;
2411 2591 2664 2661 quoniam
2695 2590 2787 2661 qui
2816 2606 2972 2645 natus
3000 2598 3084 2646 est
3112 2590 3181 2646 de
3209 2590 3322 2647 Deo
3347 2591 3504 2647 Patre
3532 2592 3652 2646 sine

2061 2680 2168 2734 ulla
2220 2690 2426 2750 matre,
2486 2682 2802 2737 mirabiliter
2846 2682 3084 2751 oportuit
3119 2690 3175 2736 ut
3222 2681 3373 2737 fieret
3414 2681 3651 2737 hominis

2063 2775 2202 2829 filius
2226 2792 2241 2841 ;
2284 2775 2338 2829 in
2362 2790 2425 2830 ea
2466 2790 2630 2830 carne
2657 2783 2813 2830 natus
2834 2816 2848 2838 ,
2873 2784 2930 2829 ut
2957 2791 3052 2843 per
3087 2774 3266 2829 clausa
3296 2775 3500 2830 viscera
3530 2790 3651 2846 par-

2062 2880 2159 2919 vus
2188 2864 2393 2931 exiret,
2435 2865 2487 2918 in
2510 2880 2613 2934 qua
2641 2865 2992 2919 resuscitatus
3017 2878 3112 2934 per
3136 2864 3316 2919 clausa
3364 2865 3499 2920 ostia
3536 2880 3651 2919 ma-

2062 2970 2199 3026 gnus
2247 2955 2489 3010 intraret.
2542 2955 2672 3009 Mira
2719 2964 2843 3010 sunt
2890 2955 3044 3023 haec,
3086 2956 3209 3026 quia
3255 2955 3432 3010 divina
3485 2964 3649 3022 sunt;

2066 3046 2350 3102 ineffabilia
2377 3087 2393 3112 ,
2445 3047 2569 3116 quia
2594 3054 2650 3102 et
2678 3046 3039 3101 inscrutabilia
3069 3064 3082 3100 :
3115 3061 3220 3101 non
3252 3045 3449 3101 sufficit
3485 3045 3654 3116 expli-

2065 3138 2235 3195 cando
2255 3153 2317 3193 os
2339 3138 2589 3205 hominis,
2617 3137 2739 3208 quia
2765 3152 2865 3193 nec
2889 3136 3256 3208 investigando
3275 3151 3370 3192 cor
3399 3135 3650 3191 hominis.

2066 3229 2303 3287 Credidit
2344 3230 2508 3286 Maria
2533 3272 2548 3297 ,
2596 3238 2651 3286 et
2689 3230 2741 3284 in
2784 3246 2847 3285 ea
2891 3230 3033 3300 quod
3074 3229 3301 3285 credidit
3326 3228 3519 3284 factum
3546 3235 3650 3284 est.

2068 3324 2359 3381 Credamus
2388 3334 2442 3378 et
2469 3338 2568 3378 nos
2592 3365 2607 3390 ,
2640 3330 2698 3378 ut
2722 3329 2776 3378 et
2803 3322 2958 3377 nobis
3005 3323 3174 3393 possit
3215 3320 3471 3391 prodesse
3510 3319 3655 3391 quod

2068 3416 2266 3473 factum
2295 3424 2396 3472 est.
2427 3416 2678 3484 Quamvis
2707 3432 2837 3488 ergo
2864 3415 3118 3471 mirabilis
3144 3416 3212 3471 sit
3236 3416 3397 3471 etiam
3435 3415 3535 3471 ista
3562 3430 3658 3470 na-

2070 3510 2246 3564 tivitas
2277 3527 2290 3563 :
2324 3519 2502 3565 tamen
2528 3508 2721 3579 cogita,
2748 3523 2781 3563 o
2803 3508 2983 3575 homo,
3009 3507 3134 3578 quid
3158 3522 3252 3578 pro
3275 3515 3325 3562 te
3348 3507 3490 3563 Deus
3511 3517 3654 3574 tuus,

2071 3601 2300 3658 Creator
2344 3616 2442 3672 pro
2486 3610 2731 3658 creatura
2774 3603 3113 3671 susceperit;
3154 3609 3213 3656 ut
3261 3602 3400 3657 Deus
3446 3602 3497 3657 in
3546 3602 3657 3657 Deo

2071 3710 2315 3761 manens,
2345 3705 2576 3750 aztemus
2602 3710 2723 3749 cum
2751 3688 2954 3749 aeterno
2982 3694 3165 3749 vivens
3186 3736 3199 3759 ,
3233 3692 3451 3763 (equalis
3490 3692 3655 3748 Filius

2074 3786 2242 3850 Patri,
2284 3801 2382 3855 pro
2421 3787 2527 3841 reis
2567 3795 2621 3840 et
2662 3802 2759 3856 pro
2806 3785 3175 3856 peccatoribus
3219 3785 3388 3840 servis
3431 3784 3657 3840 formam

2076 3877 2213 3931 servi
2244 3892 2346 3931 non
2375 3875 2752 3947 dedignaretur
2779 3876 3017 3931 induere.
3048 3876 3231 3946 Neque
3254 3876 3394 3931 enim
3420 3874 3520 3930 hoc
3548 3891 3660 3931 me-

2078 3974 2199 4028 ritis
2226 3972 2476 4026 humanis
2519 3970 2936 4027 estexhibitum.
2973 3969 3106 4025 Nam
3150 3986 3247 4040 pro
3292 3969 3660 4040 iniquitatibus

2078 4067 2274 4121 nostris
2303 4079 2491 4133 poenas
2516 4063 2690 4133 potius
2718 4064 3055 4117 merebamur
3096 4081 3110 4117 :
3152 4061 3244 4117 sed
3270 4063 3315 4116 si
3357 4062 3662 4133 iniquitates

2076 4157 2451 4222 observasset,
2503 4156 2621 4225 quis
2670 4154 3041 4209 sustinuisset?
3092 4154 3196 4208 Pro
3228 4154 3405 4224 impiis
3446 4170 3572 4225 ergo
3608 4161 3662 4209 et

2078 4264 2175 4319 pro
2226 4247 2595 4317 peccatoribus
2628 4245 2797 4301 servis
2826 4246 3081 4300 Dominus
3118 4246 3285 4299 factus
3325 4254 3407 4301 est
3446 4245 3608 4300 homo
3642 4287 3660 4314 ,

2078 4342 2145 4397 de
2187 4340 2385 4411 Spiritu
2413 4347 2597 4394 sancto
2626 4348 2681 4393 et
2704 4340 2907 4408 virgine
2934 4338 3092 4392 Maria
3113 4339 3257 4394 nasci
3281 4338 3527 4409 dignatus
3554 4346 3657 4393 est.

2150 4432 2202 4488 5.
2244 4431 2352 4485 Pro
2397 4429 2539 4484 nobis
2566 4414 2810 4483 mortuus.
2852 4428 2989 4483 Crux
3028 4446 3129 4482 non
3163 4427 3514 4483 erubescenda.
3562 4428 3665 4482 Pa-

2078 4541 2197 4580 rum
2223 4524 2324 4578 hoc
2350 4522 2569 4577 forsitan
2598 4520 2858 4587 videatur,
2880 4521 3018 4591 quod
3051 4535 3146 4590 pro
3172 4519 3473 4574 hominibus
3499 4518 3662 4586 Deus,

2082 4633 2179 4687 pro
2206 4614 2574 4686 peccatoribus
2609 4614 2783 4682 justus
2804 4655 2817 4679 ,
2846 4628 2944 4682 pro
2982 4616 3088 4667 reis
3120 4612 3376 4666 innocens
3398 4652 3412 4676 ,
3445 4625 3540 4679 pro
3571 4626 3665 4666 ca-

2083 4708 2239 4778 ptivis
2268 4723 2383 4771 rex,
2409 4720 2507 4776 pro
2536 4704 2704 4759 servis
2733 4704 2989 4758 Dominus
3025 4717 3185 4757 carne
3216 4701 3558 4755 humanitatis
3586 4703 3667 4756 iu-

2085 4800 2243 4855 dutus
2267 4784 2519 4862 advenit,
2553 4797 2605 4851 in
2634 4796 2791 4851 terris
2814 4797 2959 4850 visus
2989 4804 3069 4850 est
3094 4804 3149 4849 et
3191 4809 3310 4849 cum
3358 4794 3667 4850 hominibus

2085 4897 2429 4946 conversatus
2470 4895 2555 4941 est
2580 4903 2593 4940 :
2646 4887 2928 4942 crucifixus
2949 4872 3168 4954 insuper
3186 4925 3200 4949 ,
3229 4894 3476 4939 mortuus
3497 4894 3549 4939 et
3578 4899 3663 4941 se-

2084 4982 2260 5054 pultus
2287 4989 2386 5037 est.
2417 4979 2535 5034 Non
2561 4979 2772 5034 credis?
2802 4977 2941 5032 Dicis
2981 4976 3119 5031 forte
3162 4991 3178 5030 :
3209 4975 3434 5043 Quando
3461 4976 3563 5031 hoc
3595 4975 3671 5029 fa-

2083 5084 2225 5130 ctum
2256 5073 2381 5129 est?
2420 5072 2559 5127 Audi
2582 5088 2688 5143 quo
2732 5081 2970 5139 tempore
2999 5086 3012 5121 :
3045 5068 3146 5123 sub
3172 5067 3363 5122 Pontio
3392 5067 3583 5122 Pilato.
3612 5067 3669 5121 In

2083 5164 2467 5238 significatione
2515 5164 2610 5221 tibi
2645 5165 2802 5220 etiam
2830 5176 3026 5217 nomen
3062 5160 3258 5231 judicis
3285 5160 3516 5231 positum
3545 5168 3628 5215 est
3656 5200 3672 5225 ,

2084 5274 2153 5314 ne
2188 5258 2273 5313 vel
2298 5257 2365 5313 de
2409 5266 2649 5327 tempore
2673 5255 2963 5311 dubitares.
2994 5253 3171 5310 Crede
3193 5268 3323 5324 ergo
3352 5253 3543 5308 Filium
3572 5252 3670 5308 Dei

2084 5350 2396 5407 cruciﬁxum
2434 5349 2536 5406 sub
2580 5348 2769 5404 Pontio
2800 5346 2974 5401 Pilato
3012 5355 3065 5402 et
3096 5346 3381 5416 sepultum.
3414 5343 3671 5416 Majorem

2082 5453 2259 5499 autem
2292 5444 2385 5498 hac
2410 5441 2707 5496 charitatem
2731 5454 2876 5492 nemo
2900 5437 3064 5505 habet,
3090 5446 3145 5492 ut
3167 5437 3389 5491 animant
3412 5452 3556 5490 suain
3578 5450 3671 5506 po-

2084 5545 2172 5589 nat
2209 5536 2321 5605 quis
2359 5551 2451 5606 pro
2490 5532 2667 5586 amicis
2700 5530 2805 5586 suis
2846 5528 3033 5603 (Joan.
3070 5546 3162 5597 xv,
3205 5530 3316 5601 i3).
3342 5528 3543 5594 Putas,
3569 5541 3670 5582 ne-

2084 5628 2214 5683 mo?
2246 5626 2473 5682 Omnino
2503 5638 2680 5679 nemo.
2706 5621 2905 5678 Verum
2925 5629 3009 5677 est
3029 5662 3045 5688 ,
3090 5620 3334 5677 Christus
3372 5620 3476 5675 hoc
3513 5617 3671 5677 dixit.

2084 5723 2474 5795 interrogemus
2524 5716 2875 5793 Apostolum,
2920 5715 3082 5774 etiam
3123 5719 3443 5791 respondeat
3491 5720 3668 5783 nobis.
