4070 6330
480 234 618 293 1075

476 349 705 406 Christus
733 393 748 417 ,
776 349 982 418 inquit,
1033 363 1124 415 pro
1164 347 1330 418 impiis
1371 354 1597 402 mortuus
1631 355 1725 402 est.
1765 347 1836 401 Et
1862 347 2052 401 iterum

1709 218 1764 285 Β.
1808 223 2176 285 AUGUSTINI
2210 223 2512 287 EPISCOPI

3601 239 3748 298 {076

2165 344 2439 400 dexteram
2468 347 2561 403 Dei
2587 346 2780 402 Patris.
2830 348 3015 405 Adhuc
3059 351 3199 406 forte
3237 363 3344 407 non
3382 351 3576 408 credis.
3605 354 3746 410 Audi

421 511 424 514 ἢ
475 442 606 506 dicit
635 461 648 498 :
678 441 812 504 Cum
832 441 1024 504 inimici
1046 457 1294 505 metu,
1321 439 2056 509 renotteiiiatismbaoper
2159 436 2475 505 Apostolum
2519 457 2532 492 :
2576 439 2688 504 Qui-
2719 439 3011 507 descendit,
3059 443 3266 512 inquit,
3307 444 3418 514 ipse
3443 457 3515 500 est
3563 455 3608 502 et
3656 449 3745 517 qui

477 545 692 592 mortem
721 534 848 592 Filii
861 535 992 604 ejus.
1015 533 1156 596 Ecce
1177 549 1305 604 ergo
1333 532 1622 592 iaChristo.
1639 535 1895 605 majorem
1914 534 2056 588 inve-

475 626 653 680 nimus
670 625 1004 692 charitatem,
1028 625 1150 695 quia
1176 625 1404 681 animam
1427 639 1575 680 suam
1604 640 1711 679 non
1733 639 1830 694 pro
1843 624 2050 691 amieb,

473 716 573 776 sed
599 732 699 787 pro
724 716 835 774 suis
862 715 1077 772 tradidit
1109 716 1359 772 inimicis.
1387 715 1626 783 Quantus
1646 732 1776 787 ergo
1796 716 1890 772 Dei
1904 729 2056 770 amor

467 822 595 882 erga
660 808 902 864 homines
943 817 998 864 et
1047 809 1218 879 qualis
1265 809 1508 876 aﬂ'ectio,
1555 810 1635 865 sic
1679 823 1862 864 amare
1890 809 2053 866 etiam

466 908 810 976 peccatores,
857 911 915 958 ut
956 915 1138 966 amore
1164 916 1347 958 eorum
1377 910 1694 957 moreretur.
1728 898 2052 954 Camenam

464 993 610 1050 enim
638 992 935 1047 cltaritatem
956 1011 1102 1048 suam
1147 997 1204 1048 iu
1238 997 1378 1054 nobis
1399 1038 1412 1061 ,
1440 996 1678 1064 Apestoli
1707 995 1864 1049 verba
1891 1000 2048 1057 sunt;

461 1085 581 1153 quia
605 1100 719 1136 cum
757 1084 924 1138 adhuc
953 1095 1234 1154 peccatores
1268 1103 1483 1140 essemus
1501 1128 1516 1152 ,
1540 1086 1768 1141 Christus
1791 1101 1882 1154 pro
1908 1084 2050 1138 nobis

462 1186 688 1232 mortuus
715 1187 787 1232 est
821 1178 995 1248 (Rom.
1024 1195 1077 1244 ν,
1108 1181 1161 1244 6,
1192 1171 1279 1244 1οζ
1311 1181 1389 1250 8).
1419 1180 1585 1237 Crede
1611 1195 1735 1248 ergo
1765 1179 1863 1232 hoc
1886 1187 1939 1232 et
1970 1187 2045 1244 tu,

462 1274 519 1326 et
539 1283 634 1337 pro
657 1269 827 1324 salute
859 1278 945 1324 tua
973 1270 1080 1324 noli
1106 1271 1420 1326 erubescere
1441 1271 1701 1325 confiteri.
1727 1271 1890 1324 Corde
1915 1271 2048 1323 enim

461 1360 684 1414 creditur
710 1361 776 1413 ad
789 1363 1042 1432 justitiam
1059 1403 1074 1428 ,
1106 1379 1191 1416 ore
1224 1372 1393 1418 autem
1413 1363 1658 1431 confessio
1677 1363 1732 1430 ﬁt
1749 1363 1820 1416 ad
1833 1362 2048 1416 salutem

462 1449 749 1523 (ld.x,10).
760 1453 994 1522 Denique
1007 1469 1071 1508 ne
1081 1453 1372 1519 dubitares,
1389 1470 1454 1510 ne
1468 1454 2047 1523 erubesceres,quaudo

460 1545 689 1618 primum
717 1546 991 1602 credidisti
1017 1588 1030 1612 ,
1063 1549 1272 1618 signum
1295 1547 1490 1602 Christi
1518 1550 1570 1602 in
1595 1545 1769 1602 fronte
1797 1557 2044 1616 tanquam

458 1635 516 1691 in
553 1637 714 1692 domo
765 1639 980 1708 pudoris
1020 1640 1290 1709 accepisti.
1348 1639 1543 1695 Recole
1587 1640 1814 1692 frontem
1859 1647 2042 1701 tuam,

460 1743 546 1785 ne.
583 1731 820 1800 linguam
844 1747 1168 1802 expavescas
1194 1733 1440 1790 alienam.
1490 1733 1589 1797 Qui
1635 1733 1786 1792 enim.
1838 1732 2040 1802 inquit,

460 1821 577 1892 ipse
632 1823 926 1890 Dominus,
973 1829 1212 1896 confusus
1259 1842 1340 1879 me
1399 1826 1554 1896 fuerit
1598 1841 1770 1878 coruus
1822 1825 2042 1877 homini-

461 1910 584 1976 bus,
637 1914 910 1985 confundet
948 1913 1092 1968 illum
1135 1915 1300 1970 Filius
1353 1916 1568 1971 hominis
1616 1932 1788 1969 coram
1838 1915 2044 1986 Angelis

460 2001 558 2056 Dei
586 2003 603 2033 ί
651 2002 852 2076 (Marc.
900 2021 1022 2072 vnt,
1067 2006 1180 2075 58).
1227 2005 1345 2060 Noli
1388 2022 1515 2075 ergo
1543 2006 1856 2062 erubescere
1895 2007 2043 2075 igno-

459 2093 677 2150 miniam
705 2097 876 2150 crucis
896 2139 909 2163 ,
938 2113 1097 2166 quam
1128 2114 1222 2166 pro
1260 2107 1311 2153 te
1343 2099 1481 2155 Deus
1509 2099 1621 2166 ipse
1645 2114 1752 2154 non
1783 2098 2044 2153 dubitavit

456 2187 737 2256 excipere;
770 2196 824 2242 et
844 2189 928 2243 dic
961 2205 1078 2248 cum
1111 2191 1365 2258 Apostolo
1387 2207 1400 2245 :
1422 2190 1552 2244 Mihi
1573 2201 1738 2246 autem
1761 2190 1888 2244 absit
1929 2190 2042 2260 glo-

454 2278 600 2343 riari,
624 2279 721 2333 nisi
741 2279 792 2332 iu
820 2297 966 2340 cruce
992 2279 1200 2336 Domini
1224 2282 1381 2336 nostri
1404 2281 1435 2334 ,ι
1444 2298 1528 2336 esu
1550 2280 1734 2336 Christi
1757 2281 1950 2351 (Colat.
1968 2296 2039 2345 vt,

456 2369 570 2439 N).
625 2369 692 2432 Et
721 2371 1008 2441 respondet
1039 2372 1129 2426 tibi
1169 2373 1306 2430 idem
1339 2372 1456 2440 ipse
1481 2372 1751 2441 apostolus
1779 2391 1791 2426 :
1819 2371 1940 2426 Non
1966 2387 2044 2427 me

449 2459 676 2534 iudicavi
710 2460 908 2534 aliquid
936 2463 1068 2518 scire
1107 2464 1162 2516 in
1207 2463 1340 2522 vobis
1360 2505 1374 2528 ,
1421 2465 1517 2518 nisi
1544 2463 1722 2522 Iesum
1740 2463 1997 2518 Christum
2021 2504 2036 2530 ,

452 2561 499 2614 et
541 2553 672 2612 hunc
703 2556 1005 2624 cruciﬁxum
1036 2555 1094 2628 (ι
1121 2555 1240 2612 Cor.
1273 2575 1330 2622 tt,
1363 2557 1453 2627 ἃ).
1486 2559 1577 2614 ille
1597 2559 1686 2628 qui
1713 2559 1778 2612 ab
1808 2574 1914 2613 uno
1944 2574 2040 2627 po-

450 2644 577 2714 pulo
605 2655 685 2706 est
716 2655 841 2706 tunc
868 2649 1174 2718 crucifixus,
1216 2649 1270 2704 in
1324 2650 1564 2709 omnium
1615 2651 1931 2720 populorum
1957 2658 2040 2706 est

449 2749 592 2810 nunc
616 2737 862 2798 cordibus
883 2739 1042 2800 ﬁxus.

521 2829 572 2890 6.
597 2829 998 2892 Resurrertionis
1033 2832 1218 2890 Christi
1244 2834 1390 2903 ﬁdes.
1411 2833 1539 2890 Hcce
1567 2835 1696 2904 ﬁdes
1723 2835 2038 2890 Christianos

449 2921 709 2978 discernit.
755 2924 834 2980 Tu
863 2936 1063 2993 autem,
1093 2928 1333 2997 quisquis
1363 2944 1420 2983 es
1446 2928 1538 2998 qui
1559 2929 1628 2984 de
1654 2929 1892 2999 prementia
1926 2945 2038 2983 ma-

451 3016 533 3094 gis
554 3032 714 3089 quam
736 3017 805 3074 de
825 3018 1125 3078 humilitate
1143 3021 1220 3076 vis
1235 3021 1471 3090 gloriari,
1497 3021 1679 3091 accipe
1709 3023 2035 3077 consolatio-

447 3123 592 3176 nem,
611 3109 747 3172 habe
765 3111 1191 3170 exaultationem.
1207 3113 1308 3178 Qui
1324 3113 1468 3168 enim
1483 3114 1768 3168 cruciﬁxus
1785 3115 1885 3169 sub
1906 3114 2038 3170 Pon-

448 3201 524 3258 tio
571 3201 744 3258 Pilato
784 3212 837 3260 et
871 3204 1108 3272 sepultus
1151 3212 1270 3271 est,
1322 3205 1498 3260 Tertia
1527 3205 1612 3260 die
1657 3205 1949 3261 resurrexit
2003 3223 2042 3262 δι

445 3295 692 3360 mortuis.
721 3293 882 3352 Forte
904 3304 959 3351 et
989 3296 1072 3352 hic
1091 3295 1300 3352 dubitas
1321 3336 1338 3363 ,
1367 3295 1501 3352 iorte
1531 3297 1782 3366 trepidas.
1812 3299 2036 3366 Quando

445 3383 542 3442 tibi
571 3383 774 3448 dictum
816 3395 930 3452 est,
957 3386 1129 3444 Crede
1168 3398 1391 3455 natum,
1436 3388 1594 3446 crede
1625 3404 1834 3458 passum
1863 3430 1877 3454 ,
1909 3405 2036 3444 cru-

446 3475 701 3542 cifixum,
751 3486 1021 3544 mortuum
1063 3487 1118 3540 et
1158 3479 1463 3549 sepultum;
1508 3481 1659 3550 quasi
1704 3481 1771 3535 de
1818 3479 2032 3539 homine

443 3563 652 3624 facilius
675 3568 945 3632 condidisti
970 3585 984 3622 :
1021 3585 1163 3626 nunc
1189 3571 1312 3640 quia
1336 3571 1550 3638 dicitur,
1603 3572 1779 3628 Tertia
1807 3573 1894 3629 die
1941 3590 2030 3629 re-

441 3661 673 3724 surrexit
700 3676 729 3720 a
771 3663 996 3722 mortuis
1015 3703 1030 3730 ,
1078 3662 1292 3720 dubitas
1314 3703 1330 3730 ,
1357 3679 1390 3719 ο
1431 3664 1631 3720 homo!
1657 3665 1728 3721 Ut
1753 3666 1820 3724 de
1851 3667 2030 3724 multis

440 3766 606 3808 unum
649 3752 983 3822 proferamus
1025 3757 1373 3826 exetnplum;
1425 3758 1588 3813 Deum
1630 3760 1864 3826 attende,
1909 3776 2028 3814 om-

439 3843 770 3915 nipotentem
798 3847 989 3917 cogita,
1013 3855 1068 3904 et
1094 3848 1201 3904 noli
1221 3848 1483 3904 dubitare.
1507 3848 1560 3905 Si
1585 3851 1726 3906 enim
1753 3853 1924 3920 potuit
1953 3860 2023 3921 te,

438 3949 561 3991 cum
589 3951 694 3991 non
723 3951 871 3998 esses
898 3979 914 4004 ,
955 3954 1023 3994 ex
1051 3939 1219 3994 nihilo
1246 3939 1418 3996 facere
1442 3957 1456 4005 ;
1484 3958 1582 3997 cur
1604 3959 1710 3998 non
1738 3945 1904 4013 potuit
1934 3945 2029 3999 ho-

436 4029 637 4084 minem
671 4044 849 4096 suum,
878 4047 1035 4101 quem
1059 4032 1169 4101 jam
1197 4031 1413 4098 fecerat,
1443 4052 1471 4091 a
1503 4037 1728 4091 mortuis
1750 4039 2026 4093 excitare?

435 4118 654 4176 Credite
691 4137 819 4193 ergo
841 4163 856 4191 ,
899 4123 1130 4179 fratres:
1160 4125 1247 4180 ubi
1273 4125 1340 4181 de
1382 4127 1485 4182 (ide
1518 4128 1722 4198 agitur,
1766 4129 1924 4199 lange
1951 4129 2026 4183 uti

437 4225 694 4268 sermone
720 4230 823 4268 non
851 4229 986 4282 opus
1006 4224 1108 4270 est.
1139 4213 1264 4270 Sola
1303 4215 1419 4272 haec
1461 4218 1591 4272 fides
1619 4228 1722 4284 est,
1741 4221 2026 4288 quzn‘Chri—

435 4305 642 4382 stianos
691 4305 758 4362 ab
809 4307 1056 4362 omnibus
1087 4307 1389 4364 hominibus
1417 4309 1672 4365 discernit
1711 4321 1764 4366 et
1792 4324 2020 4381 separat.

432 4395 566 4454 Nam
611 4400 733 4468 quia
761 4409 999 4455 mortuus
1027 4411 1108 4457 est
1148 4411 1201 4458 et
1235 4404 1505 4471 sepultus,
1537 4416 1591 4460 et
1637 4405 1829 4476 Pagani
1864 4408 2024 4461 modo

430 4489 688 4555 credunt,
722 4499 776 4546 et
799 4490 968 4546 ιιιόωί
997 4502 1118 4547 tunc
1133 4495 1380 4550 viderunt
1407 4513 1421 4548 :
1445 4496 1565 4566 quia
1601 4512 1728 4550 vero
1753 4499 1908 4552 tertia
1935 4499 2021 4554 die

434 4581 734 4636 resurrexit
759 4596 789 4634 a
817 4583 1080 4649 mortuis,
1113 4599 1215 4640 nec
1243 4585 1484 4655 Paganus
1527 4602 1628 4641 nec
1671 4587 1884 4642 .ludteus
1929 4589 2022 4643 ad-

429 4672 612 4727 mittit.
635 4671 901 4752 Discernit
938 4690 1068 4745 ergo
1109 4693 1138 4728 ιι
1188 4678 1414 4734 mortuis
1444 4679 1661 4748 perﬁdis
1689 4681 1850 4734 vitam
1898 4681 2019 4736 fidei

392 4774 650 4833 nostras,
692 4769 1015 4822 resurrectio
1066 4779 1420 4826 mortuorum.
1469 4771 1599 4826 Nam
1649 4779 1707 4827 et
1745 4775 2018 4843 apostolus

428 4854 629 4912 Paulus
654 4873 774 4914 cum
804 4858 1088 4916 Timotheo
1132 4861 1392 4918 scriberet
1427 4884 1442 4916 ι
1472 4863 1726 4918 Memento
1747 4906 1764 4931 ,
1806 4865 2013 4935 inquit,

425 4944 610 5004 Iesum
642 4948 902 5006 Christum
937 4953 1268 5009 rosurrrxisse
1289 4971 1322 5007 a
1368 4957 1577 5009 mortuis
1609 4955 1671 5029 (ll
1704 4957 1835 5011 Tim.
1860 4974 1918 5024 tt,
1936 4959 2014 5032 8).

424 5037 720 5098 Credamus
745 5057 874 5112 ergo
896 5085 912 5110 ,
941 5043 1132 5102 fratres
1155 5086 1170 5112 ν
1209 5053 1268 5101 et
1288 5046 1430 5116 quod
1469 5047 1522 5102 in
1564 5046 1778 5104 Christo
1816 5049 2014 5106 factum

423 5132 716 5200 credimus,
744 5133 846 5192 hoc
867 5135 1100 5195 futurum
1131 5153 1410 5207 speremus
1433 5137 1488 5194 in
1515 5139 1689 5198 nobis.
1709 5141 1850 5198 Deus
1871 5142 2014 5198 enim

422 5223 514 5294 qui
544 5225 824 5294 promittit,
853 5242 960 5288 nae
984 5226 1142 5288 fallit.

494 5316 550 5370 7.
584 5315 770 5373 Christi
798 5319 952 5382 sessio
980 5319 1051 5378 ad
1074 5319 1336 5378 dexteram
1358 5319 1552 5378 Mis.
1571 5322 1855 5395 Postquam
1884 5340 2016 5395 ergo

421 5408 722 5478 resurrexit
754 5425 786 5466 a
833 5412 1058 5474 malum
1077 5453 1094 5478 ,
1119 5413 1362 5472 ascendit
1398 5413 1467 5470 ad
1503 5416 1676 5473 celos
1697 5456 1714 5485 ,
1757 5416 1908 5474 sedet
1943 5416 2012 5473 ad

484 5639 689 5720 13133.:
1065 5646 1212 5720 fuerit
1238 5661 1402 5698 coram
1419 5647 2010 5720 hontinibusconﬁtebitur

416 5699 700 5770 M'euz.
722 5699 988 5760 Verulana.
1001 5699 1400 5773 t.’,'comm.....
1423 5699 1718 5777 mmet;

2156 530 2381 583 ascendit
2435 547 2590 599 super
2633 547 2806 587 omnes
2853 535 3007 588 cretus
3029 577 3044 604 ,
3105 544 3164 589 ut
3225 523 3521 606 adimplere!
3570 541 3746 594 omnia

2157 617 2372 687 (Ephes.
2395 635 2468 688 tv,
2502 621 2614 693 50).
2642 622 2779 678 Vide
2802 639 2872 680 ne
2891 641 3173 694 quem-non
3199 628 3280 682 vis
3308 617 3529 685 credere
3558 645 3746 686 resur-

2155 721 2402 780 gentem,
2451 714 2653 770 sentias
2680 715 3060 772 vindicantem.
3087 718 3190 785 Qui
3234 720 3375 774 enim
3414 735 3521 776 non
3564 721 3747 777 credi-

2121 801 2330 870 .derit,
2373 804 2482 873 jam
2523 805 2794 876 judicatus
2827 816 2910 862 est
2935 809 3130 872 (Joan.
3181 824 3274 877 In,
3318 811 3448 882 18).
3489 811 3620 868 Nam
3651 812 3744 882 qui

2051 5861 2088 5897 9

2154 894 2316 955 modo
2342 896 2492 951 sedet
2523 899 2590 951 ad
2621 899 2892 954 dexteram
2923 900 3094 956 Patris
3115 901 3402 957 advocatus
3421 918 3519 973 pro
3545 905 3704 960 nobis
3724 945 3742 974 ,

2153 983 2280 1040 inde
2320 998 2575 1046 renarras
2604 999 2686 1045 est
2724 991 2963 1060 judicare
2992 993 3143 1049 vivos
3167 1004 3221 1049 et
3251 1004 3510 1052 mortuos.
3538 997 3744 1052 Creda-

2153 1091 2275 1132 mus
2300 1093 2428 1148 ergo
2451 1097 2464 1146 ;
2509 1091 2565 1135 ut
2591 1083 2702 1136 sive
2727 1084 2968 1139 vivamus
2992 1126 3007 1148 ,
3039 1085 3152 1141 sive
3179 1087 3499 1153 moriamur,
3530 1088 3743 1143 Domini

2152 1170 2318 1224 simus
2350 1169 2522 1243 (Rom.
2549 1189 2664 1238 τιν,
2693 1176 2772 1244 8).

2223 1261 2275 1315 8.
2317 1261 2398 1317 De
2425 1262 2632 1334 Spiritu.
2653 1277 2830 1319 sancto
2851 1308 2864 1330 ,
2903 1268 3195 1323 remissione
3236 1278 3588 1340 peccatorum,
3627 1280 3740 1339 etc.

2151 1353 2444 1410 Credamus
2483 1368 2538 1413 et
2581 1359 2632 1412 in
2678 1359 2934 1430 Spiritum
2979 1371 3243 1416 sanctum.
3278 1362 3419 1417 Deus
3443 1363 3587 1434 enim
3617 1373 3738 1428 cst;

2149 1447 2272 1516 quia
2312 1450 2564 1520 scriptum
2606 1460 2723 1519 est,
2770 1452 2902 1508 Beas
2926 1453 3153 1523 Spiritus
3178 1464 3252 1508 est
3275 1455 3449 1526 (Joan.
3483 1473 3571 1522 tv,
3611 1455 3740 1526 24).

2154 1540 2260 1595 Per
2284 1543 2456 1612 ipsum
2496 1545 2868 1600 remissionem
2917 1547 3208 1617 accipimus
3234 1558 3611 1624 peccatorum;
3647 1564 3743 1619 per

2150 1631 2323 1702 ipsum
2377 1637 2822 1690 resurrectionem
2866 1639 3132 1694 credimus
3188 1640 3402 1706 carnis;
3445 1656 3541 1711 per
3565 1641 3740 1710 ipsum

2149 1723 2312 1776 vitam
2341 1740 2618 1793 speramus
2639 1735 2914 1782 aeternam.
2949 1728 3054 1784 Sed
3084 1730 3258 1785 videte
3300 1746 3367 1786 ne
3410 1731 3742 1800 numerando

2149 1831 2392 1872 errorem
2433 1821 2725 1888 patiamini,
2751 1830 2806 1876 et
2848 1837 2934 1876 me
2974 1823 3168 1892 putetis
3213 1835 3320 1879 tres
3359 1825 3487 1879 deos
3517 1825 3738 1893 dixisse,

2147 1910 2270 1978 quia
2303 1927 2466 1964 unum
2506 1912 2674 1966 Deum
2709 1914 2865 1966 tertio
2892 1913 3178 1967 nominavi.
3212 1914 3325 1970 Una
3358 1924 3439 1970 est
3469 1915 3520 1969 in
3566 1915 3742 1970 Trini-

2147 2010 2260 2058 tate
2289 2005 2580 2059 substantia
2611 2005 2843 2072 deitatis,
2869 2021 2969 2059 una
2991 2008 3176 2073 virtus,
3214 2023 3317 2060 una
3344 2015 3599 2075 potestas,
3632 2023 3739 2063 una

2147 2095 2420 2163 maiestas,
2460 2113 2620 2150 unum
2645 2113 2840 2151 nomen
2859 2096 3152 2152 divinitatis
3174 2114 3190 2164 ;
3213 2099 3350 2152 sicut
3369 2101 3480 2168 ipse
3496 2099 3740 2154 Christus

2146 2187 2280 2240 dixit
2307 2188 2578 2258 discipulis
2603 2189 2732 2254 suis,
2755 2204 2874 2242 cum
2898 2189 3279 2244 resurrexissct
3300 2205 3327 2243 a
3349 2192 3571 2244 mortuis
3597 2207 3610 2244 :
3633 2188 3737 2259 Ite,

2146 2279 2396 2351 baptisate
2415 2293 2601 2352 gentes,
2645 2298 2749 2336 non
2781 2284 2832 2336 in
2861 2283 3042 2336 multis
3073 2283 3396 2348 nominibus,
3431 2283 3524 2337 sed
3552 2283 3605 2336 in
3630 2297 3750 2350 uno

2146 2375 2348 2427 nomine
2370 2373 2541 2427 Patris
2567 2383 2614 2429 et
2642 2374 2766 2428 Filii
2781 2384 2826 2428 et
2852 2375 3078 2444 Spiritus
3101 2376 3260 2428 sancti
3287 2375 3497 2444 (Matth.
3528 2391 3698 2429 xxvm
3719 2419 3735 2443 ,

2147 2466 2260 2537 19).
2281 2465 2574 2522 Credentes
2592 2483 2719 2534 ergo
2734 2467 2965 2520 divinam
2981 2467 3314 2523 Trinitatem.
3333 2476 3384 2520 et
3407 2467 3602 2520 trinam
3620 2467 3740 2521 uni-

2148 2564 2332 2621 tatem,
2367 2569 2584 2624 cavete,
2613 2558 2942 2612 dilectissimi
2968 2601 2980 2622 ,
3014 2574 3081 2612 ne
3111 2558 3229 2627 quis
3261 2573 3353 2611 vos
3384 2559 3451 2614 ab
3481 2558 3739 2613 Ecclesia:

2145 2647 2425 2702 catholicae
2457 2651 2558 2704 fide
2586 2665 2649 2704 ac
2687 2650 2890 2705 unitate
2925 2650 3166 2704 seducat.
3222 2670 3242 2703 ‹
3268 2650 3366 2718 Qui
3413 2652 3554 2705 enim
3584 2652 3738 2708 vobis

2143 2739 2300 2793 aiiter
2328 2742 2770 2809 cvangelizaverit
2792 2784 2806 2806 ,
2853 2753 3203 2812 praeterquam
3237 2742 3376 2812 quod
3418 2743 3731 2813 accepistis,

2143 2831 2425 2885 anathema
2456 2833 2543 2886 sit.
2581 2852 2602 2885 ι
2627 2833 2959 2901 Apostolum,
2993 2847 3098 2887 non
3129 2849 3216 2888 me
3237 2833 3435 2900 audite,
3484 2834 3575 2904 qui
3599 2835 3677 2901 ait
3717 2849 3732 2890 :

2149 2942 2174 2976 ι
2206 2923 2310 2978 Sed
2341 2927 2441 2980 etsi
2469 2941 2587 2990 nos,
2611 2936 2699 2980 aut
2726 2927 2944 2997 angelus
2973 2926 3042 2981 de
3066 2927 3204 2982 cmlo
3225 2927 3381 2982 aliter
3391 2927 3550 2982 vobis
3573 2942 3735 2982 evan-

2141 3018 2452 3088 gelizaverit
2473 3061 2487 3085 ,
2521 3029 2876 3090 praeterquam
2916 3020 3057 3091 quod
3092 3021 3373 3092 accepistis
3397 3063 3413 3088 ,
3445 3020 3734 3087 anathema
3829 3048 3834 3052 -

2140 3108 2210 3163 sit
2238 3129 2258 3160 ›
2295 3107 2496 3178 (Calai.
2527 3126 2577 3177 ι,
2607 3110 2660 3175 9,
2690 3110 2768 3181 8).
3739 3167 3753 3180 ,

2210 3198 2264 3253 9.
2309 3198 2379 3253 In
2422 3200 2632 3254 ecclesia
2673 3200 2926 3254 catholica
2970 3201 3254 3256 vivendum.
3308 3201 3512 3258 Videtis
3555 3213 3728 3270 certe,

2137 3290 2436 3346 charissimi
2460 3333 2475 3358 ,
2500 3292 2662 3347 etiam
2683 3292 2736 3347 in
2763 3293 2894 3362 ipsis
2917 3293 3346 3363 sancti-Symboli
3371 3294 3567 3362 verbis,
3591 3309 3730 3364 quo-

2137 3381 2300 3436 modo
2324 3383 2651 3438 conclusioni
2679 3385 2918 3438 omnium
2947 3386 3272 3455 regularum,
3303 3401 3422 3456 quae
3449 3386 3516 3440 ad
3541 3401 3728 3440 sacra-

2135 3483 2371 3530 mentum
2399 3475 2520 3531 iidei
2547 3477 2829 3546 pertinent,
2845 3480 2994 3548 quasi
3011 3481 3433 3549 supplementum
3454 3479 3727 3550 quoddam

2133 3569 2393 3636 additum,
2416 3576 2476 3624 ut
2491 3569 2779 3637 diceretur,
2807 3571 2910 3626 Per
2931 3583 3168 3627 sanctam
3192 3571 3511 3627 Ecclesium.
3538 3572 3730 3643 Fugite

2134 3676 2293 3732 ergo,
2321 3672 2579 3732 quantum
2624 3664 2845 3733 potestis
2868 3705 2881 3728 ,
2915 3665 3154 3720 diversos
3177 3675 3230 3720 et
3258 3666 3434 3720 varios
3467 3664 3729 3735 decepto-

2132 3769 2248 3820 res,
2283 3771 2508 3824 quorum
2539 3765 2712 3812 sectas
2739 3766 2795 3812 et
2822 3757 3039 3811 nomina
3086 3772 3195 3827 pra:
3239 3757 3574 3812 multitudine
3601 3757 3723 3822 sui,

2133 3861 2276 3900 nunc
2304 3846 2518 3916 longum
2549 3857 2631 3903 est
2659 3863 2930 3904 enarrare.
2963 3849 3123 3903 Multa
3163 3849 3304 3905 enim
3349 3849 3606 3904 habemus
3641 3850 3727 3905 di-

2131 3951 2256 3991 cere
2301 3938 2490 4005 vobis;
2539 3939 2633 3994 sed
2695 3955 2802 3995 non
2861 3942 3081 4010 potestis
3133 3941 3221 3996 illa
3268 3952 3483 4011 portare
3538 3941 3720 3998 modo.

2132 4027 2306 4086 Unum
2357 4031 2553 4086 vestris
2587 4059 2590 4062 ~
2622 4033 2870 4102 precibus
2919 4033 3273 4100 commendo,
3322 4043 3378 4088 ut
3416 4034 3482 4088 ab
3523 4049 3589 4090 eo
3627 4034 3722 4105 qui

2131 4122 2424 4178 catholicus
2475 4140 2584 4181 non
2643 4135 2762 4193 est,
2829 4126 3065 4181 animum
3110 4139 3164 4181 et
3201 4126 3435 4181 auditum
3479 4137 3722 4182 vestium

2131 4215 2455 4271 omnimodis
2507 4219 2761 4273 avertatis
2813 4235 2826 4272 :
2874 4233 2980 4290 quo
3041 4219 3410 4275 remissionem
3470 4229 3722 4291 peccato-

2128 4321 2246 4361 rum
2293 4316 2350 4362 et
2394 4310 2840 4365 resurrectionem
2891 4311 3066 4365 carnis
3121 4321 3173 4364 et
3217 4311 3376 4365 vitam
3425 4321 3717 4380 :rternam,

2127 4412 2224 4468 per
2245 4415 2402 4454 unam
2428 4416 2605 4456 veram
2629 4411 2681 4456 et
2702 4411 2938 4456 sanctam
2971 4401 3262 4456 Ecclesium
3281 4402 3595 4458 catholicam
3617 4418 3719 4472 ap-

2125 4490 2456 4557 prchendere
2483 4492 2727 4570 valeatis;
2763 4493 2815 4546 in
2853 4507 2956 4564 qua
2996 4494 3219 4548 discitur
3257 4494 3413 4548 Pater
3453 4502 3509 4550 et
3550 4493 3720 4549 Filius

2125 4588 2180 4634 et
2195 4580 2421 4650 Spiritus
2448 4594 2664 4637 sanctus
2693 4599 2830 4639 unus
2858 4584 3029 4652 Deus;
3057 4587 3139 4641 cui
3169 4595 3253 4642 est
3281 4584 3454 4643 honor
3472 4595 3527 4642 et
3545 4585 3717 4657 gloria

2127 4672 2184 4727 in
2209 4673 2404 4728 saecula
2429 4675 2769 4733 saeculorum.

2599 4832 2836 4894 διεβΜο
2870 4832 3075 4891 οοχνι
3101 4837 3122 4862 α
3151 4834 3250 4907 (α).

2697 4967 2762 5016 Λᾶ
2786 4975 3124 5036 competentes

2202 5096 2426 5158 CAPUT
2455 5097 2740 5154 PRIMUM.
2762 5129 2833 5140 -—
2854 5100 2906 5156 1.
2949 5099 3296 5172 ϐοιηρειωιθι
3335 5102 3562 5174 quinam.
3595 5102 3712 5159 Ru—

2121 5187 2356 5252 dimenta
2381 5191 2663 5252 ministerii
2689 5192 2856 5248 nostri
2889 5191 2988 5264 (b),
3013 5202 3066 5249 et
3093 5194 3260 5252 vestri
3287 5205 3582 5268 conceptus
3608 5211 3720 5266 quo

2179 5344 2431 5410 {collatus
2457 5351 2535 5410 est
2565 5345 2624 5396 ad
2654 5359 2730 5410 gr.
2765 5345 2902 5410 tillm.
2929 5354 3029 5398 Par.
3056 5355 3163 5404 Lov.

2203 5408 2258 5471 (ι)
2280 5408 2418 5468 alias,
2442 5409 2507 5462 de
2529 5408 2740 5460 Diversis
2760 5408 2810 5458 8.

2203 5468 2252 5550 Ρ)
2279 5471 2889 5550 Ἧυίὲιὲἑὲἓίὶιξεὲξῖιέφρ,
2912 5485 3038 5550 33.199
3059 5474 3170 5550 591v
3193 5489 3290 5550 ειυρ
3328 5475 3586 5550 uestina
3607 5481 3717 5538 ωρ-

2116 5535 2350 5596 ponensis
2377 5543 2576 5596 creatur
2600 5535 2907 5596 Augustinus.
2935 5535 3050 5584 vide
3074 5535 3233 5586 notam
3257 5539 3303 5587 in
3325 5535 3578 5588 exordium
3609 5535 3710 5587 ser-

2118 5593 2408 5663 monis)”.
2421 5597 2596 5646 eodem
2617 5593 2841 5663 tempore
2861 5601 3168 5663 pronuntiati.
3186 5606 3235 5648 lu
3260 5601 3453 5652 Pomidii
3477 5599 3708 5663 ludiculo,

2118 5669 2224 5719 cap.
2249 5657 2326 5716 10,
2345 5665 2556 5722 notatur,
2589 5675 2612 5708 ι
2634 5657 2995 5710 Exhortatbrius
3032 5662 3089 5710 ad
3111 5669 3456 5724 Competentes
3479 5657 3708 5717 tractatus

2130 5744 2152 5773 α
2172 5738 2314 5776 unus.
2337 5737 2360 5767 ³
