4070 6330
297 212 440 270 107⁸1

299 325 432 383 ndei-
449 322 727 395 concipitis
750 320 825 396 (a)
851 329 1004 382 utero
1036 321 1520 410 generari‘cmlesti
1557 320 1723 393 gratia
1742 362 1757 388 ,
1788 320 1883 375 ad-

297 415 534 488 iuvanda
573 422 704 473 sunt
723 429 822 472 eae
851 431 870 469 :
894 424 956 471 ut
981 425 1036 472 et
1059 424 1244 473 noster
1267 431 1369 476 vos
1393 431 1570 472 sermo
1599 415 1884 470 salubriter

298 509 622 579 alloquetur,
647 515 704 564 et
721 522 828 566 nec.
839 515 1322 580 vester-aenum
1339 509 1540 564 utier
1555 508 1880 568 consoletur.

299 602 416 660 Nos
440 601 751 662 instruimus
787 603 1156 672 sermonibus,
1196 619 1292 660 vos
1332 602 1582 676 proﬁcite
1623 603 1880 659 moribus.

299 694 611 766 Spargimur:
631 709 931 751 sermonem
947 696 1113 761 verbi,
1128 695 1356 753 fructum
1373 697 1580 753 reddite
1600 696 1742 752 ﬁdei.
1759 696 1886 752 0m-

300 803 400 844 ιιω
414 786 712 852 secundum
727 787 1058 844 vocationem
1078 804 1181 860 qua
1199 791 1372 846 vocati
1388 804 1572 846 sumus
1591 805 1620 844 a
1634 789 1881 859 Domino,
1929 832 1936 838 .

301 881 362 936 in
386 880 508 951 ejus
529 881 613 936 via
629 881 926 952 semitaqu
939 897 1247 948 curramus;
1267 885 1442 939 nullus
1457 893 1599 942 retro
1613 884 1881 953 respiciat.

300 973 516 1029 Veritas
539 974 678 1028 enim
706 989 827 1044 quin
857 991 955 1031 nec
987 975 1126 1032 fallit
1148 994 1247 1033 nec
1273 977 1454 1034 fallere
1482 985 1675 1048 potest,
1702 987 1886 1048 aperte

301 1068 623 1125 denuntiat:
656 1067 830 1126 Neute-
856 1061 1045 1142 pmus‘
1087 1090 1294 1127 manum
1333 1091 1484 1144 super
1535 1084 1796 1140 aratrum,
1840 1086 1889 1130 et

301 1165 572 1230 respiciens
592 1175 747 1231 retro,
773 1175 920 1236 aptus
938 1168 1035 1220 erit
1057 1185 1209 1238 regno
1228 1167 1466 1223 caelorum
1491 1169 1637 1242 (Luc.
1666 1185 1745 1233 ix,
1769 1169 1883 1240 62).

300 1253 415 1309 Hoc
441 1270 634 1324 nempe
656 1271 754 1310 vos
780 1259 1176 1328 coiteupiscere,
1201 1261 1267 1315 ad
1296 1261 1394 1315 hoc
1415 1261 1619 1316 ambire
1641 1262 1888 1317 omnibus

301 1347 500 1401 mentis
545 1334 738 1402 vestrm
780 1352 1098 1417 conatibus,
1148 1353 1321 1432 ipsum
1365 1365 1598 1410 vestrum
1649 1371 1844 1411 nomen
1870 1399 1887 1434 ,ί

300 1439 576 1508 quodcom
587 1450 830 1510 petentes
848 1445 1130 1513 vocamini,
1149 1429 1400 1502 ostendit.
1425 1448 1558 1514 Quid
1584 1449 1724 1504 enim
1747 1431 1888 1506 aliud

301 1532 868 1602 sunt_Compcteutes,
898 1552 1056 1606 quam
1087 1538 1246 1592 simul
1279 1541 1558 1608 petentes?
1591 1540 1724 1595 Nam
1752 1557 1889 1612 quo-

305 1622 468 1677 modo
495 1623 874 1692 coiidoeentes,
907 1641 1288 1684 concurrentes
1308 1672 1322 1698 ,
1353 1633 1690 1689 considentes
1710 1677 1724 1698 ,
1759 1635 1895 1689 nihil

303 1716 444 1770 aliud
475 1728 656 1780 sonat.
689 1735 844 1788 quam
887 1721 1042 1776 simul
1077 1723 1355 1792 docentes,
1385 1728 1541 1782 simul
1576 1741 1893 1802 currentes,

304 1809 468 1863 simul
505 1811 784 1877 sedentes;
822 1814 891 1867 ita
922 1816 1079 1869 ctiam
1107 1817 1532 1889 Competentium
1574 1826 1887 1880 vocabulum

303 1916 412 1955 non
432 1902 645 1959 aliunde
665 1905 902 1975 quamde
921 1909 1076 1962 simul
1095 1911 1324 1978 petendo
1339 1922 1494 1984 atque
1513 1931 1673 1971 unum
1691 1919 1896 1989 aliquid

303 1994 608 2062 impeteudo
654 2000 1004 2065 compositum
1043 2009 1142 2054 est.
1178 2001 1245 2056 Et
1283 2005 1422 2072 quod
1453 2007 1578 2062 illud
1601 2017 1683 2064 est
1705 2027 1888 2084 unum,

311 2085 454 2152 quod
481 2087 659 2155 petitis
686 2091 768 2142 vel
797 2092 1170 2162 concupiscitis
1191 2136 1203 2157 ,
1229 2094 1330 2148 nisi
1360 2097 1500 2166 quod
1542 2099 1755 2168 quidam
1797 2103 1892 2156 ab-

304 2175 461 2246 iectis
503 2178 787 2235 desideriis
844 2185 1144 2239 carnalibus
1186 2194 1238 2239 et
1284 2189 1546 2257 superatis
1599 2193 1891 2249 terroribus

304 2269 492 2323 surculi
531 2271 728 2326 clamat
773 2274 1101 2343 intrepidus?
1127 2277 1188 2332 Si
1216 2281 1488 2335 consistant
1524 2284 1788 2342 adversum
1815 2305 1893 2343 me

307 2373 491 2428 castra,
514 2381 612 2418 non
631 2367 816 2420 timebit
836 2385 922 2422 cor
947 2386 1112 2423 meum
1134 2372 1211 2434 ;si
1225 2384 1464 2444 exsurgat
1490 2376 1542 2429 in
1569 2393 1648 2431 me
1685 2378 1888 2448 bellum,

305 2453 360 2507 in
379 2455 474 2508 hoc
497 2472 586 2526 ego
616 2458 844 2525 sperabo.
873 2459 935 2513 Et
953 2477 1068 2530 (pur.
1095 2462 1176 2516 illa
1209 2464 1276 2516 sit
1305 2465 1630 2534 exprimens,
1655 2469 1893 2539 adiunxit

304 2553 361 2600 et
387 2546 522 2600 dixit
546 2565 557 2599 :
593 2546 758 2603 Unam
784 2553 906 2619 petii
927 2571 957 2604 a
988 2552 1232 2621 Domino,
1261 2556 1389 2610 hanc
1418 2559 1665 2628 requiram
1687 2578 1706 2627 ,'
1734 2571 1789 2615 ut
1809 2563 1891 2616 in.

304 2637 522 2692 habitem
556 2641 611 2694 in
639 2640 788 2695 domo
829 2642 1036 2697 Domini
1073 2662 1241 2699 omnes
1282 2647 1387 2701 dies
1412 2650 1524 2703 vitae
1549 2667 1690 2704 mete.
1720 2654 1893 2723 Atque

305 2725 466 2798 hujus
484 2731 715 2801 regionis
740 2744 792 2787 et
812 2733 1150 2791 habitationis
1173 2737 1552 2796 beatitudinem
1580 2743 1891 2813 explauans,

304 2825 578 2880 connectit
621 2834 676 2880 et
717 2827 964 2896 exprimit-
997 2847 1011 2883 :
1045 2827 1113 2883 Ut
1164 2833 1470 2902 contempler
1516 2835 1894 2892 delectationem

309 2913 539 2978 Domini.
571 2927 615 2972 et
641 2929 876 2990 protegar
900 2939 930 2973 a
953 2924 1138 2989 templo
1161 2926 1268 2994 ejus
1297 2925 1465 2996 (Psal.
1496 2944 1638 2992 xxvr,
1664 2929 1717 2994 5,
1741 2929 1825 2999 4).

386 3011 614 3067 CAPUT
644 3012 706 3066 ii.
728 3013 865 3068 —2‘.
894 3013 1143 3070 Hortatur
1171 3027 1225 3070 ut
1250 3022 1534 3075 renuntient
1562 3024 1766 3079 sarculo.
1798 3023 1893 3078 Vi-

311 3100 472 3162 detis.
496 3105 803 3159 contiroues
830 3107 954 3171 mei,
975 3109 1042 3161 ad
1070 3125 1226 3178 quam
1249 3111 1655 3170 delectationem
1683 3115 1896 3178 Domini

309 3195 539 3249 venietis
561 3238 576 3260 ,
606 3210 726 3250 cum
771 3197 1175 3254 delectationem
1209 3203 1387 3257 surculi
1419 3203 1686 3284 abjicitis?
1712 3208 1766 3262 Si
1798 3209 1894 3263 de-

309 3287 516 3356 spicitis
541 3289 818 3356 mundum,
846 3291 1108 3347 habebitis
1138 3310 1232 3348 cor
1263 3297 1536 3364 mundum,
1566 3308 1618 3353 ct
1649 3299 1896 3358 videbitis

308 3392 432 3432 eum
465 3380 553 3450 qui
579 3382 702 3435 fecit
731 3383 985 3437 mttudum
1012 3401 1025 3434 :
1049 3393 1102 3438 et
1128 3387 1262 3462 sicut
1287 3387 1373 3441 ille
1400 3389 1554 3454 vicit,
1593 3391 1665 3448 ita
1703 3402 1756 3446 ct
1799 3409 1897 3453 vos

310 3470 502 3541 iri-ejus
528 3474 695 3542 gratia
720 3474 943 3529 vincetis
972 3477 1112 3531 hunc
1139 3478 1413 3532 mundum.
1462 3481 1630 3548 Quem
1658 3484 1896 3558 profecto

305 3562 416 3636 jam
459 3565 679 3635 jamque
723 3569 1041 3636 superabitis
1091 3577 1248 3637 atque
1293 3571 1598 3640 calcabitis,
1626 3575 1668 3628 si
1697 3591 1801 3630 nou
1830 3577 1897 3642 de

305 3656 504 3710 vestris
533 3656 756 3721 viribus,
790 3656 886 3711 sed
909 3657 976 3713 de
1002 3657 1098 3712 Dei
1124 3659 1608 3717 misericordissimi
1634 3665 1898 3738 adiutorio

306 3749 667 3818 prtesumatis.
696 3747 868 3803 Nolite
896 3763 990 3804 vos
1011 3749 1306 3822 despicere,
1331 3753 1451 3830 quia
1475 3755 1706 3809 nondum
1733 3773 1898 3830 appa—

307 3841 418 3896 ruit
447 3840 587 3910 quod
618 3842 787 3896 eritis.
816 3840 1018 3896 Scitote
1059 3853 1234 3899 autem
1256 3886 1270 3910 ,
1301 3847 1550 3925 quoniam
1578 3862 1696 3902 cum
1733 3837 1898 3922 appa-

312 3931 502 3994 ruerit,
529 3932 736 3988 similes
761 3932 811 3988 ei
835 3935 1014 4000 eritis,
1043 3933 1168 3989 dum
1201 3938 1505 4012 apparuerit
1545 3940 1686 4010 quod
1730 3943 1902 4010 eritis,

316 4022 517 4080 Scitote
545 4035 722 4082 autem
744 4069 759 4095 ,
784 4028 1033 4104 quoniam
1055 4027 1304 4096 videbitis
1329 4046 1449 4090 eum
1471 4072 1486 4102 ,
1511 4047 1619 4100 non
1646 4033 1817 4102 qualis
1846 4034 1902 4104 in

317 4119 574 4187 tamporis
606 4120 932 4190 plenitudine
964 4123 1108 4177 venit
1133 4122 1198 4180 ad
1225 4139 1343 4192 nos,
1374 4124 1466 4178 sed
1494 4126 1667 4196 qualis
1693 4142 1904 4200 semper

318 4225 542 4266 manens
565 4212 800 4268 condidit
826 4229 924 4280 nos
954 4213 997 4286 (l
1023 4213 1182 4280 Joan.
1204 4233 1279 4279 ιιι,
1307 4217 1386 4287 2).
1419 4217 1612 4282 Exuite
1636 4236 1730 4278 vos
1759 4231 1906 4282 vste-.-

315 4318 430 4359 rem
454 4301 745 4372 hominem,
778 4314 839 4360 ut
863 4307 1152 4377 induamini
1185 4325 1321 4363 novo
1352 4307 1565 4381 (Coloss.
1597 4328 1669 4378 Ill,
1703 4313 1756 4379 9,
1789 4313 1902 4387 10).

318 4399 538 4455 Pactum
567 4401 841 4460 Vobiscum
888 4403 1142 4458 Dominus
1184 4403 1414 4470 inchoat.
1442 4405 1658 4466 \‘ixistis
1685 4409 1908 4480 saeculo,

319 4493 464 4546 carui
505 4508 609 4572 vos
652 4502 706 4548 et
750 4495 991 4568 sanguini
1037 4495 1292 4572 dedistis,
1341 4497 1625 4568 imaginem
1677 4501 1911 4567 hominis.

321 4570 518 4637 terreni
550 4585 820 4652 portastis.
849 4586 996 4642 Sicut
1031 4603 1157 4658 ergo
1192 4570 1472 4659 imaginem
1516 4592 1762 4660 portastis
1793 4593 1913 4664 eius

320 4675 412 4748 qui
434 4677 502 4730 de
533 4685 670 4732 terra
702 4687 819 4742 est,
848 4679 919 4734 ita
941 4682 1101 4746 etiam
1129 4683 1246 4754 ejus
1277 4684 1364 4754 qui
1394 4685 1464 4750 de
1494 4687 1632 4742 cmlo
1662 4696 1746 4744 est
1771 4689 1912 4755 ultra

321 4778 529 4839 portate
551 4769 663 4838 (Id.
691 4789 781 4844 xv,
809 4773 922 4843 49).
965 4773 1234 4842 Humana;
1272 4795 1457 4844 sermo,
1483 4780 1604 4852 quia
1629 4782 1749 4838 ideo
1783 4783 1914 4842 Vere

321 4859 445 4914 bum
477 4877 604 4916 caro
632 4862 965 4932 estfactum,
998 4876 1051 4930 ut
1087 4869 1215 4934 sicut
1253 4870 1543 4929 exhibuistis
1571 4889 1784 4944 corpora
1825 4891 1910 4934 ves

321 4963 427 5008 atra
454 4971 596 5008 arma
612 4957 891 5030 iniquitatis
916 4970 1133 5030 peccato,
1155 4963 1225 5024 ita
1250 4980 1384 5017 nunc
1399 4964 1672 5022 exlaibeatis
1689 4967 1912 5024 membra

321 5057 486 5099 uestra
516 5065 658 5104 arma
685 5051 902 5120 justitia:
939 5050 1047 5106 Deo
1078 5051 1250 5126 (Rom.
1275 5071 1329 5110 vr
1349 5098 1362 5120 ,
1393 5055 1503 5124 l9).
1539 5058 1592 5113 ln
1619 5060 1911 5129 perniciem

323 5137 582 5193 adversus
608 5156 705 5196 vos
733 5151 912 5197 vester
937 5153 1270 5214 oppugnator
1307 5147 1498 5210 vestr—is
1520 5149 1713 5220 jaculis
1739 5167 1914 5208 arma-~

324 5227 479 5284 batur
518 5249 531 5286 ε
573 5233 624 5286 in
673 5233 896 5290 salutem
939 5244 1172 5310 vestram
1213 5238 1469 5296 adversus
1511 5256 1633 5298 eum
1678 5244 1912 5308 vicissim

326 5323 580 5378 membris
609 5326 803 5381 vestris
827 5334 1003 5384 vester
1029 5338 1299 5400 protector
1319 5343 1577 5400 armetur.
1599 5333 1738 5390 Nihil
1763 5337 1914 5399 vobis

393 5499 864 5583 {gift-legendum,
900 5505 1152 5583 int-ipim?
1174 5517 1376 5583 gutquos
1409 5513 1502 5583 hic
1526 5515 1805 5583 alloquitur,
1845 5523 1912 5574 si-

329 5563 876 5648 εξιᾳιξειξειιεηῑρείειωέι
909 5563 1057 5648 sees
1079 5563 1913 5648 ειεωεεξιιείιπίέιλίεῑπλέίῖιῑῑέῖέῖηεὲν

363 5629 656 5712 scepticae
670 5629 862 5712 [ξψξξέ
878 5637 1117 5712 petitione
1134 5639 1377 5702 Baptism.
1401 5648 1522 5694 Item
1541 5629 1914 5712 infra'toeo‘oi'e;

425 5701 456 5741 e
479 5690 660 5746 melius
679 5690 912 5750 oratiom'.

1696 201 1924 261 SERMO
1958 201 2186 261 CCXVI.

3432 217 3456 272 1
3467 217 3571 277 078

1989 318 2078 375 ille
2104 321 2337 392 nocebit,
2359 324 2405 380 si
2430 326 2672 383 membra
2701 337 2878 386 vestra
2905 331 3055 388 vobis
3079 331 3441 390 auferentibus
3465 351 3574 395 nou

1989 414 2209 470 tenebit.
2241 415 2348 473 Iste
2373 432 2469 474 vos
2490 420 2612 491 jure
2633 421 3000 495 dcrelinquet-,
3040 425 3094 481 si
3131 425 3208 482 ab
3234 441 3302 483 eo
3337 437 3572 486 vestrum

1986 517 2169 562 vocum
2199 507 2554 582 voluntasque
2581 513 2880 572 dissentiet.

2059 597 2292 657 CAPUT
2313 601 2478 658 lll.—
2495 605 2548 660 5.
2574 605 2653 661 De
2669 623 2823 680 regno
2843 609 3081 666 celarunt
3108 614 3319 670 eluendo
3336 621 3566 689 cogitent.

1991 689 2113 746 Non
2130 693 2322 760 abiecte
2339 696 2406 752 de
2419 715 2472 752 se
2491 699 2730 754 sentiant.
2748 699 3008 758 Bonorum
3029 721 3235 775 operum
3254 707 3449 784 ﬂuctus
3467 714 3575 766 red-

1990 784 2132 840 dant.
2157 788 2294 845 Ecce
2313 805 2433 846 cum
2459 793 2704 849 auctione
2720 803 2774 850 et
2795 807 3034 853 mercatu
3061 798 3205 870 ﬁdei,
3232 818 3459 874 regnum,
3477 821 3572 861 vo-

1990 877 2074 933 bis
2102 881 2360 936 coelorum
2384 885 2570 940 venale
2591 889 2936 956 proponitur:
2957 891 3199 965 inspicite
3224 901 3280 952 et
3306 897 3576 968 congerite

1989 982 2182 1028 vestrae
2209 975 2552 1036 conscientiae
2574 978 2848 1036 facultates
2865 1024 2879 1048 ,
2906 983 3184 1040 thesauros
3210 988 3388 1043 cordis
3413 991 3575 1045 vestri

1993 1065 2316 1122 unanimiter
2364 1079 2699 1141 congregate.
2753 1074 2820 1128 Et
2865 1083 3040 1132 tamen
3087 1080 3250 1150 gratis
3290 1082 3498 1148 emitis,
3531 1083 3578 1138 si

1991 1167 2197 1227 gratam
2239 1162 2462 1230 gratiam
2493 1180 2615 1235 qua:
2644 1165 2795 1222 vobis
2821 1168 3061 1238 olfertur,
3095 1174 3399 1242 agnoscitis.
3436 1175 3577 1231 Nihil

1993 1248 2319 1320 impenditis,
2361 1263 2418 1310 et
2459 1264 2636 1313 tamen
2685 1275 2932 1330 magnum
2977 1271 3060 1318 est
3098 1265 3239 1335 quod
3285 1269 3576 1339 acquiritis.

1992 1341 2107 1397 Non
2135 1345 2250 1401 sitis
2276 1347 2408 1404 viles
2433 1350 2603 1416 vobis,
2634 1369 2767 1424 quos
2793 1365 3106 1412 cunctorum
3142 1357 3364 1417 Creator
3396 1372 3451 1419 et
3483 1381 3578 1421 ve-

1993 1444 2103 1491 ster
2134 1445 2240 1492 tam
2280 1439 2472 1498 charos
2510 1445 2759 1511 aestimat,
2784 1454 2843 1512 ut
2870 1448 3020 1503 vobis
3048 1450 3282 1520 quotidie
3311 1454 3578 1527 Unigeniti

1992 1531 2074 1584 sui
2105 1531 2545 1600 pretiosissimum
2570 1539 2881 1608 sanguinem
2925 1529 3126 1596 fundat.
3159 1543 3272 1599 Non
3313 1547 3391 1603 sic
3430 1549 3580 1605 eritis

1995 1621 2130 1676 viles
2150 1625 2194 1678 si
2223 1627 2512 1695 pretiosum
2540 1630 2873 1702 distinguatis
2900 1649 2927 1686 a
2953 1635 3078 1700 vili;
3103 1635 3146 1690 si
3173 1653 3277 1691 nou
3299 1647 3575 1709 creaturae,

1994 1712 2094 1767 sed
2114 1714 2350 1771 Creatori
2384 1721 2654 1786 servietis;
2697 1723 2748 1777 si
2786 1725 2938 1780 vobis
2988 1725 3236 1792 inferiora
3269 1737 3444 1784 vestra
3474 1747 3579 1787 non

1993 1805 2190 1861 fuerint
2216 1809 2482 1866 dominata
2500 1846 2517 1879 ι
2545 1825 2600 1868 ιιι
2627 1815 2950 1872 immaculati
2974 1834 3000 1872 a
3028 1821 3238 1892 capitali
3283 1838 3582 1894 magnoque

1993 1907 2211 1967 peccato
2240 1902 2566 1958 tnuudemini
2592 1904 2759 1975 (Psal.
2790 1924 2942 1975 xvm,
2973 1911 3058 1982 l4)
3079 1893 3166 1976 ξεί
3196 1930 3298 1968 non
3341 1915 3392 1976 in
3433 1893 3584 1978 vobis

1994 2001 2177 2045 semen
2218 1993 2366 2048 verbi
2409 1995 2537 2060 Dei,
2588 1999 2726 2068 quod
2768 2001 2927 2066 etiam
2978 2018 3118 2057 nunc
3167 2007 3370 2080 spargit
3418 2008 3581 2063 cmic-

1993 2084 2091 2139 stis
2132 2085 2361 2156 agricola
2407 2088 2459 2142 in
2501 2104 2628 2161 agro
2671 2093 2849 2148 cordis
2893 2096 3096 2160 vestri,
3130 2081 3219 2152 aut
3250 2085 3497 2170 tauquam
3529 2101 3581 2168 in

1997 2177 2078 2230 via
2134 2177 2472 2247 indignorum
2517 2183 2741 2248 transitu
2786 2187 3147 2256 conculcetur,
3196 2198 3285 2244 aut
3330 2200 3582 2262 tanquam

1998 2267 2141 2324 inter
2171 2265 2384 2340 petrosa
2401 2271 2701 2331 durissima:
2722 2278 3061 2340 conscientia:
3083 2289 3270 2336 vestra:
3293 2283 3583 2341 stoliditate

1991 2359 2103 2429 jam
2131 2363 2438 2431 germinans
2465 2367 2868 2436 comprimatur,
2897 2380 2985 2424 aut
3015 2371 3151 2426 inter
3176 2373 3353 2446 spinas
3376 2375 3581 2446 cupidi-

1999 2458 2166 2505 tatum
2203 2463 2496 2509 vestrarum
2548 2458 2863 2536 perniciosis
2909 2462 3106 2528 aculeis
3134 2463 3439 2520 sull‘occtur.
3469 2466 3524 2520 Si
3552 2481 3582 2522 a

2001 2554 2106 2598 tam
2136 2545 2406 2601 damnosae
2437 2547 2856 2623 dam_nand:eque
2888 2561 3042 2608 terrae
3071 2556 3353 2626 sterilitate
3390 2557 3583 2613 abhor-

1996 2637 2193 2701 reatis,
2247 2636 2518 2695 fructifera
2573 2657 2667 2697 vos
2712 2645 2948 2712 profecto
3017 2656 3158 2705 terra
3210 2648 3580 2720 uberrimaque

1997 2730 2254 2800 suscipiet
2277 2773 2291 2798 ,
2323 2740 2523 2787 etcum
2554 2749 2747 2804 magno
2776 2735 2967 2807 gaudio
2992 2739 3300 2800 seminatori
3342 2748 3396 2795 et
3437 2753 3584 2796 com-

2001 2822 2201 2891 plutori
2227 2833 2407 2879 vestro
2435 2824 2837 2895 multiplicatam
2864 2830 3074 2884 centeni
3104 2831 3336 2886 rcddetis
3368 2832 3584 2890 uberta-

2002 2921 2146 2979 tem;
2177 2922 2270 2967 aut'
2296 2915 2339 2968 si
2367 2915 2434 2969 ad
2459 2915 2561 2970 hoc
2600 2916 2834 2988 impares
2879 2919 3016 2975 forte
3061 2920 3294 2988 fueritis,
3337 2924 3586 2998 sexageni

2001 3001 2206 3059 fructus
2237 3021 2425 3060 usuras
2447 3008 2733 3063 exsolvetis
2763 3029 2778 3062 :
2807 3010 2946 3080 quod
2977 3011 3021 3064 si
3052 3027 3151 3066 nec
3177 3011 3242 3066 ad
3274 3012 3374 3067 hoc
3399 3028 3589 3069 occur-

1999 3096 2149 3165 retis,
2171 3113 2274 3152 non
2306 3098 2412 3153 erit
2436 3107 2613 3153 vester
2640 3100 2874 3169 ingratus
2901 3101 3058 3155 etiam
3089 3100 3280 3178 trigeui
3301 3112 3586 3180 proventus

2006 3189 2219 3264 (Matth.
2249 3209 2374 3262 xm,
2409 3194 2567 3266 1-25)
2593 3211 2606 3257 ;
2635 3197 2754 3266 quia
2803 3197 3108 3263 cmlestibus
3154 3214 3340 3256 omnes
3382 3201 3592 3264 horreis

2000 3285 2358 3354 excipientur,
2388 3301 2573 3343 omnes
2599 3288 2652 3341 in
2680 3296 2878 3344 acterna
2905 3290 3086 3360 requie
3112 3291 3487 3348 recoudeutur.
3515 3294 3590 3364 De

1999 3378 2238 3431 omnium
2287 3379 2546 3434 fructibus
2590 3380 2825 3435 caelestis
2878 3383 3030 3451 panis
3061 3382 3148 3448 ille
3177 3383 3510 3457 conﬁcietur,
3536 3394 3596 3454 et

2001 3468 2178 3522 omnis
2205 3469 2478 3538 operarius
2500 3470 2552 3524 in
2577 3469 2846 3526 dominica
2867 3472 3021 3536 vinea
3043 3474 3157 3528 sine
3174 3473 3297 3529 dolo
3319 3475 3587 3545 laborans,

2005 3556 2122 3626 ipso
2152 3549 2487 3615 abundanter
2515 3575 2576 3616 ac
2603 3561 2887 3628 salubriter
2916 3565 3240 3628 saturabitur
3267 3585 3278 3621 :
3301 3566 3426 3624 dum
3458 3567 3596 3634 tanti

2003 3649 2362 3716 seminatoris,
2391 3650 2636 3721 plutoris,
2665 3661 2716 3720 et
2743 3654 3012 3725 rigatoris,
3043 3667 3202 3742 atque
3230 3658 3396 3730 ipsius
3416 3658 3593 3714 incre-

2004 3743 2172 3796 menti
2198 3741 2436 3810 datoris,
2469 3747 2771 3817 evangelica
2817 3749 3197 3820 praedicatione
3233 3751 3402 3826 gloria
3438 3750 3591 3822 ditia,-

2005 3843 2199 3890 matur.
3245 3831 3249 3838 ’

2077 3925 2308 3984 CAPUT
2344 3929 2578 3988 "2—4.
2596 3931 2680 3986 Ad
2703 3932 2862 3988 Deum
2888 3937 3113 3994 conversi
3136 3937 3343 3992 tendant
3364 3937 3430 4005 ad
3448 3946 3594 4008 φια-

2007 4036 2126 4074 ηαηι
2154 4021 2326 4075 vitam.
2351 4023 2600 4089 Accedite
2628 4041 2753 4100 ergo
2797 4028 2862 4081 ad
2906 4043 3026 4083 eum
3071 4030 3123 4084 in
3163 4030 3446 4098 obtritione
3473 4045 3595 4096 coro.

2008 4114 2090 4170 dis
2122 4133 2134 4170 :
2167 4117 2416 4187 quoniam
2438 4133 2606 4195 prope
2626 4130 2708 4176 est
2735 4121 2982 4177 omnibus
3011 4123 3098 4200 qui
3129 4123 3591 4204 obtrivcruntcor,

2009 4217 2063 4262 et
2092 4209 2204 4277 ipse
2230 4226 2326 4264 vos
2349 4210 2577 4274 humiles
2607 4214 2796 4283 spiritu
2825 4216 3001 4283 salvos
3029 4217 3182 4283 faciet
3208 4216 3380 4287 (Psql.
3405 4232 3594 4286 χχχιιι,

2011 4303 2122 4375 19).
2156 4301 2409 4368 Certatim
2438 4307 2702 4374 accedite,
2738 4317 2793 4363 ut
2842 4309 3229 4376 illumiucmini.
3276 4311 3418 4376 Estis.
3452 4311 3598 4378 enim

2011 4395 2183 4461 adhuc
2215 4397 2264 4450 iu
2300 4399 2537 4456 tenebris
2557 4441 2570 4464 ,
2595 4408 2648 4456 et
2676 4401 2908 4455 tcuebra:
2935 4401 2988 4467 in_
3015 4403 3183 4469 vobis.
3219 4403 3376 4468 Eritis
3417 4412 3596 4470 autem

2013 4487 2107 4555 lux
2134 4489 2184 4550 in
2212 4490 2458 4562 Domino,
2489 4491 2581 4560 qui
2611 4492 2860 4546 illuminat
2890 4509 3084 4561 clunem
3124 4493 3372 4560 hominem
3398 4493 3600 4558 venieti-

2016 4589 2112 4635 tent
2140 4582 2193 4635 in
2224 4582 2355 4636 hunc
2379 4583 2626 4640 mundum
2653 4582 2830 4655 (Joan.
2861 4600 2910 4656 ι,
2937 4581 3014 4655 9,).
3041 4582 3421 4651 Confertamini
3454 4582 3468 4613 ¹
3497 4596 3600 4650 sae-

2014 4672 2156 4740 culo,
2181 4674 2544 4736 reformamini
2586 4676 2718 4732 Deo.
2768 4675 3104 4748 Babylonica:
3141 4673 3462 4748 captivitatis
3503 4687 3601 4738 vos

2013 4767 2298 4840 aliquando
2319 4769 2427 4840 jam
2458 4771 2668 4832 ttedeat.
2697 4771 2837 4828 Ecce
2863 4769 3153 4837 Jerusalem
3180 4778 3349 4836 mater
3377 4768 3466 4832 illa
3493 4782 3604 4828 cte-

2016 4858 2195 4924 lestis,
2221 4861 2274 4915 in
2303 4862 2401 4916 viis
2429 4863 2670 4918 hilariter
2695 4863 2923 4920 invitans
2952 4861 3226 4930 occurrit,
3265 4868 3320 4925 et
3356 4861 3603 4928 (ὠθέει-ιιι

2017 4959 2078 5008 ιιι
2099 4953 2278 5011 velitis
2304 4955 2490 5022 vitam,
2523 4962 2579 5010 et
2605 4955 2839 5026 diligatis
2876 4955 3058 5016 videre
3097 4953 3214 5014 dies
3255 4955 3446 5024 benos,
3469 4969 3604 5026 quos

2019 5061 2289 5118 nunquam
2321 5045 2600 5115 habuistis,
2629 5063 2730 5102 nec
2756 5063 2986 5117 unquam
3014 5046 3066 5106 in
3094 5045 3200 5110 hoc
3220 5045 3416 5106 saeculo
3443 5045 3606 5104 habe—

2017 5136 2165 5194 bitis.
2196 5136 2268 5192 lbi
2307 5137 2450 5193 enim
2473 5138 2808 5205 deﬁciebant,
2838 5139 2973 5194 sicut
3014 5136 3226 5205 fumus,
3251 5136 3369 5193 dies
3398 5136 3560 5192 vestri
3585 5152 3603 5192 :

2019 5232 2213 5306 quibus
2241 5233 2454 5304 augeri,
2487 5233 2691 5301 minui;
2721 5241 2775 5287 et
2803 5232 2994 5304 quibus
3035 5247 3308 5297 crescere,
3339 5229 3604 5295 deiicere;

2021 5334 2077 5383 et
2101 5326 2292 5403 quibus
2320 5327 2638 5394 ascendere,
2667 5342 2955 5384 vanescere
2984 5325 3101 5382 fuit.
3129 5326 3230 5396 Qui
3260 5324 3463 5386 vixistis
3489 5338 3609 5394 pec-

2021 5427 2142 5474 cato
2168 5434 2338 5475 annos
2373 5419 2572 5478 multos
2601 5427 2654 5478 et
2691 5419 2880 5486 malos,
2904 5415 3203 5481 desiderate
3240 5418 3420 5474 vivere
3449 5414 3559 5472 Deo
3591 5431 3606 5468 :

2021 5527 2133 5572 non
2161 5513 2358 5578 multos
2383 5527 2556 5570 annos
2595 5511 2917 5585 quandoque
2941 5510 3224 5580 ﬁniendos,
3250 5519 3304 5566 et
3341 5508 3410 5568 ad
3449 5509 3606 5563 inter-

2019 5649 2181 5776 Ῑωςηιη
2222 5649 2538 5725 Ger-aenean
2578 5655 2661 5705 tu.
2674 5681 2693 5715 ,
2734 5643 3122 5715 contemnant.
3165 5651 3306 5700 Forte
3345 5655 3450 5708 μοι
3493 5649 3614 5694 σοπ-
