4070 6330
414 4186 431 4195 κ
510 4132 623 4170 ram
657 4133 672 4184 ;
720 4116 1121 4173 fornicationem
1157 4160 1172 4185 ,
1239 4118 1627 4174 immunditiam
1660 4160 1675 4186 ,

515 457 749 516 eundum
774 454 829 509 in
853 451 1043 508 umbra
1070 446 1259 505 mortis
1282 448 1590 505 currentes;
1616 437 1711 495 sed
1739 437 1931 504 bonos,
1953 444 2010 491 et
2038 434 2091 489 in

517 552 745 606 veritate
787 543 986 599 vivacis
1031 541 1155 596 vitae
1195 537 1558 609 propinquos;
1604 532 1693 587 ubi
1735 529 1876 585 nulla
1913 527 2089 591 fame,

514 641 659 697 nulla
702 637 791 694 siti
836 633 1135 700 lassabitis;
1176 628 1494 702 quia‘cibus
1538 634 1714 681 vester
1756 621 1909 687 ﬁdes,
1937 628 2094 690 potus

513 729 780 804 sapientia
802 728 923 783 erit.
949 724 1101 782 Nunc
1139 722 1282 778 enim
1310 721 1363 775 in
1390 717 1630 774 Ecclesia
1659 715 1714 769 in
1744 713 1845 768 ﬁde
1871 710 2090 804 benedi-

512 823 631 879 citis
678 819 962 875 Dominum
988 834 1004 871 :
1038 825 1165 872 tunc
1205 821 1379 868 autem
1411 811 1463 865 in
1490 807 1667 880 Specie
1693 803 2094 861 altluentissime

509 909 810 983 rigabimiui
838 908 907 963 de
937 905 1171 961 fontibus
1194 902 1376 959 Israel.
2090 914 2097 943 :

522 1042 527 1047 -
581 1001 806 1060 CAPUT
852 998 917 1054 V.
939 1029 1013 1039 —
1030 997 1081 1052 5.
1116 996 1214 1050 Hic
1238 996 1353 1050 vitae
1375 1002 1573 1049 (eterna:
1597 988 1842 1077 desiderio
1866 988 2089 1059 lugeant,

504 1107 558 1152 et
584 1095 806 1150 membra
852 1109 946 1146 sua
988 1090 1306 1159 mortiﬁcent.
1352 1087 1456 1143 Sed
1484 1087 1535 1140 in
1563 1085 1660 1138 hac
1688 1081 1895 1138 interim
1936 1094 2093 1150 pere-

510 1186 812 1260 grinatione
840 1185 949 1238 siut
989 1183 1141 1237 vobis
1180 1181 1432 1252 lacryma:
1471 1186 1662 1232 vestrm
1704 1173 1856 1244 panis
1899 1173 1986 1228 die
2030 1186 2094 1227 ac

510 1291 666 1336 nocte
686 1274 705 1344 “;
733 1277 860 1332 dum
892 1274 1188 1330 dicentibus
1217 1272 1366 1327 vobis
1392 1267 1653 1340 quotidie,
1679 1266 1780 1322 Ubi
1826 1273 1909 1320 est
1954 1264 2092 1319 Deus

509 1378 688 1425 vester
718 1366 891 1439 (Psal.
917 1382 1039 1429 xu,
1063 1363 1158 1435 4)?
1178 1379 1281 1418 non
1308 1362 1526 1431 potestis
1548 1358 1848 1415 carnalibus
1873 1355 2095 1411 demona

509 1473 681 1518 strare
704 1459 846 1530 quod
868 1458 1054 1513 oculus
1075 1471 1180 1510 non
1200 1454 1351 1518 vidit,
1385 1468 1483 1507 nec
1512 1450 1654 1505 auris
1678 1448 1894 1511 audivit,
1924 1453 2011 1501 aut
2035 1446 2090 1500 in

507 1569 603 1609 cor
629 1550 864 1607 hominis
889 1546 1126 1604 ascendit
1147 1546 1206 1618 (l
1231 1543 1349 1600 Cor.
1378 1560 1448 1608 ιι,
1479 1542 1557 1612 9).
1589 1542 1767 1595 Donec
1794 1538 2016 1594 veniatis
2036 1544 2094 1592 et

506 1644 809 1717 appareatis
834 1650 960 1697 ante
989 1639 1171 1695 oculos
1202 1637 1293 1693 Dei
1318 1635 1503 1700 vestri,
1528 1634 1693 1689 nolite
1712 1631 1959 1687 deﬁcere.
1985 1629 2093 1684 Ve-

509 1740 621 1792 niet
643 1735 786 1790 enim
818 1742 872 1789 et
902 1734 1016 1804 ipse
1054 1730 1315 1800 promissa
1341 1726 1666 1798 persolvere,
1697 1723 1788 1794 qui
1815 1738 1874 1779 se
1901 1729 2092 1792 sponte

511 1828 784 1900 professus
809 1834 891 1883 est
913 1825 1208 1881 debitorem
1241 1840 1253 1876 :
1281 1821 1371 1892 qui
1414 1819 1545 1874 nihil
1572 1820 1639 1874 ab
1666 1817 1843 1887 aliquo
1885 1823 2093 1873 mutuae

512 1934 597 1980 tus
622 1932 737 1989 est,
769 1929 822 1977 et
850 1935 948 1977 suo
981 1917 1246 1989 promisso
1289 1914 1500 1970 debitor
1542 1926 1661 1967 esse
1705 1910 1950 1980 dignatus
1986 1915 2087 1963 est.

507 2015 619 2071 Nos
640 2013 994 2075 debebamus;
1019 2017 1075 2065 et
1099 2016 1303 2062 tantum
1328 2004 1672 2066 debebamus,
1695 2008 1948 2070 quantum
1968 2013 2093 2069 pec-

509 2095 837 2159 caveramus.
870 2100 1029 2155 Venit
1059 2099 1147 2154 ille
1175 2097 1293 2151 siue
1318 2096 1522 2159 debito,
1547 2094 1672 2164 quia
1700 2092 1817 2148 sine
1841 2091 1950 2146 ullo
1968 2104 2093 2160 pec-

513 2202 633 2250 cato
657 2210 671 2257 ;
702 2191 902 2246 invenit
928 2205 1023 2244 nos
1051 2188 1308 2243 damnoso
1352 2201 1416 2241 ac
1454 2182 1753 2239 damnando
1782 2181 1964 2237 fenore
1991 2196 2092 2251 op-

509 2300 744 2357 pressos,
775 2293 827 2339 et
853 2299 973 2354 quze
1002 2297 1107 2336 non
1151 2288 1401 2351 rapuerat
1442 2277 1741 2339 exsolvens,
1771 2290 1869 2330 nos
1891 2290 1922 2330 a
1946 2290 2092 2330 sem-

509 2377 721 2445 piterno
750 2374 930 2430 debito
960 2371 1379 2428 misericorditer
1416 2367 1681 2424 liberavit.
1712 2365 1821 2422 Nos
1858 2366 2092 2421 admise-

510 2482 692 2522 ramus
744 2466 994 2536 culpam,
1059 2461 1501 2533 exspectabamus
1548 2473 1797 2529 poenam;
1847 2456 1935 2512 ille
1986 2471 2093 2511 non

509 2557 679 2615 factus
726 2557 903 2614 socius
954 2557 1124 2626 culpae
1172 2561 1369 2610 nostra:
1396 2595 1412 2619 ,
1458 2552 1553 2609 sed
1609 2550 1778 2608 factus
1830 2549 2096 2621 particeps

508 2664 717 2719 paenae,
744 2648 900 2702 simul
942 2657 997 2703 et
1037 2646 1210 2716 culpae
1250 2659 1369 2701 esse
1413 2642 1583 2699 voluit
1632 2641 1857 2697 donator
1891 2649 1946 2695 et
1983 2654 2097 2710 pte-

504 2740 754 2812 naerse
780 2748 863 2797 est
885 2740 1027 2795 enim
1063 2738 1154 2810 qui
1198 2753 1263 2793 ex
1306 2737 1479 2792 usuris
1525 2743 1581 2791 et
1628 2734 1905 2805 iniquitate
1947 2741 2097 2790 eruet

507 2836 716 2891 animas
762 2833 1093 2889 credentium
1142 2830 1337 2904 (Psal.
1396 2846 1519 2885 Lxxr
1549 2870 1565 2896 ,
1629 2829 1760 2899 Μ),
1811 2834 1970 2897 atque
2028 2841 2097 2882 ex

507 2928 673 2984 corde
712 2928 765 2982 in
805 2940 1129 2996 unoquoque
1173 2923 1460 2979 dicentium
1506 2939 1518 2975 :
1563 2920 1723 2977 Credo
1772 2920 1939 2975 videre
1966 2919 2098 2973 bona

513 3018 717 3073 Domini
762 3018 816 3071 in
869 3025 1004 3071 terra
1054 3016 1319 3070 viventium
1367 3012 1559 3084 (Psal.
1606 3028 1767 3078 xxvi,
1808 3010 1922 3083 15).
1971 3009 2098 3067 Haec

510 3117 654 3163 terra
676 3149 691 3173 ,
734 3124 842 3163 non
881 3115 1095 3162 terreno
1116 3107 1205 3162 vel
1229 3114 1474 3168 mortuo,
1501 3103 1598 3159 sed
1635 3102 1840 3159 caelesti
1867 3101 2096 3173 quodam

510 3199 671 3255 modo
697 3214 761 3254 ac
784 3200 906 3254 vivo
930 3198 1095 3254 corde
1121 3197 1544 3269 concupiscenda
1568 3204 1671 3253 est.
1695 3196 1814 3267 Ipsa
1842 3203 1925 3253 est
1952 3196 2094 3252 enim

510 3292 595 3347 cui
626 3292 677 3345 in
706 3291 914 3363 psalmo
933 3291 1040 3345 alio
1068 3289 1300 3361 ﬂagrans
1324 3289 1538 3360 quidam
1558 3288 1676 3360 ejus
1704 3304 1885 3344 amore
1910 3298 1963 3344 et
1988 3288 2098 3344 ala-

510 3386 673 3440 criter
718 3392 942 3443 cantans
982 3385 1113 3440 dicit
1140 3403 1156 3417 θ
1181 3386 1312 3455 Spes
1350 3401 1461 3440 mea
1489 3401 1540 3441 es
1567 3393 1655 3451 tu,
1686 3387 1849 3457 portio
1891 3403 2002 3441 mea
2041 3388 2098 3442 in

513 3484 646 3530 terra
664 3477 931 3532 viventium
960 3475 1133 3550 (Prol.
1165 3493 1305 3545 cxu,
1338 3474 1420 3549 6).
1450 3476 1532 3532 Ad
1556 3492 1714 3549 quam
1745 3477 1821 3533 illi
1850 3478 2093 3547 tendunt,

510 3567 598 3638 qui
642 3568 877 3623 vitaliter
913 3568 1236 3624 mortiﬁcant
1279 3568 1519 3624 membra
1546 3584 1642 3625 sua
1669 3584 1831 3640 super
1859 3577 2053 3627 terram
2078 3587 2092 3625 :

511 3674 615 3714 non
655 3660 893 3741 membra
923 3659 1115 3732 quibus
1142 3660 1385 3731 corporis
1414 3659 1597 3717 mundi
1640 3659 1796 3731 hujus
1838 3674 2098 3732 compago

509 3752 785 3817 consistit,
816 3752 910 3808 sed
940 3752 1027 3807 illa
1054 3751 1294 3808 membra
1325 3751 1512 3823 quibus
1534 3752 1726 3807 animae.
1749 3752 1972 3809 virilitas
1999 3752 2099 3807 mi-

509 3842 806 3900 serabiliter
862 3844 1179 3899 inﬁrmatur.
1244 3844 1703 3913 Apertissimeea
1755 3846 2099 3903 dinumerans

509 3950 573 3991 ac
612 3936 897 4006 designans
924 3937 1028 3990 Vas
1061 3936 1337 3992 electionis
1380 3936 1576 3992 Paulus
1617 3937 1890 4008 apostolus
1931 3937 2093 3993 dicit:

516 4048 535 4079 ι
567 4026 876 4083 Mortiﬁcate
923 4026 1160 4083 membra
1200 4036 1411 4094 vestra,
1460 4043 1580 4098 qua:
1626 4037 1751 4084 sunt
1799 4042 1960 4100 super
1989 4036 2099 4085 ter-

1746 4119 2102 4189 perturbatio-

510 4223 672 4275 nem,
717 4210 1205 4281 concupiscentiam
1248 4210 1483 4277 malam,
1525 4217 1579 4266 et
1618 4210 1930 4278 avaritiam,
1981 4226 2100 4281 quas

510 4305 594 4353 est
638 4297 899 4355 idolorum
943 4300 1173 4357 servitus
1197 4321 1216 4354 ι
1249 4300 1471 4371 (Colon.
1500 4317 1584 4369 ιιι,
1624 4299 1703 4373 5).
1736 4302 1872 4358 Ecce
1899 4317 2018 4373 qua:
2044 4302 2099 4358 in

509 4388 611 4446 hac
638 4399 781 4446 terra
811 4391 1149 4447 morientium
1174 4392 1496 4448 mortiﬁcare
1524 4390 1783 4462 debeatis,
1806 4394 1894 4465 qui
1917 4395 1971 4449 in
2010 4393 2101 4451 illa

510 4491 657 4538 terra
687 4484 974 4540 viventium
1005 4484 1186 4540 vivere
1212 4485 1606 4555 concupiscitis.
1636 4485 1724 4541 Sic
1751 4500 1877 4557 ergo
1904 4485 2102 4541 efﬁcia-

508 4576 637 4630 mini
681 4576 918 4632 membra
957 4574 1187 4642 Christi,
1216 4586 1272 4633 ut
1300 4592 1407 4632 non
1436 4593 1496 4633 ea
1528 4578 1759 4645 tollatis,
1798 4587 1854 4633 et
1895 4577 2101 4634 faciatis

509 4666 757 4722 membra
799 4668 1118 4725 meretricis.
1147 4669 1277 4736 Qua:
1302 4670 1444 4725 enim
1471 4670 1693 4738 turpior,
1722 4685 1841 4739 qum
1868 4668 2100 4726 dedeco-

509 4757 681 4813 rosior
705 4768 788 4815 est
816 4759 1071 4835 meretrix
1101 4802 1116 4828 ,
1146 4776 1306 4832 quam
1351 4761 1464 4831 ipsa
1484 4776 1603 4832 qua:
1625 4761 1792 4830 prima
1823 4761 1994 4832 posita
2018 4772 2103 4820 est

509 4847 810 4915 fornicatio,
846 4859 902 4906 et
939 4851 1124 4907 ultima
1170 4850 1430 4907 avaritia?
1450 4851 1619 4920 Quam
1648 4851 1907 4908 idolorum
1937 4855 2104 4909 servi-

510 4948 674 4995 tutem
714 4943 975 4997 veraciter
1001 4942 1322 5013 appellavit;
1347 4943 1470 5013 quia
1493 4958 1598 4997 nou
1630 4942 1802 4999 solum
1832 4945 1883 4999 in
1913 4960 2104 5016 corpo-

508 5029 582 5085 ris
607 5030 755 5097 luxu,
779 5032 873 5087 sed
897 5033 1059 5089 etiam
1083 5035 1137 5088 in
1165 5034 1360 5089 anima:
1383 5033 1529 5090 lluxu
1551 5050 1841 5106 agnoscere
1861 5046 1915 5093 et
1937 5039 2102 5096 vitare

508 5121 717 5179 debetis
738 5167 753 5191 ,
782 5141 850 5181 ne
880 5126 1024 5181 illam
1057 5126 1414 5196 perditionem
1446 5128 1668 5184 minacis
1689 5137 1743 5185 et
1761 5131 1891 5185 casti
1921 5130 2101 5201 sponsi

508 5231 571 5271 ac
606 5218 731 5285 justi
772 5217 967 5287 judicis
1030 5219 1311 5274 incurratis
1336 5261 1352 5285 ,
1394 5222 1478 5276 cui
1528 5221 1721 5277 dicitur
1766 5241 1779 5278 :
1824 5222 2104 5279 Perdidisti

510 5324 706 5362 onmem
738 5310 826 5381 qui
851 5311 1133 5381 fornicatur
1175 5311 1264 5365 abs
1304 5321 1370 5366 le.
1417 5313 1625 5381 Quanto
1658 5315 1872 5385 justius,
1905 5324 2103 5386 quanto

511 5401 713 5465 utilius,
742 5401 795 5456 iu
826 5401 1002 5456 cordis
1029 5401 1094 5457 ad
1120 5417 1246 5471 eum
1274 5404 1520 5459 castitate
1547 5405 1738 5475 singuli
1765 5405 1962 5477 quique
1987 5406 2103 5462 cla-

513 5490 726 5544 mabitis
755 5509 768 5544 :
800 5490 932 5545 Mihi
957 5494 1218 5549 adluerere
1243 5493 1370 5562 Deo,
1403 5495 1589 5550 bonum
1614 5506 1688 5550 est
1721 5495 1889 5569 (Psal.
1918 5514 2063 5555 Lxxu
2084 5486 2109 5569 ,’

512 5583 583 5638 27
612 5594 658 5638 et
685 5584 817 5655 ‘28)?
839 5586 984 5641 lianc
1006 5587 1366 5643 adhzcsionem
1397 5588 1483 5643 illa
1512 5589 1729 5645 dilectio
1755 5599 2003 5661 praestat,
2034 5592 2103 5649 de

511 5690 611 5743 qua
657 5675 903 5733 similiter
944 5677 1177 5735 dicitur:
1204 5678 1418 5734 Dilectio
1460 5680 1569 5736 sine
1607 5682 1957 5751 simulatione;
1985 5685 2103 5743 odio

515 5763 750 5823 habentes
778 5767 990 5839 malum,
1018 5770 1327 5828 adhmentes
1356 5772 1484 5829 bono
1512 5771 1688 5849 (Rom.
1721 5789 1814 5846 xu,
1837 5774 1919 5851 9).

1762 320 1820 377 S.
1861 315 2228 375 AUCUSTINI
2268 314 2569 372 EPISCOPI

3640 316 3776 375 1080

2222 488 2227 493 .
2273 435 2500 492 CAPUT
2522 436 2683 491 Vl.--
2695 438 2752 493 6.
2771 438 2920 505 Quod
2937 442 3042 497 illis
3061 450 3313 497 certamen
3325 439 3592 496 indictum.
3614 435 3787 493 Enr—-

2201 529 2387 582 ciamus
2411 528 2647 600 adjurato
2673 528 2860 587 Christi
2876 536 3105 600 nomine.
3130 533 3409 589 Maledicta
3430 533 3485 587 in
3504 531 3782 587 diabolum.

2204 615 2457 687 Expulsio
2482 620 2690 676 diaboli.
2731 624 2869 680 Ecce
2893 625 2985 683 ubi
3003 634 3088 682 est
3106 626 3336 682 stadium
3361 622 3597 682 vestrum
3615 666 3630 688 .
3656 639 3789 682 ecce

2202 708 2289 764 ubi
2338 710 2476 766 lucta
2518 715 2860 783 certantium,
2909 731 3036 773 ecce
3059 717 3149 772 ubi
3202 732 3391 773 cursus
3430 716 3785 784 currentium,

2203 813 2331 855 ecce
2357 800 2446 856 ubi
2476 803 2778 862 ferientium
2806 807 3113 881 pugillatus.
3152 808 3209 865 Si
3244 808 3410 863 vultis
3446 807 3787 878 perniciosis-

2201 890 2394 945 simum
2440 894 2991 961 colluctatoremﬁdei
3017 898 3229 955 lacertis
3258 896 3498 963 elidere;
3541 906 3787 968 proster-

2199 980 2311 1036 nite
2334 984 2493 1048 mala,
2523 987 2939 1057 complectimini
2969 988 3130 1044 bona.
3170 987 3231 1045 Si
3255 988 3415 1044 vultis
3435 988 3513 1043 sic
3539 1004 3781 1054 currere,

2197 1083 2257 1130 ut
2277 1080 2780 1148 'comprehendatis;
2834 1080 3000 1152 fugite
3054 1081 3334 1153 iniquum,
3387 1080 3783 1150 consequimini

2192 1167 2417 1239 justum.
2447 1170 2502 1226 Si
2532 1172 2693 1227 vultis
2713 1173 2790 1229 sic
2810 1174 3092 1244 pugillare,
3121 1180 3178 1228 ut
3202 1187 3307 1228 non
3333 1186 3515 1228 aerem
3537 1170 3782 1239 casdatis,

2196 1259 2291 1314 sed
2314 1259 2523 1316 hostem
2538 1263 2762 1321 viriliter
2780 1263 3012 1331 feriatis;
3034 1266 3291 1335 castigate
3309 1278 3507 1333 corpus
3520 1270 3783 1339 vestrum,

2195 1359 2251 1406 et
2282 1351 2336 1407 in
2378 1355 2688 1411 servitutem
2714 1357 2957 1428 redigite,
2989 1365 3049 1412 ut
3081 1356 3149 1411 ab
3172 1356 3423 1413 omnibus
3449 1356 3787 1411 abstinentes

2196 1458 2260 1499 ac
2289 1444 2529 1515 legitime
2553 1456 2857 1516 certantes,
2902 1449 3076 1505 bravii
3115 1448 3432 1511 ccelestiset
3458 1447 3786 1515 incorrupta:

2197 1548 2410 1590 corona:
2452 1538 2735 1607 participes
2780 1540 3141 1610 triumphetis.
3172 1539 3324 1609 Quod
3362 1540 3418 1594 in
3450 1538 3603 1594 vobis
3631 1536 3802 1608 adju-.

2196 1634 2315 1680 rato
2338 1628 2507 1682 vestri
2544 1628 2915 1699 Redemptoris
2948 1630 3164 1686 nomine
3202 1628 3454 1695 facimus,
3485 1627 3590 1683 hoc
3617 1626 3799 1689 vestri

2194 1718 2375 1774 cordis
2403 1721 2726 1778 scrutatione
2767 1730 2822 1778 et
2862 1723 3309 1778 contribulatioue
3347 1720 3634 1791 complete.
3660 1719 3787 1774 ‘Nos

2194 1809 2443 1879 precibus
2467 1811 2533 1866 ad
2556 1812 2720 1868 Deum
2750 1821 2804 1868 et
2828 1813 3283 1885 increpationibus
3308 1813 3587 1869 inveterati
3611 1811 3786 1867 hostis

2199 1898 2340 1957 dolls
2366 1903 2664 1960 resistimus
2702 1906 2717 1937 ⁸
2745 1922 2759 1959 :
2791 1920 2889 1960 vos
2909 1905 3046 1960 votis
3083 1915 3140 1961 et
3172 1905 3335 1961 vestri
3368 1904 3546 1960 cordis
3580 1900 3788 1959 contri-

2196 1992 2343 2049 tione
2364 1995 2652 2063 persistite,
2681 2005 2739 2052 ut
2762 1998 3024 2053 eruamini
3047 1997 3118 2054 de
3138 2006 3399 2069 potestate
3419 1996 3785 2064 tenebrarum,

2198 2093 2253 2140 et
2284 2085 2677 2143 transferamini
2716 2089 2772 2143 in
2818 2105 3039 2161 regnum
3075 2090 3333 2146 claritatis
3366 2089 3504 2160 ejus.
3548 2088 3662 2144 Hoc
3700 2095 3789 2143 est

2196 2194 2339 2234 nunc
2380 2195 2514 2249 opus
2548 2190 2820 2247 vestrum,
2869 2192 2924 2238 et
2960 2182 3049 2239 hic
3094 2183 3259 2247 labor.
3280 2191 3481 2239 vester.
3526 2181 3696 2252 Digna
3728 2181 3788 2234 in

2196 2285 2319 2326 eum
2347 2287 2444 2327 nos
2472 2274 2583 2329 suis
2619 2275 2869 2345 nequitiis
2894 2275 3172 2331 maledicta
3198 2275 3538 2346 congerimus
3562 2290 3577 2327 :
3604 2281 3787 2327 vestra

2196 2375 2293 2416 vos
2312 2362 2490 2431 potius
2513 2364 2788 2420 aversione
2813 2380 2876 2420 ac
2912 2366 2998 2436 pia
3032 2366 3428 2422 renuntiatione
3455 2363 3788 2437 gloriosissi-

2196 2468 2343 2507 mum
2388 2455 2437 2508 ei
2466 2465 2737 2511 certamen
2782 2456 3020 2512 indicite.
3064 2456 3404 2523 Atterendus,
3445 2455 3782 2522 vinciendus,

2196 2543 2566 2601 excludendos
2591 2555 2673 2601 est
2701 2546 2793 2602 Dei
2816 2555 2871 2603 et
2891 2555 3092 2615 vester,
3116 2562 3180 2604 ac
3200 2548 3284 2604 sui
3317 2547 3495 2618 potius
3512 2546 3787 2603 inimicus.

2196 2632 2327 2688 Nam
2360 2634 2507 2691 furor
2534 2637 2652 2706 ejus
2681 2647 2734 2693 et
2762 2638 2815 2693 in
2848 2639 3018 2696 Deum
3046 2648 3362 2710 protervus,
3405 2648 3461 2696 et
3498 2639 3789 2696 adversum

2196 2744 2290 2784 vos
2308 2729 2561 2797 nefarius,
2577 2732 2694 2787 etin
2705 2746 2766 2788 se
2777 2732 3110 2803 perniciosus
3123 2732 3441 2790 ostenditur.
3456 2732 3792 2790 Anheletus-

2200 2837 2515 2893 qucquaquo
2543 2816 2737 2893 credes,
2755 2835 3020 2896 supponat
3038 2827 3380 2899 muscipulas,
3397 2835 3622 2884 exacuat
3641 2828 3791 2883 mul-

2202 2911 2408 2980 tiplices
2439 2922 2496 2969 et
2531 2914 2745 2971 dolosas
2765 2916 2972 2988 linguas
2991 2933 3116 2975 suas
3142 2936 3157 2972 :
3190 2918 3367 2974 omnia
3396 2933 3598 2975 venena
3635 2918 3791 2989 ejus,

2199 3003 2468 3060 obtestato
2483 3008 2699 3064 nomine
2713 3008 3024 3079 Salvatoris,
3045 3011 3237 3066 vestris
3247 3010 3498 3081 cordibus
3507 3010 3787 3068 etfundite.
3833 3051 3840 3056 -

2267 3093 2496 3152 CAPUT
2537 3097 2650 3151 VII.
2700 3127 2770 3139 —-
2815 3099 2867 3154 7.
2916 3099 2998 3154 Ad
3056 3101 3793 3174 spiritualem‘renascentiam

2200 3195 2531 3257 cooperantur
2567 3187 2768 3244 Christo
2801 3198 2850 3244 et
2892 3189 3153 3246 Ecclesia.
3206 3191 3476 3262 Quidquid
3524 3191 3796 3248 facinoro-

2200 3278 2432 3337 sissimis
2460 3283 2909 3353 suggestionibus,
2938 3284 3194 3355 quidquid
3224 3284 3650 3357 ﬂagitiosissimis
3672 3285 3797 3342 ille-

2200 3372 2380 3429 cebris
2408 3374 2758 3445 immittebat,
2792 3392 2934 3432 nunc
2977 3377 3354 3446 exhaurietur,
3385 3379 3795 3449 nunepublica-

2199 3461 2363 3519 bitur.
2416 3465 2569 3523 Nune
2626 3468 2968 3538 populabitur
3024 3469 3303 3540 captivitas
3346 3469 3502 3541 ejus,
3548 3485 3652 3540 qua
3692 3484 3798 3526 vos

2201 3556 2478 3627 tyrannica
2514 3558 2840 3628 possidebat.
2871 3560 3160 3616 Avertetur
3195 3575 3227 3615 a
3255 3560 3406 3616 vobis
3433 3560 3641 3631 jugum,
3680 3576 3798 3632 quo

2200 3661 2299 3702 vos
2340 3647 2643 3704 immaniter
2680 3649 3032 3720 deprimebat,
3064 3659 3120 3707 et
3144 3650 3261 3720 ejus
3285 3650 3581 3707 cervicibus
3615 3651 3799 3721 impo~

2201 3750 2359 3798 netur
2390 3759 2403 3795 :
2433 3750 2641 3797 tantum
2661 3757 2758 3797 vos
2785 3744 2837 3798 in
2868 3742 3239 3799 liberationem
3262 3751 3520 3818 vestram,
3550 3743 3792 3800 Redem-

2201 3833 2340 3903 ptori
2384 3841 2564 3889 vestro
2601 3843 2838 3889 vestrum
2880 3833 3117 3904 praebete
3164 3849 3508 3892 consensum.
3562 3834 3795 3904 Sperate

2204 3923 2258 3979 in
2293 3938 2439 3990 eum,
2472 3939 2631 3980 omne
2657 3925 2945 3981 concilium
2988 3941 3142 3981 nova:
3166 3926 3357 3997 plebis,
3401 3936 3456 3980 et
3478 3925 3673 3996 popule
3702 3926 3799 3996 qui

2203 4015 2442 4071 nasceris
2465 4057 2480 4084 ,
2511 4032 2667 4087 quem
2713 4017 2836 4073 fecit
2865 4007 3143 4085 Dominus,
3185 4018 3393 4074 enitere
3425 4025 3483 4072 ut
3508 4018 3800 4074 salubriter

2202 4107 2428 4178 pariaris
2448 4146 2464 4173 ,
2498 4121 2567 4163 ne
2606 4107 2842 4163 feraliter
2872 4107 3174 4163 abortiaris.
3221 4096 3375 4165 Ecce.
3396 4116 3579 4164 uterus
3606 4107 3801 4164 matris

2206 4197 2489 4266 Ecclesiae,
2516 4212 2643 4254 ecce
2669 4206 2727 4253 ut
2753 4206 2806 4254 te
2833 4199 3024 4270 pariat,
3051 4207 3211 4270 atque
3239 4199 3293 4254 in
3322 4199 3496 4255 lucem
3526 4198 3646 4256 ﬁdei
3675 4214 3804 4270 pro-

2205 4287 2403 4356 ducat,
2450 4287 2661 4344 laborat
2705 4289 2758 4344 in
2788 4290 2990 4362 gemitu
3029 4305 3151 4346 suo.
3198 4289 3374 4346 Nolite
3406 4299 3583 4346 vestra
3621 4278 3803 4362 impa-

2207 4377 2393 4433 tientia
2422 4378 2625 4434 viscera
2673 4388 2909 4435 materna
2949 4389 3271 4448 concutere,
3296 4373 3373 4437 'et
3413 4391 3594 4450 partus
3628 4382 3802 4438 vestri

2203 4471 2394 4541 januas
2438 4481 2744 4542 angustare.
2793 4472 2997 4544 Popule
3025 4472 3117 4544 qui
3160 4472 3385 4540 crearis,
3435 4472 3592 4527 lauda
3622 4471 3802 4528 Deum

2209 4570 2355 4618 tuum
2401 4581 2414 4617 :
2462 4564 2657 4631 lauda,
2699 4563 2791 4635 qui
2828 4565 3060 4631 crearis,
3099 4565 3258 4620 lauda
3296 4565 3579 4620 Dominum
3606 4575 3799 4621 .tuum.

2207 4656 2345 4724 Quia
2375 4656 2613 4721 laetaris,
2652 4657 2806 4712 lauda
2837 4676 2851 4712 :
2878 4658 2999 4729 quia
3028 4658 3209 4725 aleris,
3237 4656 3393 4713 lauda
3427 4676 3440 4712 :
3471 4658 3593 4728 quia
3621 4659 3802 4713 nutri-

2205 4752 2302 4817 rls,
2332 4749 2535 4821 proﬁce
2562 4750 2821 4821 sapientia
2850 4760 2905 4807 et
2927 4760 3105 4808 :etate.
3133 4752 3228 4808 llle
3256 4766 3468 4823 quoque
3492 4751 3589 4806 has
3615 4766 3804 4806 moras

2208 4850 2394 4910 partus
2419 4842 2727 4912 temporalis
2753 4842 2985 4909 admisit,
3008 4843 3098 4914 qui
3126 4858 3226 4899 nec
3250 4842 3513 4898 brevitate
3540 4842 3804 4912 temporis

2208 4934 2407 5002 deficit,
2437 4949 2538 4991 nec
2559 4935 2891 5006 longitudine
2928 4935 3035 4990 ulla
3076 4936 3329 5006 temporis
3359 4934 3588 5004 proﬁcit,
3632 4933 3730 4989 sed
3763 4949 3798 4991 a

2207 5025 2395 5083 diebus
2421 5030 2638 5083 teternis
2672 5038 2892 5083 cunctas
2921 5029 3193 5099 angustias
3221 5039 3275 5083 et
3306 5037 3519 5099 tempus
3546 5027 3799 5084 exclusit.

2211 5118 2388 5175 Nolite
2412 5120 2519 5186 hic,
2565 5121 2705 5176 sicut
2732 5121 2994 5192 benignus
3029 5120 3308 5191 parvulum
3345 5120 3574 5175 nutritor
3611 5119 3790 5175 admo

2210 5223 2337 5280 net,
2386 5214 2533 5284 pueri
2559 5213 2687 5285 efﬁci
2715 5213 2958 5268 mentibus
2977 5256 2991 5280 ,
3040 5214 3129 5268 sed
3159 5214 3352 5267 malitia
3379 5215 3578 5283 parvuli
3606 5223 3794 5280 estote,

2213 5305 2462 5359 mentibus
2492 5305 2703 5376 perfecti
2726 5305 2835 5359 sitia
2865 5303 2908 5376 (Ι
2935 5302 3052 5359 Cor.
3083 5320 3196 5371 xxv,
3224 5303 3336 5377 20).
3380 5297 3462 5361 Ut'
3474 5305 3803 5375 Competen-

2214 5404 2297 5453 tes
2331 5406 2705 5467 competenter
2743 5397 3034 5453 adolescite
3079 5398 3133 5452 in
3156 5396 3404 5466 Christo,
3450 5407 3504 5452 ut
3548 5398 3598 5451 in
3624 5398 3801 5452 virum

2214 5489 2510 5560 perlectum
2536 5489 2845 5559 juveniliter
2869 5490 3205 5546 accrescatis.
3239 5489 3550 5556 Lzelilicate,
3578 5499 3637 5544 ut
3661 5490 3802 5545 scri—

2216 5590 2366 5652 ptum
2398 5591 2496 5648 est,
2520 5584 2756 5652 profectu
2784 5582 3057 5653 sapientia:
3082 5593 3272 5638 vestra:
3301 5594 3504 5652 patrem
3532 5592 3797 5649 vestrum,

2215 5683 2269 5734 et
2296 5674 2463 5729 nolite
2508 5673 2717 5729 defectu
2748 5685 2924 5729 vestro
2947 5675 3265 5731 contristare
3301 5683 3525 5732 matrem
3561 5682 3800 5732 vestram

2280 5793 2295 5826 ι
2320 5789 2660 5840 Gerutanensis
2681 5795 2784 5857 Ms,
2806 5788 3067 5843 insistimm
3088 5786 3232 5843 dolis.
