4070 6330
374 260 510 320 1081

378 376 557 449 (Prov.
582 392 638 441 x,
663 377 717 444 1,
745 385 792 432 et
826 391 916 443 xv,
950 375 1068 446 ‘20).
1881 418 1893 429 .

445 468 675 525 CAPUT
711 468 846 524 VIII.
895 498 965 509 ——
1013 469 1065 524 8.
1105 466 1267 522 Nova:
1311 464 1704 538 regenerationis
1769 465 1954 536 gratia.

381 563 570 617 Amate
597 561 738 632 quod
785 562 951 616 eritis.
981 561 1143 616 Eritis
1171 561 1312 616 enim
1350 559 1442 614 ﬁlii
1486 559 1610 625 Dei,
1654 566 1708 614 et
1741 557 1833 612 filii
1862 557 1956 612 ad-

375 647 630 716 optionis.
657 646 769 701 Hoc
802 645 953 701 vobis
974 645 1136 717 gratis
1158 644 1399 711 dabitur,
1421 644 1691 715 gratisque
1715 642 1958 698 confere-

377 748 484 794 tur.
530 738 586 794 In
633 755 739 810 quo
779 740 977 811 largius
1011 739 1336 810 uberiusque
1365 739 1718 806 abundabitis,
1757 746 1958 810 quanto

378 831 500 900 plus
526 831 660 902 grati
686 831 737 887 ei
767 847 797 886 a
835 848 941 902 quo
979 832 1096 887 haec
1132 833 1434 902 accepistis,
1472 830 1697 887 fueritis.
1724 832 1804 886 Ad
1837 847 1957 886 eum

378 923 596 990 ambite,
620 924 710 994 qui
740 925 887 978 novit
905 925 996 995 qui
1017 925 1122 980 sint
1151 925 1285 994 ejus.
1312 925 1461 979 Tune
1481 933 1658 978 autem
1686 941 1789 978 non
1812 923 1961 978 dedi-

325 1021 330 1024 ’
379 1015 627 1086 gnabitur
654 1031 750 1071 vos
793 1015 933 1070 inter
958 1032 1052 1071 eos
1090 1017 1177 1087 qui
1210 1017 1324 1086 ejus
1349 1025 1472 1071 sunt
1497 1032 1684 1083 nosse,
1713 1018 1758 1070 si
1787 1019 1963 1072 nomi-

381 1116 568 1162 nantes
590 1122 782 1162 nomen
805 1107 1040 1172 Domini,
1077 1109 1144 1163 ab
1177 1108 1430 1178 injustitia
1453 1108 1712 1164 recedatis
1737 1107 1803 1181 (ll
1827 1108 1958 1163 Tim.

380 1217 440 1268 ιι,
467 1199 581 1270 19).
608 1200 866 1255 Parentes
891 1201 1068 1255 carnis
1094 1209 1286 1255 vestra:
1323 1200 1547 1264 habetis,
1592 1200 1677 1253 vel
1701 1199 1962 1255 habuistis

380 1294 434 1348 in
461 1292 676 1359 saeculo,
719 1293 808 1363 qui
833 1307 927 1347 vos
953 1292 1005 1346 in
1036 1292 1270 1346 laborem
1301 1301 1458 1361 atque
1484 1292 1550 1346 ad
1583 1307 1792 1361 poenam
1819 1307 1979 1346 mor-

382 1393 596 1455 temque
621 1394 960 1455 genuerunt:
986 1385 1078 1440 sed
1106 1385 1227 1455 quia
1265 1384 1486 1439 feliciori
1525 1385 1750 1440 orbitate
1791 1393 1964 1455 potest

377 1477 744 1547 unusquisque
765 1486 996 1532 vestrum
1022 1477 1086 1532 de
1109 1477 1302 1531 talibus
1327 1477 1507 1530 dicere
1529 1519 1542 1540 ,
1578 1475 1734 1529 Pater
1757 1493 1893 1530 meus
1917 1485 1964 1530 et

378 1578 544 1623 mater
567 1586 676 1622 mea
707 1569 1072 1640 dereliquerunt
1105 1586 1184 1623 me
1229 1568 1399 1642 (Psal.
1435 1585 1558 1622 χχιιι
1593 1611 1606 1633 ,
1641 1568 1728 1640 10)
1758 1585 1771 1631 ;
1815 1569 1961 1622 illttm

379 1662 613 1728 Patrem,
639 1662 948 1724 Christiane,
993 1677 1244 1732 agnosce,
1280 1663 1368 1732 qui
1399 1663 1502 1715 illis
1542 1662 1964 1732 relinquentibus

381 1755 615 1824 suscepit
653 1763 703 1808 te
745 1770 810 1809 ex
853 1764 1004 1810 utero
1045 1755 1230 1809 matris
1267 1764 1390 1819 tum,
1429 1755 1514 1808 eui
1549 1754 1760 1824 quidam
1797 1753 1966 1808 fidelis

385 1843 606 1899 fideliter
645 1844 808 1912 dicit,
851 1844 926 1898 De
961 1854 1127 1899 ventre
1168 1846 1343 1898 matris
1371 1861 1493 1898 mea:
1528 1854 1580 1896 tu
1625 1861 1674 1898 es
1718 1853 1967 1913 protector

381 1953 521 1989 meus
544 1934 712 2004 (Psal.
739 1953 849 1999 XXI,
879 1935 990 2007 11).
1029 1937 1187 1990 Pater
1209 1937 1348 1990 Deus
1369 1944 1477 1998 cst,
1513 1943 1681 1990 mater
1703 1935 1964 1990 Ecclesia.

381 2027 561 2097 Longe
583 2027 738 2081 aliter
765 2028 830 2081 ah
858 2028 938 2082 his
967 2028 1372 2098 generabimini,
1400 2042 1556 2096 quam
1583 2027 1650 2080 ab
1675 2026 1778 2080 illis
1801 2027 1968 2095 geniti

380 2118 621 2172 fueratis.
675 2119 781 2172 llos
813 2129 1015 2188 partus,
1065 2134 1170 2172 non
1217 2118 1387 2184 labor,
1431 2133 1535 2172 non
1581 2119 1814 2183 miseria,
1861 2133 1969 2173 non

382 2208 570 2276 ﬂetus,
609 2225 716 2264 non
751 2225 934 2275 mors;
981 2211 1075 2265 sed
1117 2211 1358 2275 facilitas,
1408 2210 1654 2274 felicitas,
1695 2211 1964 2281 gaudium,

384 2301 598 2370 vitaque
639 2301 912 2370 suscipiet.
959 2302 1058 2356 Per
1096 2303 1217 2357 illos
1269 2303 1622 2357 lamentabilis
1660 2305 1966 2374 generatio;

384 2408 480 2463 per
520 2393 617 2447 hos
651 2393 880 2462 optanda
917 2395 1190 2464 generatio
1216 2404 1317 2450 est.
1348 2395 1427 2448 Illi
1454 2411 1551 2450 nos
1583 2395 1887 2466 generando
1917 2397 1969 2450 in

385 2493 641 2538 aeternam
669 2499 882 2554 poenam
909 2495 1186 2555 generant,
1221 2496 1437 2556 propter
1464 2497 1698 2542 veterem
1720 2489 1927 2557 culpam
1953 2505 1965 2540 :

387 2574 475 2628 isti
516 2575 901 2646 regenerando,
939 2592 1039 2632 nec
1067 2593 1280 2648 pmnam
1318 2577 1520 2633 faciunt
1552 2594 1847 2644 remanere,
1877 2595 1974 2634 nec

387 2669 617 2739 Culpam.
663 2669 790 2725 Htec
824 2680 905 2724 est
950 2671 1036 2725 illa
1081 2673 1414 2741 regeneratio
1459 2673 1970 2742 quazrentium.eum,

388 2762 714 2830 qucerentium
747 2762 928 2831 faciem
950 2763 1044 2817 Dei
1071 2763 1232 2819 Jacob
1257 2764 1427 2836 (Psal.
1457 2782 1605 2830 χχιιι,
1634 2767 1710 2835 6).
1738 2766 1974 2821 Ilumiles

388 2852 610 2923 quaerite
637 2871 650 2906 ε
679 2853 818 2922 quod
854 2871 974 2909 cum
999 2855 1332 2924 inveneritis,
1356 2857 1421 2910 ad
1452 2873 1696 2912 securam
1732 2857 1972 2912 altitudi-

389 2959 512 2998 nem
533 2943 777 2999 venietis.
808 2945 1033 3001 Infantia
1063 2958 1237 3003 vestra
1269 2949 1570 3004 innocentia
1597 2950 1719 3014 erit,
1745 2950 1973 3020 pueritia

392 3037 722 3100 reverentia,
766 3038 1123 3095 adolescentia
1170 3043 1455 3111 patientia,
1493 3042 1746 3112 juventus
1782 3043 1972 3108 virtus,

391 3130 598 3184 senium
637 3131 885 3186 meritum
910 3173 924 3198 ,
966 3145 1215 3189 senectus
1252 3134 1384 3188 nihil
1428 3135 1568 3189 aliud
1611 3151 1769 3206 quam
1809 3151 1976 3192 canus

392 3223 708 3294 sapiensque
733 3225 1053 3281 intellectus.
1099 3227 1202 3283 Per
1237 3227 1336 3282 hos
1370 3229 1622 3285 articulos
1661 3231 1747 3285 vel
1783 3229 1976 3300 gradus

389 3315 594 3380 aetatis,
641 3331 748 3372 non
791 3325 846 3372 tu
882 3320 1163 3385 evolveris,
1206 3320 1299 3376 sed
1322 3336 1642 3390 permanens
1677 3321 1972 3377 innovaris.

390 3407 506 3463 Non
527 3410 669 3465 enim
705 3420 762 3464 ut
794 3411 1005 3466 decidat
1032 3414 1176 3482 prior
1198 3414 1430 3469 secunda
1459 3414 1730 3482 succedet,
1755 3424 1847 3469 aut
1871 3424 1980 3469 ter-

392 3498 481 3552 tia:
509 3507 660 3554 ortus
684 3501 930 3555 secundm
951 3503 1052 3556 erit
1073 3503 1338 3566 interitus,
1362 3512 1453 3557 aut
1472 3512 1660 3574 quarta
1677 3505 1789 3574 jam
1813 3505 1981 3559 nasci-

393 3598 480 3644 tur
515 3600 571 3644 ut
610 3592 763 3646 tertia
795 3593 1092 3660 moriatur;
1131 3611 1238 3649 non
1273 3596 1456 3665 quinta
1489 3605 1690 3665 quartae
1726 3597 1981 3652 invidebit

392 3690 452 3735 ut
478 3690 729 3750 maneat,
781 3699 879 3738 nec
905 3685 1146 3754 quintam
1176 3695 1324 3741 sexta
1368 3689 1610 3758 sepeliet.
1660 3689 1794 3744 Cum
1822 3690 1980 3745 simul

392 3781 578 3829 aztates
609 3775 724 3830 ista:
751 3791 854 3831 non
878 3777 1111 3845 veniant,
1147 3787 1320 3833 tamen
1351 3779 1403 3834 in
1434 3780 1608 3834 anima
1636 3781 1722 3850 pia
1751 3791 1803 3836 et
1824 3781 1982 3851 justi-

393 3865 546 3920 ﬁcata
585 3868 784 3937 pariter
826 3877 880 3924 et
925 3870 1265 3926 concorditer
1305 3869 1678 3942 perseverant.
1710 3873 1802 3927 Hae
1835 3881 1886 3928 te
1914 3872 1981 3928 ad

394 3959 674 4028 septimam
716 3976 1006 4032 perennem
1055 3964 1289 4033 quietem
1334 3979 1626 4035 pacemque
1665 3966 1977 4036 perducent.

394 4047 595 4104 Tamen
625 4053 822 4118 sexies,
870 4061 928 4107 ut
971 4053 1216 4124 legimus,
1267 4054 1331 4109 de
1373 4056 1782 4112 necessitatibus
1811 4059 1982 4112 relatis

393 4143 682 4199 mortiferae
712 4145 990 4201 liberatmn
1017 4189 1031 4212 ,
1077 4148 1184 4218 jam
1215 4149 1267 4203 in
1299 4151 1524 4220 septima
1555 4165 1661 4205 non
1691 4159 1740 4206 te
1767 4160 1983 4222 tangent

395 4237 531 4292 mala
577 4236 807 4310 (Jobv,
857 4239 966 4310 19).
1021 4241 1136 4296 Non
1189 4243 1331 4297 enim
1380 4244 1660 4299 certabunt
1710 4261 1830 4316 quae
1874 4259 1980 4300 non

394 4337 569 4394 erunt,
593 4340 684 4386 aut
713 4334 1073 4402 praevalebunt
1100 4351 1215 4405 quae
1242 4351 1343 4390 nec
1370 4337 1662 4393 audebunt.
1685 4338 1760 4394 lbi
1793 4354 1982 4396 secura

395 4421 788 4489 immortalitas,
821 4425 891 4479 ibi
922 4425 1238 4481 immortalis
1271 4429 1546 4484 securitas.

465 4513 691 4571 CAPUT
721 4515 812 4570 IX.
844 4549 913 4557 —
943 4518 996 4573 9.
1023 4517 1226 4573 .Etates
1251 4521 1556 4590 spirituales.
1582 4521 1648 4576 Et
1676 4522 1815 4577 unde
1843 4523 1976 4590 hinc,

395 4604 498 4660 nisi
523 4605 590 4660 de
617 4607 982 4663 immutatione
1010 4610 1243 4666 dexterae
1271 4611 1480 4666 Excelsi
1504 4655 1518 4678 ,
1565 4615 1656 4683 qui
1702 4615 1983 4671 benedicet

397 4697 532 4752 filios
558 4707 675 4753 tuos
701 4701 752 4754 in
787 4709 858 4767 te,
883 4702 970 4771 qui
995 4713 1152 4772 ponet
1177 4706 1432 4760 terminos
1457 4713 1577 4759 tuos
1604 4722 1784 4775 pacem
1805 4707 1977 4781 (Psal.

395 4806 608 4859 CXLVII,
644 4795 730 4860 15,
765 4795 896 4865 11)?
950 4796 1265 4850 Excitamini
1295 4814 1421 4868 ergo
1449 4799 1514 4852 ad
1547 4799 1680 4867 haec,
1721 4803 1980 4869 concreti,

396 4885 650 4953 discreti;
704 4889 940 4942 concreti
985 4888 1178 4955 bonis,
1231 4889 1449 4945 discreti
1495 4906 1524 4944 a
1577 4893 1770 4946 malis:
1801 4895 2012 4960 electi,

395 4978 595 5046 dilecti,
649 4980 901 5050 prazsciti,
950 4981 1148 5047 vocati,
1203 4980 1548 5050 justificandi,
1604 4984 1980 5052 glorilicandi:

396 5080 455 5126 ut
483 5081 819 5140 crescentes,
860 5073 1295 5144 juvenesccntcs,
1329 5089 1391 5129 ac
1420 5085 1764 5131 senescentes
1792 5078 1842 5130 in
1884 5077 1985 5132 ﬁde

395 5180 457 5218 ac
485 5166 789 5221 maturitate
811 5167 1023 5233 virium,
1050 5183 1156 5221 non
1189 5171 1529 5236 corruptione
1559 5170 1916 5224 membrorum
1943 5173 1981 5234 ί,

398 5255 450 5309 in
479 5265 692 5311 senecta
717 5257 887 5320 uberi,
919 5259 1190 5328 tranquilli
1217 5261 1542 5315 annuntietis
1569 5276 1727 5330 opera
1750 5262 1981 5329 Domini,

396 5347 486 5418 qui
517 5347 640 5403 fecit
666 5349 816 5404 vobis
842 5366 1052 5420 magna,
1083 5353 1174 5422 qui
1207 5360 1393 5422 potens
1419 5363 1502 5410 est
1536 5374 1548 5409 :
1588 5355 1707 5424 quia
1735 5371 1983 5426 magnum

404 5453 599 5494 nomen
627 5440 742 5510 ejus
763 5483 776 5507 ,
818 5449 872 5497 et
895 5444 1171 5512 sapientiae
1202 5445 1319 5514 ejus
1348 5461 1450 5500 non
1479 5457 1560 5502 est
1587 5464 1856 5503 numerus.
1893 5450 1986 5504 Vi-

397 5538 508 5585 tam
534 5533 772 5603 quaeritis
839 5535 1035 5592 currite
1066 5536 1152 5590 ad
1185 5553 1306 5592 eum
1337 5540 1423 5609 qui
1466 5549 1547 5595 est
1587 5540 1705 5596 fons
1739 5543 1860 5596 vita:
1892 5561 1904 5596 :
1935 5552 1988 5599 et

398 5623 593 5695 iugatis
632 5626 864 5683 tenebris
909 5628 1238 5684 fumosarum
1286 5631 1634 5704 cupiditatum
1668 5647 1983 5702 vestrarum,

467 5739 484 5771 ⁸
506 5744 557 5789 In
576 5743 887 5792 Germanensi
909 5749 1012 5807 Ms,
1032 5744 1320 5798 morborum.

1781 253 2007 312 SERMO
2043 253 2267 310 CCXVI.

3503 253 3647 314 1083

2073 367 2320 423 videbitis
2340 369 2516 423 lumen
2548 367 2600 422 in
2625 367 2828 423 lumine
2850 367 3122 439 Unigeniti
3143 367 3284 424 illius
3303 370 3465 425 vestri
3491 380 3649 442 atque

2065 458 2462 514 clementissimi
2484 459 2875 530 Redemptoris,
2901 468 2955 515 et
2983 459 3354 531 fulgentissimi
3380 460 3650 518 illumina-

2065 551 2220 606 toris.
2251 551 2307 606 Si
2334 552 2558 608 salutem
2590 552 2847 622 qumritis,
2879 561 3092 622 sperate
3121 552 3174 606 in
3205 567 3326 607 eum
3353 553 3442 621 qui
3471 553 3650 608 salvos

2066 642 2193 698 facit
2235 652 2513 714 sperantes
2552 645 2606 698 in
2647 660 2706 700 se
2751 642 2921 718 (Psal.
2954 660 3065 710 xvi,
3100 641 3175 714 7).
3231 643 3287 699 Si
3336 643 3649 701 ebrietatem

2066 735 2396 806 deliciasque
2445 736 2745 794 sectamini.
2801 752 2900 792 nec
2947 737 3090 806 ipsas
3137 737 3367 807 negabit.
3423 737 3648 793 Tantum

2067 830 2244 885 venite
2273 839 2326 884 et
2351 829 2602 894 adorato,
2647 829 2904 899 procidite
2947 838 3001 884 et
3035 829 3239 898 plorate
3267 839 3391 884 ante
3416 845 3536 884 eum
3561 831 3648 899 qui

2068 920 2195 977 fecit
2221 937 2318 976 vos
2357 923 2376 992 (
2395 921 2538 976 Psal.
2570 938 2709 982 xcw,
2741 923 2796 993 6)
2827 942 2841 977 :
2871 933 2924 978 et
2969 909 3251 977 inebriabit
3274 939 3368 978 vos
3395 923 3461 978 ab
3489 923 3647 978 uber-

2070 1023 2177 1069 tate
2203 1014 2394 1068 domus
2420 1030 2550 1077 sure,
2581 1023 2634 1068 et
2665 1022 2898 1068 torrente
2922 1013 3230 1068 deliciarum
3259 1028 3471 1068 suarum
3503 1023 3651 1084 pota-

2068 1107 2147 1161 bit
2171 1122 2266 1160 vos
2296 1105 2465 1176 (Psal.
2497 1121 2668 1171 xxxv,
2702 1106 2781 1175 9).

2141 1196 2368 1252 CAPUT
2408 1196 2476 1250 Χ.
2507 1226 2580 1236 -
2609 1195 2695 1250 10.
2725 1194 2958 1250 Cavenda
2981 1196 3244 1267 superbia,
3283 1206 3329 1251 et
3366 1195 3652 1251 adhibenda

2070 1289 2350 1359 vigilantia.
2380 1288 2483 1344 Sed
2511 1297 2719 1354 cavete,
2748 1303 2816 1342 ne
2845 1288 3021 1341 veniat
3047 1289 3196 1343 vobis
3227 1303 3322 1358 pes
3349 1289 3610 1360 superbiae
3634 1305 3649 1356 ;

2071 1388 2124 1434 et
2150 1380 2378 1449 vigilate,
2401 1396 2467 1434 ne
2496 1395 2592 1434 vos
2619 1393 2809 1433 manus
2831 1388 3079 1433 moveant
3103 1388 3440 1448 peccatorum
3466 1379 3646 1452 (Ibid.,

2073 1474 2190 1544 12).
2217 1474 2452 1527 Primum
2475 1489 2540 1526 ne
2568 1473 2858 1542 contingat,
2883 1482 3030 1526 orate
3053 1481 3111 1525 ut
3135 1473 3202 1526 ab
3225 1474 3445 1528 occultis
3463 1473 3653 1528 vestris

2073 1565 2292 1620 mundet
2312 1579 2436 1618 vos:
2461 1563 2753 1619 secundum
2779 1579 2908 1618 vero
2935 1579 3001 1618 ne
3033 1563 3196 1618 irruat
3222 1572 3273 1618 et
3299 1563 3509 1634 dejiciat
3535 1580 3650 1631 vos,

2075 1669 2312 1731 petentes
2339 1668 2397 1713 ut
2446 1661 2512 1712 ab
2541 1659 2730 1712 alienis
2759 1667 2940 1727 parcat
2966 1657 3117 1710 vobis
3162 1655 3347 1728 (Psal.
3381 1673 3533 1721 xvut,
3564 1658 3651 1721 15,

2075 1755 2166 1822 14)
2191 1771 2206 1818 ;
2243 1755 2484 1824 jacentes
2515 1752 2713 1823 surgite
2736 1796 2751 1819 ,
2781 1761 3060 1822 surgentes
3087 1759 3221 1804 state
3245 1792 3258 1814 ,
3291 1758 3492 1804 stantes
3519 1750 3657 1804 adsi-
3719 1742 3725 1748 ’

2075 1847 2218 1912 stite,
2247 1845 2569 1900 adsistentes
2596 1845 2884 1914 persistite.
2918 1843 3092 1897 Nolite
3116 1843 3249 1896 ultra
3279 1841 3414 1896 ferre
3436 1843 3654 1911 jugum:

2075 1938 2391 2006 disrumpite
2419 1937 2829 2006 potiusvincula
2857 1950 3075 2000 eorum,
3109 1945 3161 1990 et
3189 1935 3402 2004 abjicite
3446 1952 3474 1989 a
3506 1935 3660 1990 vobis

2071 2029 2255 2098 jugum
2288 2029 2520 2096 ipsorum
2543 2027 2716 2097 (Psal.
2743 2045 2804 2094 ιι,
2829 2029 2907 2096 '5),
2932 2044 2998 2081 ne
3018 2028 3215 2081 iterum
3241 2028 3512 2081 servitutis
3532 2026 3661 2096 jugo

2076 2121 2428 2176 attineamini.
2477 2118 2730 2174 Dominus
2758 2121 2810 2173 in
2855 2120 3086 2189 proximo
3125 2129 3244 2184 est;
3296 2119 3424 2172 nihil
3461 2118 3662 2172 solliciti

2078 2215 2274 2285 fueritis
2324 2213 2580 2284 (Philipp.
2605 2229 2683 2276 tv,
2719 2214 2771 2276 5,
2807 2213 2882 2283 6).
2931 2211 3245 2266 Manducate
3285 2227 3425 2266 nunc
3469 2226 3659 2282 panem

2079 2305 2277 2360 doloris
2308 2325 2319 2359 :
2350 2306 2529 2360 veniet
2554 2313 2759 2374 tempus
2778 2347 2792 2371 ,
2829 2304 3040 2374 quando
3063 2313 3184 2373 post
3210 2318 3400 2373 panem
3431 2303 3662 2358 tristitia:

2079 2397 2228 2467 panis
2258 2397 2408 2451 vobis
2443 2397 2638 2450 laetitirc
2669 2396 3018 2450 ministretur.
3071 2394 3177 2450 Sed
3219 2395 3467 2449 meritum
3499 2394 3660 2460 illius,

2080 2490 2238 2559 hujus
2258 2498 2339 2544 est
2365 2490 2666 2554 tolerantia,
2692 2489 2917 2543 Aversio
2941 2497 2994 2543 et
3025 2487 3144 2558 fuga
3169 2497 3254 2542 tua
3275 2502 3466 2558 panem
3488 2487 3665 2542 luctus

2079 2582 2394 2636 commeruit
2422 2599 2434 2635 :
2462 2590 2795 2646 convertere,
2833 2595 3212 2651 compungere,
3242 2589 3297 2634 et
3321 2579 3434 2634 redi
3457 2579 3524 2634 ad
3555 2579 3666 2632 Do-

2081 2675 2282 2728 minum
2310 2682 2476 2727 tuum.
2511 2674 2733 2727 Paratus
2763 2681 2848 2727 est
2877 2672 2964 2726 ille
2990 2679 3312 2740 compuncto
3336 2679 3390 2726 et
3419 2670 3665 2726 redeunti

2081 2784 2270 2838 panem
2297 2767 2473 2837 gaudii
2504 2780 2756 2836 erogare;
2800 2765 2844 2820 si
2871 2780 2978 2819 non
3000 2765 3302 2820 dissimules
3328 2780 3426 2820 nec
3450 2764 3667 2819 differas

2082 2875 2178 2929 pro
2223 2858 2341 2929 fuga
2387 2869 2472 2912 tua
2522 2857 2771 2912 flebiliter
2816 2871 3150 2911 mrumnosus
3199 2871 3372 2910 orare.
3424 2855 3480 2909 In
3507 2855 3667 2910 tantis

2083 2969 2210 3024 ergo
2255 2952 2484 3006 catervis
2530 2950 2926 3008 molestantium
2971 2949 3172 3004 induite
3215 2963 3312 3002 vos
3354 2948 3565 3014 cilicio,
3615 2958 3668 3003 et

2085 3045 2360 3099 humiliate
2390 3044 2440 3097 in
2463 3043 2674 3112 jejunio
2700 3042 2933 3096 animam
2961 3051 3193 3096 vestram
3219 3042 3257 3093 ‘.
3287 3039 3546 3094 Redditur
3572 3039 3668 3093 hu-

2083 3137 2289 3192 militati
2311 3136 2454 3206 quod
2482 3134 2744 3204 superbiae
2772 3134 3090 3204 denegatum
3116 3140 3217 3186 est.
3242 3131 3310 3186 Et
3334 3145 3428 3186 vos
3455 3129 3666 3202 quidem

2084 3246 2202 3285 cum
2234 3227 2604 3284 scrutaremini
2631 3267 2646 3292 ,
2687 3233 2845 3295 atque
2891 3224 3058 3294 ipsius
3087 3222 3225 3294 fugae
3263 3237 3325 3277 ac
3351 3221 3670 3277 des‘ertionis

2085 3338 2370 3393 persuasor
2393 3322 2445 3376 in
2464 3319 2740 3374 Trinitatis
2765 3315 3059 3372 tremendae
3080 3314 3466 3384 omnipotentia
3492 3312 3672 3368 debite

2087 3415 2484 3483 increparetur,
2536 3424 2644 3464 non
2689 3409 2819 3463 estis
2863 3407 3032 3462 induti
3081 3405 3256 3462 cilicio
3295 3423 3307 3458 :
3349 3405 3443 3461 sed
3491 3413 3671 3460 tamen

2089 3504 2250 3559 vestri
2279 3503 2442 3573 pedes
2472 3502 2523 3555 in
2550 3499 2738 3556 eodem
2767 3499 2989 3570 mystice
3015 3497 3386 3553 constiterunt.

2137 3593 2378 3650 CAPUT
2433 3591 2522 3647 XI.
2553 3621 2625 3631 --
2656 3593 2740 3646 11.
2771 3590 2976 3657 Quanta
3003 3589 3097 3643 Dei
3122 3587 3463 3642 misericordia
3491 3603 3511 3642 :
3536 3603 3672 3657 quo-

2087 3689 2236 3742 modo
2273 3687 2340 3740 ad
2365 3686 2508 3739 illam
2533 3683 2947 3755 confugiendum.
2980 3680 3245 3736 Calcanda
3270 3689 3395 3734 sunt
3417 3679 3539 3733 vitia
3562 3679 3674 3734 vel-

2089 3778 2304 3846 leraque
2348 3790 2672 3844 caprarum:
2719 3773 3054 3828 sinistrorum
3101 3769 3374 3846 haedorum
3422 3768 3669 3824 conscin-

2087 3869 2246 3925 dendi
2271 3877 2394 3923 sunt
2421 3867 2598 3936 panni.
2632 3866 2762 3922 Cum
2797 3864 2966 3934 prima
2992 3862 3124 3917 stola
3155 3863 3295 3916 ultro
3317 3859 3466 3916 vobis
3489 3875 3674 3915 occur-

2088 3971 2171 4018 ret
2213 3961 2519 4016 misericors
2575 3967 2743 4029 pater,
2795 3957 2884 4026 qui
2931 3954 2998 4009 ad
3027 3963 3259 4009 vestram
3302 3951 3672 4023 depellendam

2089 4052 2392 4124 pestiferam
2420 4051 2614 4106 famem
2653 4050 2813 4104 etiam
2841 4047 3136 4117 saginatum
3179 4045 3398 4099 vitulum
3428 4059 3533 4099 non
3561 4043 3672 4098 dis-

2091 4146 2215 4200 tulit
2249 4143 2525 4198 immolare
2564 4140 2714 4212 (Luc.
2755 4156 2824 4194 xv
2850 4181 2865 4204 ,
2899 4137 3112 4208 11-52).
3146 4136 3276 4206 Ejus
3301 4135 3549 4191 carnibus
3577 4149 3673 4205 pa-

2089 4239 2330 4302 scemini,
2367 4239 2484 4306 ejus
2520 4234 2776 4305 sanguine
2822 4230 3130 4302 potabimini
3180 4248 3194 4284 :
3235 4229 3391 4298 cujus
3418 4227 3676 4284 ell‘usione

2092 4338 2307 4401 peccata
2333 4327 2691 4390 dimittuntur,
2717 4323 2896 4378 debita
2935 4321 3220 4384 donantur,
3251 4319 3473 4374 macula:
3499 4317 3677 4372 deter-

2088 4429 2304 4491 guntur.
2326 4417 2394 4474 Ut
2415 4431 2679 4487 pauperes
2701 4412 3037 4477 manducate,
3061 4419 3114 4466 et
3131 4419 3256 4465 tunc
3270 4408 3631 4464 saturabimini
3657 4426 3671 4463 :

2090 4523 2145 4567 ut
2183 4521 2239 4568 et
2266 4527 2360 4566 vos
2406 4510 2474 4565 dc
2503 4508 2608 4563 illis
2636 4507 2772 4574 sitis,
2813 4505 2881 4560 de
2920 4505 3112 4576 quibus
3140 4503 3353 4570 dicitur,
3388 4501 3678 4554 Manduca—

2089 4603 2212 4657 bunt
2259 4617 2526 4672 pauperes,
2577 4607 2624 4652 et
2665 4596 3022 4651 saturabuntur
3067 4594 3235 4667 (Psal.
3285 4607 3396 4656 xm,
3444 4591 3535 4663 27)
3572 4606 3678 4648 :ac

2090 4694 2311 4749 saturati
2358 4691 2642 4747 salubriter
2684 4691 2799 4759 ejus
2842 4703 3033 4758 panem
3078 4685 3407 4757 gloriamque
3449 4691 3676 4739 ructato.

2090 4787 2298 4842 Currite
2337 4784 2400 4838 ad
2441 4799 2584 4849 eum,
2616 4790 2670 4838 et
2710 4779 3082 4836 convertimini
3117 4796 3130 4832 :
3166 4777 3254 4832 ille
3290 4784 3373 4832 est
3409 4776 3549 4831 enim
3588 4777 3678 4846 qui

2089 4876 2350 4932 convertit
2375 4889 2617 4939 aversos,
2650 4873 2987 4942 prosequitur
3015 4869 3281 4940 fugitivos,
3326 4868 3528 4924 invenit
3557 4883 3678 4937 pcr-

2090 4970 2251 5036 ditos,
2272 4967 2516 5022 humiliat
2545 4965 2824 5035 superbos,
2852 4963 3019 5033 pascit
3040 4961 3330 5025 famelicos,
3351 4960 3508 5015 solvit
3531 4974 3680 5014 com-

2091 5058 2319 5130 peditos,
2353 5058 2615 5113 illuminat
2658 5069 2850 5121 caecos,
2879 5062 3073 5124 purgat
3116 5052 3439 5116 immundos,
3471 5060 3680 5108 recreat

2093 5153 2357 5222 fatigatos,
2386 5150 2607 5205 suscitat
2636 5155 2896 5210 mortuos,
2937 5155 3095 5214 atque
3131 5143 3377 5214 nequitia:
3406 5143 3678 5213 spiritibus

2094 5259 2369 5315 possessos
2409 5252 2459 5298 et
2489 5250 2672 5312 captos
2714 5239 2888 5309 eripit.
2935 5239 2975 5292 A
3004 5237 3195 5308 quibus
3236 5239 3356 5308 quia
3401 5252 3495 5292 vos
3536 5252 3680 5294 nunc

2096 5339 2356 5391 immunes
2382 5351 2499 5389 esse
2540 5331 2916 5404 probavimus;
2953 5329 3277 5400 gratulantes
3316 5328 3466 5384 vobis
3495 5327 3680 5383 admo-

2093 5447 2282 5484 nemus
2303 5444 2419 5493 vos,
2446 5437 2502 5482 ut
2521 5427 2719 5480 sanitas
2739 5441 2857 5495 quae
2882 5424 3124 5493 apparuit
3150 5423 3203 5478 in
3227 5429 3405 5478 vestro
3429 5433 3676 5494 corpore,

2096 5522 2209 5577 haec
2236 5523 2285 5575 in
2314 5521 2504 5575 vestris
2525 5518 2773 5573 cordibus
2802 5525 3146 5570 conservetur
3174 5517 3215 5568 '.

2160 5627 2174 5655 ι
2202 5626 2273 5672 sic
2310 5621 2647 5686 Gcrmanensis
2691 5629 2769 5669 Ms.
2820 5629 2873 5671 At
2919 5621 3062 5682 editi,
3087 5626 3131 5672 et
3175 5621 3492 5675 humiliantini
3529 5623 3580 5675 in
3599 5623 3678 5686 je-

2083 5686 2225 5748 junio
2243 5685 2512 5734 animarum
2530 5689 2812 5734 't'estt'at‘mn.

2162 5752 2181 5781 ί
2205 5748 2334 5814 Apud
2380 5755 2486 5796 Lov.
2513 5755 2703 5799 assutus
2738 5748 2816 5798 hic
2849 5755 2955 5798 erat
2977 5748 3084 5798 finis
3113 5749 3354 5801 sermonis
3373 5747 3467 5814 85,
3499 5749 3561 5800 ab
3585 5748 3680 5804 illis
