4070 6330
838 377 1066 437 saeue
1099 372 1333 432 CCIV“
1365 369 1462 444 Qa).

358 497 441 555 De
484 496 711 554 modone
755 492 961 558 Christi,
1008 489 1185 554 Pater,
1233 499 1367 557 quos
1404 479 1596 538 dedisti
1634 477 1784 545 mihi,
1812 476 1938 531 volo

429 598 489 647 ut
509 588 599 645 ubi
622 600 721 658 ego
747 598 886 667 sum,
908 582 980 639 ibi
1012 581 1120 637 sint
1148 579 1266 669 ipsi.
1293 576 1448 631 Joan.
1471 591 1586 645 cap.
1614 586 1749 661 xvu,
1776 568 1865 624 24.

788 717 989 777 Habitus
1005 713 1151 780 paulo
1183 719 1298 777 ante
1320 710 1510 777 rasam.

430 829 484 891 ί.
514 825 742 891 Christus
767 834 899 892 orat,
923 834 969 881 at
988 823 1076 883 du
1094 821 1228 894 quod
1242 828 1372 877 erat.
1396 817 1655 883 Dominus
1669 814 1941 880 Christus,

359 920 449 991 qui
480 933 578 979 nos
603 917 814 981 exstuiit
839 932 963 977 cum
987 916 1161 981 Patre,
1203 929 1361 971 orare
1395 928 1493 984 pro
1520 910 1673 967 nobis
1697 908 1947 979 dignatus

358 1023 443 1073 est
487 1014 716 1073 Patrem.
763 1010 901 1079 Quid
948 1009 1199 1069 felicitate
1246 1016 1427 1063 nostra
1470 1005 1688 1069 certius.
1732 999 1945 1072 quando

361 1106 448 1160 ille
500 1120 597 1175 pro
646 1104 798 1158 nobis
837 1110 974 1167 orat,
1023 1101 1111 1170 qui
1161 1100 1251 1154 dat
1297 1097 1441 1169 quod
1485 1096 1636 1153 orat?
1665 1095 1757 1150 Est
1801 1093 1945 1149 enim

362 1197 608 1257 Christus
652 1196 811 1257 homo
857 1202 919 1248 et
955 1193 1097 1253 Deus
1127 1209 1141 1246 :
1170 1201 1296 1249 erat
1323 1199 1380 1247 ut
1425 1191 1619 1253 homo;
1669 1188 1761 1243 dat
1802 1185 1945 1257 quod

360 1297 496 1355 orat,
540 1298 600 1345 ut
641 1288 798 1345 Deus.
843 1286 996 1352 Quod
1021 1293 1199 1341 autem
1240 1293 1422 1343 tenere
1459 1280 1686 1346 debetis,
1715 1279 1837 1334 ideo
1865 1287 1946 1333 to-

360 1392 473 1447 tum
500 1381 641 1437 Patri
684 1382 936 1451 assignat,
966 1381 1088 1450 quia
1131 1380 1288 1434 Pater
1332 1392 1438 1433 non
1473 1377 1542 1431 de
1579 1376 1672 1430 illo
1705 1384 1808 1439 est,
1834 1374 1953 1443 ipse

359 1477 427 1533 de
458 1477 614 1532 Patre
655 1484 756 1531 est.
808 1474 962 1529 I‘Tonti
1006 1472 1148 1528 unde
1176 1480 1331 1530 natus
1372 1479 1475 1536 est,
1508 1477 1676 1524 totum
1703 1468 1814 1522 dat.
1840 1465 1951 1521 Sed

362 1579 416 1625 et
446 1569 560 1639 ipse
586 1567 707 1627 iens
735 1576 892 1625 natus
930 1577 1030 1622 est.
1065 1567 1185 1635 ipse
1204 1575 1289 1621 εει
1311 1565 1453 1620 enim
1483 1562 1604 1618 fons
1630 1563 1774 1617 vitae.
1806 1561 1951 1631 Ergo

360 1661 519 1716 Pater
544 1660 664 1717 forts
690 1660 886 1724 fortuna
910 1660 1107 1730 genuit.
1130 1658 1327 1717 Geniuit
1347 1659 1560 1728 quidem
1582 1656 1784 1711 fontem
1806 1656 1946 1721 fmus;

359 1754 455 1810 sed
485 1762 539 1810 et
565 1768 828 1823 generatis
858 1752 977 1809 ﬁnus
1001 1762 1056 1807 et
1081 1752 1287 1821 genitus
1313 1749 1431 1807 foris
1462 1768 1475 1805 :
1502 1749 1953 1819 quemadmodum

361 1863 627 1919 generans
655 1847 799 1905 Deus
819 1855 872 1901 et
894 1846 1099 1917 genitus
1138 1846 1294 1907 Deus,
1323 1858 1462 1898 unus
1483 1853 1565 1898 est
1594 1843 1755 1898 Deus.
1791 1842 1950 1896 Pater

363 1954 470 1995 non
491 1948 575 1995 est
612 1939 793 2003 Filius,
828 1938 992 1993 Filius
1019 1955 1127 1993 nou
1155 1947 1239 1991 est
1264 1938 1442 2001 Pater,
1474 1936 1705 2004 Spiritus
1732 1943 1951 1991 sanctus

363 2032 643 2087 amborum
685 2047 784 2085 nec
814 2031 970 2086 Pater
995 2046 1093 2084 uec
1119 2031 1282 2087 Filius
1310 2047 1323 2083 :
1354 2028 1450 2084 sed
1496 2029 1654 2083 Pater
1699 2036 1756 2082 et
1784 2028 1953 2082 Filius

364 2133 419 2179 et
463 2124 693 2193 Spiritus
738 2133 951 2181 sanctus
990 2138 1127 2178 unus
1171 2129 1254 2179 cst
1304 2123 1463 2178 Deus.
1505 2120 1867 2176 Ediﬂcamini
1897 2120 1951 2175 in

366 2220 587 2287 unitate,
617 2236 687 2275 ne
710 2220 915 2274 eadatis
938 2220 991 2273 in
1016 2219 1373 2288 separatione.

434 2311 488 2366 9.
531 2311 694 2366 Locus
740 2312 917 2376 boum,
965 2327 1068 2381 quo
1103 2312 1246 2365 nobis
1277 2309 1599 2381 migrandum
1640 2308 1702 2361 de
1727 2307 1819 2361 hoc
1845 2307 1954 2360 loco

365 2406 521 2461 ntalo.
554 2405 788 2461 Audistis
815 2405 943 2475 quid
971 2421 1066 2474 pro
1095 2404 1248 2458 nobis
1267 2412 1463 2468 oraret,
1494 2404 1600 2455 imo
1621 2401 1745 2471 quid
1771 2400 1951 2455 vellet.

367 2497 511 2553 Dixit
542 2516 554 2551 :
590 2497 766 2564 Pater,
806 2514 930 2566 quos
957 2497 1137 2552 dedisti
1164 2498 1305 2559 mihi,
1334 2498 1446 2551 volo
1481 2504 1537 2549 ιιι
1574 2495 1658 2548 ubi
1693 2512 1783 2565 ego
1818 2512 1951 2561 suun,

362 2592 432 2647 ibi
474 2594 577 2648 siut
611 2594 730 2664 ipsi.
771 2592 914 2660 Vah,
946 2593 1133 2662 inquit,
1164 2602 1219 2646 tu
1257 2592 1343 2646 ubi
1377 2608 1467 2661 ego
1492 2574 1635 2656 sui",
1665 2600 1710 2642 et
1739 2591 1836 2658 ipsi
1857 2592 1955 2642 sint

369 2699 583 2739 mecum.
611 2684 657 2738 Ο
690 2684 883 2743 domus
910 2684 1095 2741 boatu!
1127 2700 1167 2737 θ
1190 2684 1354 2753 patria
1387 2682 1605 2736 secura!
1644 2681 1755 2734 Non
1799 2681 1956 2734 habet

371 2776 602 2845 hostem,
633 2793 739 2833 non
782 2777 942 2832 habet
982 2788 1208 2847 pestem.
1239 2776 1425 2831 Securi
1458 2774 1528 2829 ibi
1567 2774 1829 2836 vivemus,
1857 2773 1961 2826 mi-

368 2885 525 2942 grare
572 2885 681 2925 non
726 2885 1050 2940 qumremus,
1094 2870 1345 2924 tutiorem
1376 2869 1551 2922 locum
1584 2882 1690 2922 non
1716 2867 1955 2922 invenie-

367 2977 505 3017 mus.
533 2962 801 3032 Quidquid
829 2962 916 3017 hie
939 2963 1167 3032 elegeris
1196 2962 1251 3015 in
1280 2970 1442 3025 terra,
1474 2960 1542 3014 ad
1572 2960 1815 3014 timorem
1858 2958 1957 3013 eli-

368 3053 473 3123 gis,
504 3069 613 3107 non
636 3054 704 3107 ad
731 3054 1095 3107 securitatem.
1134 3052 1282 3121 Elige
1312 3052 1405 3105 tibi
1435 3052 1632 3117 loctun,
1660 3050 1786 3104 dum
1813 3066 1873 3104 es
1902 3051 1955 3104 in

367 3148 510 3202 malo
540 3147 679 3211 loco,
708 3147 761 3201 id
781 3155 864 3200 est
894 3148 944 3200 in
976 3146 1077 3200 hoc
1103 3146 1322 3207 smculo,
1353 3143 1405 3197 in
1446 3143 1546 3198 hac
1572 3143 1679 3197 vita
1707 3143 1956 3198 tentatio-

368 3238 531 3294 nibus
556 3238 738 3309 plena,
767 3240 906 3308 elige
935 3238 987 3291 in
1029 3239 1127 3290 hac
1167 3236 1490 3291 mortalitate
1515 3234 1796 3304 gemitibus
1823 3242 1876 3288 et
1901 3234 1960 3289 ti-

368 3330 611 3384 moribus
631 3329 783 3398 plena
811 3347 826 3385 :
851 3328 976 3382 dum
1002 3342 1062 3383 es
1080 3328 1135 3381 in
1157 3328 1296 3380 male
1321 3326 1454 3390 loco,
1479 3325 1616 3395 elige
1640 3324 1730 3379 tibi
1757 3323 1954 3393 locum,

370 3434 478 3490 quo
521 3419 718 3489 migret
756 3419 829 3474 de
853 3418 999 3474 malo
1027 3417 1164 3472 loco.
1191 3416 1307 3473 Non
1334 3417 1533 3487 poteris
1561 3416 1626 3469 ad
1655 3417 1825 3473 locum
1857 3416 1955 3470 bo-

370 3530 497 3570 num
528 3514 763 3583 migrare
796 3514 865 3568 de
902 3513 1023 3568 loco
1046 3512 1208 3577 malo,
1241 3511 1349 3566 nisi
1380 3511 1517 3566 bene
1548 3510 1736 3565 ieceris
1755 3510 1809 3563 in
1839 3509 1957 3564 loco

371 3607 531 3663 mulo.
560 3606 746 3674 Qua-lis
772 3605 925 3661 locus
953 3614 1037 3659 est
1065 3604 1176 3670 ille,
1202 3602 1292 3658 ubi
1320 3617 1478 3657 nemo
1505 3600 1711 3657 esurit?
1742 3600 1884 3671 Ergo
1910 3599 1954 3654 si

369 3697 459 3753 vis
490 3696 731 3752 habitare
760 3697 815 3751 in
842 3696 959 3751 loco
986 3695 1149 3763 bono,
1192 3694 1285 3749 ubi
1310 3708 1470 3749 nemo
1493 3693 1691 3758 esurit;
1737 3691 1789 3746 in
1837 3690 1957 3746 loco

370 3791 512 3848 male
542 3791 729 3862 l‘range
749 3805 941 3861 partem
971 3800 1121 3845 tuum
1153 3788 1425 3844 esurienti.
1460 3788 1514 3842 in
1541 3786 1663 3841 loco
1688 3785 1783 3839 illo
1798 3784 1955 3840 beato

368 3894 530 3938 nemo
567 3890 651 3938 est
696 3883 1007 3953 peregrinus
1038 3899 1051 3935 :
1081 3893 1268 3936 omnes
1305 3878 1359 3933 in
1403 3879 1573 3951 patria
1614 3892 1709 3933 sua
1747 3878 1951 3932 vivunt.

370 3975 429 4032 Si
458 3990 586 4047 ergo
613 3975 694 4031 vis
726 3990 846 4031 esse
869 3975 925 4030 in
958 3975 1079 4029 loco
1100 3975 1262 4040 bono,
1291 3973 1381 4028 ubi
1413 3987 1572 4028 uerno
1606 3979 1687 4027 est
1716 3970 1953 4041 peregri-

370 4083 506 4133 nus;
536 4070 589 4123 in
629 4069 751 4123 loco
775 4069 916 4123 malo
946 4084 1053 4124 non
1082 4067 1369 4124 habentem
1395 4082 1502 4137 quo
1531 4067 1713 4134 intret,
1746 4066 1955 4134 suscipe

367 4161 423 4216 in
450 4160 668 4216 domum
697 4170 863 4214 tuam.
895 4160 1181 4230 Peregrino
1208 4159 1390 4229 praebe
1431 4158 1721 4229 hospitium
1759 4156 1811 4212 in
1836 4157 1955 4213 loco

369 4254 530 4320 malo,
579 4261 638 4306 ut
679 4253 863 4306 venias
907 4252 973 4306 ad
1018 4252 1192 4306 locum
1237 4250 1454 4315 bonum,
1497 4249 1584 4305 ubi
1616 4249 1809 4319 hospes
1834 4264 1955 4306 esse

369 4359 478 4400 non
522 4345 715 4415 possis.
750 4345 813 4397 l-n
842 4345 963 4399 loco
986 4344 1130 4398 bono
1168 4357 1326 4397 nemo
1354 4341 1555 4412 indiget
1589 4341 1905 4396 vestimento
1936 4357 1950 4395 :

370 4434 536 4506 frigus
562 4437 633 4491 ibi
657 4452 769 4492 non
787 4445 889 4503 est,
917 4445 1077 4491 aestus
1103 4435 1174 4491 ibi
1201 4448 1307 4489 non
1331 4442 1454 4489 sunt
1479 4451 1492 4488 :
1521 4433 1704 4504 utquid
1732 4441 1950 4500 tectum,

366 4528 552 4597 utquid
584 4526 991 4583 indumentum?
1023 4526 1095 4581 lbi
1144 4541 1249 4581 non
1298 4524 1402 4580 erit
1444 4533 1658 4588 tectum,
1693 4523 1791 4578 sed
1832 4537 1963 4591 pro-

367 4621 551 4675 lectio.
590 4619 731 4674 Ecce
769 4628 824 4673 et
868 4618 937 4674 ibi
981 4619 1278 4673 invenimus
1322 4624 1517 4671 tectum
1560 4632 1575 4668 :
1625 4613 1733 4669 Sub
1775 4612 1954 4668 untbra

367 4719 569 4766 uiarum
609 4720 809 4765 tuarum
848 4711 1059 4782 sperabo
1088 4708 1261 4782 (Paul.
1310 4724 1415 4773 Lvl,
1447 4706 1536 4779 οἳ).
1588 4706 1727 4777 Ergo
1768 4707 1820 4760 in
1850 4705 1954 4760 hoc

365 4803 484 4860 loco
521 4803 662 4858 malo
696 4804 879 4873 prmbe
914 4819 1025 4858 non
1053 4802 1264 4857 babenti
1297 4809 1514 4864 tectum,
1542 4806 1600 4854 ut
1639 4799 1712 4853 sis
1750 4798 1802 4853 in
1832 4798 1953 4853 loco

364 4894 525 4961 bono,
557 4896 650 4950 ubi
688 4895 887 4951 habeas
926 4896 1032 4950 tale
1063 4904 1279 4957 tectum,
1308 4901 1365 4947 ut
1402 4907 1509 4946 non
1536 4905 1743 4961 quaeras
1772 4887 1952 4945 facere

365 4999 508 5044 sarta
537 4995 675 5044 tecta
705 5005 721 5043 :
751 4990 874 5060 quia
904 5004 1008 5043 non
1038 4988 1110 5043 ibi
1140 4987 1305 5042 stillat
1334 4986 1521 5040 imber.
1546 4985 1641 5039 Est
1664 4994 1953 5055 perpetuus

363 5079 484 5136 fons
511 5079 749 5135 veritatis
781 5096 794 5134 :
830 5078 925 5135 sed
971 5079 1141 5135 imber
1184 5076 1274 5133 ille
1320 5075 1571 5142 lzetiﬁcat,
1615 5090 1723 5130 non
1758 5075 1949 5131 hume-

362 5181 473 5228 ctnt
505 5189 519 5227 :
547 5171 722 5228 imber
758 5171 882 5239 ists,
918 5171 1032 5242 ipse
1057 5179 1137 5226 est
1175 5170 1294 5226 fons
1316 5168 1459 5224 vitaz.
1485 5167 1623 5237 Quid
1665 5178 1747 5223 est
1783 5168 1947 5235 enim,

363 5263 520 5333 Apud
541 5274 589 5318 te
612 5273 684 5318 est
711 5265 826 5337 fons
850 5264 965 5318 vita
987 5261 1156 5332 (Pani.
1180 5278 1346 5332 xxxv,
1371 5261 1485 5334 10);
1507 5271 1579 5330 et,
1606 5259 1822 5317 Verbum
1842 5269 1951 5317 erat

361 5354 501 5425 apud
529 5352 693 5409 Deum
722 5352 900 5428 (locu.
931 5368 971 5424 ι,
1002 5352 1134 5425 M)?

361 5538 549 5592 scilicet
568 5504 753 5603 verbis.
770 5536 999 5603 Dominus
1015 5537 1148 5603 dives
1189 5544 1235 5589 et
1277 5550 1462 5603 pauper
1504 5544 1819 5590 occurrerunt

369 5612 426 5654 In
440 5617 547 5667 Aqua
566 5601 661 5667 via,
684 5600 781 5656 nisi
799 5603 851 5655 in
870 5600 965 5656 ista
986 5602 1082 5653 vita
1100 5600 1125 5653 ?
1144 5600 1292 5659 status
1308 5608 1405 5660 est,
1433 5609 1528 5653 etc.

394 5665 701 5763 hac?"
740 5679 869 5719 nunc
902 5667 1110 5731 primum
1152 5678 1216 5717 ex
1270 5671 1377 5717 Mss.
1409 5665 1724 5717 Germauensi
1761 5672 1814 5717 et
1855 5665 1953 5717 Flo-

1576 253 1636 311 S.
1676 242 2051 308 Αυευετιη
2077 243 2378 303 ΕΡΕΟΡΙ

2117 360 2170 416 '5.
2201 358 2337 416 Bene
2362 360 2557 433 agendo
2602 358 2657 414 in
2700 360 2809 415 loco
2837 360 2981 416 male
3344 360 3426 416 οὐ
3456 363 3635 419 baut

2042 449 2245 507 bamus.
2317 450 2443 507 Bias
2512 451 2941 521 Quadi-agrinus.
3006 451 3127 507 Dies
3190 453 3631 528 ριιὺιᾳιιοῃεοὲηιω

2044 552 2156 617 post
2192 543 2419 599 Pacta.
2459 544 2620 615 Finge,
2651 544 3178 614 charissiml,.iacite
3220 547 3357 602 bene
3402 548 3457 603 in
3507 549 3631 606 loco

2044 637 2206 703 maio,
2230 646 2289 692 ut
2307 637 2532 695 veniatis
2549 636 2615 694 ad
2635 637 2810 692 locum
2831 637 3050 701 bonum,
3066 637 3135 693 de
3151 654 3256 708 quo
3274 639 3349 693 ait
3363 639 3454 710 qui
3474 641 3634 698 nobis

2044 746 2165 787 euut
2195 740 2482 802 prmpamt,
2512 730 2642 786 Volo
2665 741 2719 786 ut
2740 732 2826 787 ubi
2845 747 2937 804 ego
2955 748 3087 799 sum,
3110 733 3273 802 “ipsi
3293 733 3393 788 sint
3411 750 3628 790 mecum.

2046 823 2302 878 Ascendit
2343 838 2664 894 praaparare,
2696 832 2755 879 ut
2789 838 2889 880 nos
2923 823 2993 878 ad
3021 831 3260 894 parastum
3304 826 3489 881 securi
3532 841 3633 882 vc-

2047 916 2274 971 niamus.
2304 915 2421 987 Ipse
2451 915 2766 985 praeparavit
2806 932 2819 968 :
2852 915 2904 970 in
2950 915 3048 971 illo
3070 925 3299 972 manete.
3329 916 3499 972 Parva
3536 917 3643 973 tibi

2047 1007 2238 1080 domus
2261 1017 2343 1062 est
2367 1006 2643 1062 Christus?
2668 1007 2861 1063 Janme
2882 1009 3187 1077 passionem
3232 1008 3397 1077 ipsius
3439 1009 3643 1065 times?

2048 1100 2366 1155 Resurrexit
2413 1116 2445 1153 a
2490 1101 2735 1167 mortuis,
2782 1109 2835 1156 et
2884 1115 2991 1155 non
3036 1104 3281 1169 intuitur,
3326 1111 3383 1159 et
3410 1120 3555 1159 mors
3584 1103 3639 1159 ei

2051 1192 2186 1246 ultra
2213 1208 2323 1247 noro
2363 1178 2724 1247 dontiimbitur
2755 1193 2930 1262 (Rom.
2978 1209 3051 1260 vl,
3097 1194 3177 1264 9).
3227 1194 3400 1250 Locus
3436 1198 3635 1263 malus,

2049 1284 2167 1341 dies
2191 1287 2336 1350 mli,
2367 1287 2618 1341 saecuhnm
2661 1286 2781 1341 hoc.
2810 1285 2921 1342 Sed
2958 1285 3095 1342 bene
3136 1288 3392 1343 Faciamus
3421 1290 3476 1345 in
3521 1291 3644 1345 loco

2050 1382 2213 1447 male,
2242 1392 2295 1434 et
2319 1380 2456 1452 bene
2480 1382 2723 1435 vivamus
2750 1382 2803 1435 in
2827 1380 3017 1436 diebus
3045 1382 3216 1437 malis.
3245 1383 3461 1439 Transit
3486 1384 3640 1439 locus

2052 1473 2226 1527 malus
2253 1482 2307 1528 et
2340 1473 2453 1528 dies
2482 1474 2609 1527 mali
2640 1491 2653 1526 :
2680 1481 2736 1528 et
2764 1476 2942 1529 veniet
2980 1476 3130 1530 locus
3173 1476 3343 1531 bonus
3380 1486 3640 1544 a'ternus,

2051 1573 2106 1619 et
2122 1564 2237 1619 ditis
2267 1564 2390 1619 boni
2411 1565 2594 1619 aeterni
2620 1583 2633 1619 :
2663 1573 2718 1619 et
2744 1565 2842 1636 ipsi
2868 1566 2985 1620 dies
3008 1566 3137 1620 boni
3153 1583 3289 1622 unus
3315 1567 3432 1623 dies
3458 1578 3643 1639 erunt.

2053 1655 2151 1711 Hie
2175 1656 2317 1710 enim
2359 1671 2524 1725 quare
2565 1664 2690 1710 sunt
2729 1657 2851 1711 mali
2880 1656 3039 1712 dies?
3074 1657 3209 1725 Quia
3258 1660 3448 1714 transit
3477 1677 3640 1729 unus,

2054 1763 2112 1803 ιιι.
2137 1750 2313 1802 veniat
2338 1747 2492 1803 alius.
2518 1747 2730 1802 Transit
2777 1746 3088 1817 hodiernus,
3132 1759 3190 1804 ut
3228 1751 3406 1806 veniat
3445 1752 3643 1808 crasti-

2052 1858 2155 1898 nus
2187 1862 2200 1897 :
2232 1845 2422 1898 transit
2464 1844 2764 1911 besternus,
2805 1854 2867 1900 ut
2890 1848 3069 1902 veniat
3097 1848 3405 1915 hodiernus.
3436 1850 3535 1915 Ubi
3561 1852 3646 1905 ni—

2056 1937 2128 1993 bil
2156 1937 2361 2002 transit,
2391 1953 2527 1992 unus
2550 1946 2632 1992 est
2658 1938 2791 1992 dies.
2821 1937 2888 1993 Et
2918 1939 3031 1994 dies
3052 1939 3297 1996 Christus
3327 1951 3430 2009 est,
3460 1952 3515 1998 et
3541 1943 3646 1999 Pa—

2058 2038 2137 2082 ter
2160 2029 2274 2084 dies
2309 2046 2321 2081 :
2351 2029 2443 2083 sed
2484 2028 2642 2085 Pater
2671 2030 2787 2084 dies
2828 2029 2896 2085 de
2923 2031 3071 2086 nullo
3106 2032 3210 2099 die,
3240 2033 3404 2088 Filius
3437 2034 3552 2091 dies
3576 2050 3648 2096 ex

2053 2121 2160 2176 die.
2191 2122 2594 2177 Commendavit
2622 2139 2750 2194 ergo
2786 2124 2938 2179 nobis
2983 2126 3241 2182 Dominus
3288 2127 3443 2184 Jesus
3481 2128 3649 2188 Chrie

2055 2223 2169 2269 ειιιε
2197 2214 2249 2267 in
2277 2214 2523 2282 passione
2552 2229 2647 2269 sua
2678 2215 2889 2271 labores
2910 2225 2964 2271 et
2988 2218 3338 2277 contritiones
3366 2224 3649 2293 praesentis

2056 2305 2241 2359 swculi
2274 2323 2287 2359 :
2330 2304 2383 2359 in
2411 2307 2802 2363 resurrectione
2840 2323 2936 2364 sua
2972 2311 3363 2377 commendavit
3389 2325 3653 2385 aeternam

2058 2397 2218 2451 vitam
2247 2406 2299 2453 et
2322 2398 2531 2453 beatam
2559 2398 2718 2454 futuri
2744 2401 2943 2456 saeculi.
2985 2401 3297 2459 Toleremus
3333 2408 3649 2483 prmsentia,

2058 2505 2335 2561 speremus
2362 2491 2556 2546 futura.
2589 2493 2715 2548 Ideo
2744 2495 2796 2548 in
2829 2495 3017 2552 diebus
3054 2497 3170 2552 istis
3199 2498 3313 2564 dies
3342 2482 3550 2573 agimus
3573 2500 3661 2561 si—.

2059 2583 2374 2653 gniﬁcantes
2413 2584 2647 2640 laborem
2695 2590 2975 2656 prtescntis
3015 2590 3218 2657 saeculi,
3247 2592 3300 2645 in
3335 2591 3553 2665 jejuniis
3591 2602 3655 2663 et

2059 2677 2431 2733 observatione
2478 2688 2815 2735 conterentes
2843 2680 3049 2737 animas
3079 2693 3321 2749 nostras;
3361 2685 3414 2740 in
3457 2685 3649 2753 diebus

2060 2778 2238 2822 autem
2268 2768 2508 2823 venturis
2534 2768 2649 2824 dies
2676 2769 3039 2839 signiﬁcamus
3081 2771 3245 2839 futuri
3285 2775 3483 2841 saeculi,
3511 2750 3651 2831 non;

2058 2858 2187 2913 dum
2230 2859 2302 2915 ibi
2347 2875 2552 2917 sumus.
2596 2861 2969 2931 Significamns
3015 2864 3154 2932 dixi;
3205 2881 3336 2933 non,
3383 2875 3649 2933 tenemus.

2062 2952 2329 3022 Usquead
2373 2953 2675 3024 passionem
2725 2955 2871 3011 enim
2919 2957 3169 3014 contritio
3208 2975 3220 3012 :
3258 2967 3381 3043 post
3407 2974 3653 3031 resurre-

2059 3046 2288 3102 ctionem
2315 3047 2569 3104 laudatio.

2483 3160 2710 3229 saeuo
2762 3161 3017 3221 ccxvnt
3060 3167 3080 3189 ί
3121 3162 3218 3242 (α).

2366 3297 3347 3366 οθραεςιοηθοοωιωίιρνκοωιω).

2128 3418 2353 3476 CAPUT
2390 3420 2677 3478 PRIMUM.
2705 3453 2778 3464 —
2802 3425 2853 3480 l.
2878 3422 3143 3493 Passionis
3163 3425 3445 3495 Domini“;
3462 3439 3651 3513 mete.

2058 3514 2136 3568 riu
2164 3516 2482 3595 expiieanda.
2524 3517 2687 3587 Cujus
2732 3519 2988 3588 sanguine
3016 3520 3207 3579 delicta
3252 3530 3435 3591 nostra
3471 3519 3650 3591 deleta

2058 3615 2201 3671 sunt,
2226 3608 2536 3664 solemniter
2553 3610 2744 3681 legitur
2768 3611 2964 3691 passio,
2991 3613 3303 3670 solemniter
3322 3615 3653 3697 celebratur;

2060 3709 2118 3755 ut
2143 3717 2316 3757 annua
2343 3702 2627 3759 devotione
2649 3706 2904 3759 memoria
2931 3718 3111 3765 nostra
3140 3708 3314 3763 laetius
3341 3706 3655 3786 ἱιιιιοιιίιιιιι·δ

2057 3801 2112 3849 ει
2140 3795 2252 3865 ipsa
2285 3792 2706 3866 l'requentatione
2753 3797 3076 3868 pepulorum
3128 3798 3261 3855 ﬁdes
3304 3810 3489 3869 nostra
3534 3802 3659 3870 cla:

2058 3882 2169 3940 rius
2217 3885 2532 3942 illustretnr.
2564 3886 2743 3959 Exigit
2789 3905 2916 3967 ergo
2956 3905 2988 3945 a
3028 3891 3182 3947 nobis
3226 3890 3563 3961 solemnitas,
3592 3898 3660 3961 ut,

2057 3977 2127 4033 de
2168 3977 2417 4048 passione
2456 3980 2666 4036 Domini
2695 3981 2847 4047 vobis
2874 3998 3199 4055 sermonem,
3231 3984 3442 4055 qualem
3483 3982 3657 4053 donat.

2059 4068 2193 4139 ipse,
2240 4069 2545 4127 reddamus.
2600 4072 2665 4128 Et
2705 4073 2920 4143 quidem
2961 4074 3031 4130 ad
3072 4075 3296 4142 salutem
3328 4084 3571 4143 nostram
3595 4083 3661 4147 et

2060 4160 2185 4217 vitae
2213 4160 2371 4231 hujus
2403 4163 2757 4235 transigenda:
2785 4166 3090 4233 utilitatem,
3122 4166 3176 4233 in
3202 4166 3285 4223 his
3315 4182 3436 4239 qua:
3459 4182 3654 4239 passus

2060 4263 2142 4311 est
2165 4255 2231 4310 ab
2256 4255 2484 4312 inimicis
2515 4257 2769 4314 Dominus
2796 4268 2998 4325 noster,
3031 4260 3336 4339 exemplum
3381 4261 3657 4335 patientia;

2061 4349 2215 4404 nobis
2242 4351 2480 4418 prmbere
2506 4349 2752 4421 dignatus
2776 4361 2892 4429 est;
2919 4360 2979 4407 ut
3016 4367 3114 4423 pro
3143 4353 3448 4425 evangelica
3476 4355 3650 4427 digni-

2063 4450 2192 4509 tate,
2231 4443 2275 4497 si
2307 4442 2411 4499 hoc
2453 4443 2566 4519 ipse
2605 4445 2852 4511 voluerit,
2884 4444 3017 4505 nihil
3048 4447 3153 4503 tale
3196 4448 3404 4525 perpeti
3430 4463 3650 4511 recuse-

2061 4547 2198 4587 mus.
2223 4533 2603 4603 Verumtameu
2628 4537 2750 4608 quia
2778 4550 2878 4591 nec
2903 4537 2958 4592 in
2985 4537 3098 4611 ipsa
3122 4553 3285 4605 carne
3309 4540 3525 4607 mortali
3551 4542 3652 4611 ali.

2057 4625 2187 4695 quid
2228 4624 2318 4680 ille
2358 4626 2693 4695 necessitate,
2721 4627 2817 4683 sed
2860 4629 3037 4683 omnia
3064 4630 3337 4689 voluntate
3362 4647 3655 4705 perpessus

2056 4725 2178 4782 est;
2208 4725 2353 4771 recte
2390 4717 2623 4772 creditur
2649 4719 2807 4773 etiam
2847 4718 3149 4789 signiﬁcare
3185 4721 3386 4793 aliquid
3413 4723 3650 4793 voluisse

2057 4811 2112 4866 in
2156 4810 2374 4881 singulis
2414 4811 2709 4885 quibusque
2746 4810 2922 4879 factis,
2951 4827 3071 4883 quae
3110 4813 3253 4879 circa
3288 4830 3408 4898 eius
3432 4817 3649 4889 passio?

2057 4918 2180 4958 nem
2205 4908 2352 4973 gesta
2379 4910 2538 4972 atque
2562 4902 2861 4973 conscripta
2881 4912 3031 4958 sunt.

2126 4995 2355 5053 CAPUT
2392 4995 2457 5051 ll.
2478 5025 2552 5037 -—
2574 4995 2628 5049 2.
2673 4995 2810 5064 Quid
2837 4997 3084 5068 signiﬁcet
3112 4999 3251 5068 quod
3271 4998 3503 5056 Christus
3531 5019 3647 5056 cru-

2055 5106 2162 5145 cem
2186 5107 2333 5143 suam
2368 5089 2601 5161 portavit.
2630 5089 2708 5143 Ac
2736 5090 2985 5159 primum,
3015 5090 3156 5160 quod
3188 5092 3411 5149 traditus
3440 5103 3497 5148 ut
3525 5109 3651 5148 cru-

2054 5182 2359 5253 ciﬁgeretur
2382 5196 2596 5238 crucem
2621 5195 2771 5237 suam
2801 5182 2915 5251 ipse
2938 5181 3166 5252 portavit
3186 5181 3363 5256 (Joan.
3390 5200 3504 5263 xix,
3529 5185 3649 5267 l7};

2084 5410 2095 5415 -
2119 5386 2143 5409 ⁴
2157 5391 2389 5437 Inventus
2429 5384 2480 5434 in
2502 5390 2585 5433 Ms.
2608 5383 2749 5433 unico
2771 5384 2919 5447 Regio
2937 5389 2992 5445 et
3009 5383 3137 5449 apud
3158 5391 3268 5439 Lor.

2145 5474 2197 5528 α)
2224 5470 2362 5528 Alias,
2387 5469 2449 5518 de
2465 5467 2676 5518 Diversis
2697 5466 2776 5528 76.

2145 5488 2175 5522 a
2224 5473 2362 5528 Alias,
2387 5473 2449 5518 de
2465 5473 2676 5518 Diversis
2697 5473 2760 5515 76

2119 5473 2197 5599 ibi
2217 5532 2454 5584 Possidius
2469 5527 2764 5599 iniudiculgt

2055 5592 2191 5651 sione
2237 5602 2469 5648 tractatus
2507 5592 2643 5643 duos.
2664 5608 2687 5637 ι
2716 5598 2887 5654 l-‘ragm

2786 5528 3650 5591 ap.l0,notatsdebominil’u-

2888 5593 3652 5649 eutasenmnisdel’assiont

2056 5662 2309 5773 proderunt
2331 5657 2454 5708 Beda
2480 5664 2532 5707 et
2551 5654 2734 5717 Florus,
2757 5667 2869 5718 quae
2891 5656 2942 5707 in
2961 5656 3183 5720 subjecto
3201 5668 3433 5709 sermone
3455 5668 3553 5715 non
3574 5653 3651 5725 le-

2056 5738 2155 5790 gun
2179 5736 2251 5772 ur.
