  <div class='ocr_page' id='page_1' title='image "/cluster/home/n/w/nwhite01/storage/ocr_20150623/38/hvd.32044015706294/548.png"; bbox 0 0 4070 6330; ppageno 0'>
   <div class='ocr_carea' id='block_1_1' title="bbox 343 238 484 296">
    <p class='ocr_par' dir='ltr' id='par_1_1' title="bbox 343 238 484 296">
     <span class='ocr_line' id='line_1_1' title="bbox 343 238 484 296; baseline 0.014 -1"><span class='ocrx_word' id='word_1_1' title='bbox 343 238 484 296; x_wconf 84' lang='grc'>1085</span> 
     </span>
    </p>
   </div>
   <div class='ocr_carea' id='block_1_2' title="bbox 340 349 1920 422">
    <p class='ocr_par' dir='ltr' id='par_1_2' title="bbox 340 349 1920 422">
     <span class='ocr_line' id='line_1_2' title="bbox 340 349 1920 422; baseline -0.004 -14"><span class='ocrx_word' id='word_1_2' title='bbox 340 352 685 409; x_wconf 80' lang='lat' dir='ltr'><strong><em>continentiae</em></strong></span> <span class='ocrx_word' id='word_1_3' title='bbox 733 351 939 422; x_wconf 84' lang='lat' dir='ltr'><strong><em>signum</em></strong></span> <span class='ocrx_word' id='word_1_4' title='bbox 985 349 1149 415; x_wconf 83' lang='lat' dir='ltr'><strong><em>dedit,</em></strong></span> <span class='ocrx_word' id='word_1_5' title='bbox 1193 358 1246 405; x_wconf 89' lang='lat' dir='ltr'><strong><em>et</em></strong></span> <span class='ocrx_word' id='word_1_6' title='bbox 1288 349 1671 405; x_wconf 75' lang='lat' dir='ltr'><strong><em>demonstravit</em></strong></span> <span class='ocrx_word' id='word_1_7' title='bbox 1721 364 1920 419; x_wconf 62' lang='lat' dir='ltr'><strong><em>przeceo</em></strong></span> 
     </span>
    </p>
   </div>
   <div class='ocr_carea' id='block_1_3' title="bbox 291 440 1925 514">
    <p class='ocr_par' dir='ltr' id='par_1_3' title="bbox 291 440 1925 514">
     <span class='ocr_line' id='line_1_3' title="bbox 291 440 1925 514; baseline -0.005 -12"><span class='ocrx_word' id='word_1_8' title='bbox 291 460 305 470; x_wconf 87' lang='grc'><strong>·</strong></span> <span class='ocrx_word' id='word_1_9' title='bbox 339 447 495 510; x_wconf 81' lang='lat' dir='ltr'><strong><em>dens,</em></strong></span> <span class='ocrx_word' id='word_1_10' title='bbox 521 444 651 514; x_wconf 81' lang='lat' dir='ltr'><strong>quid</strong></span> <span class='ocrx_word' id='word_1_11' title='bbox 676 444 848 501; x_wconf 80' lang='lat' dir='ltr'><strong><em>facere</em></strong></span> <span class='ocrx_word' id='word_1_12' title='bbox 886 442 1080 497; x_wconf 67' lang='lat' dir='ltr'><strong><em>debeat</em></strong></span> <span class='ocrx_word' id='word_1_13' title='bbox 1104 444 1191 511; x_wconf 83' lang='lat' dir='ltr'><strong>qui</strong></span> <span class='ocrx_word' id='word_1_14' title='bbox 1222 457 1349 496; x_wconf 84' lang='lat' dir='ltr'><strong><em>eum</em></strong></span> <span class='ocrx_word' id='word_1_15' title='bbox 1367 442 1514 511; x_wconf 90' lang='lat' dir='ltr'><strong>sequi</strong></span> <span class='ocrx_word' id='word_1_16' title='bbox 1538 442 1783 496; x_wconf 84' lang='lat' dir='ltr'><strong><em>voluerit.</em></strong></span> <span class='ocrx_word' id='word_1_17' title='bbox 1817 440 1925 494; x_wconf 81' lang='lat' dir='ltr'><strong><em>Hoc</em></strong></span> 
     </span>
    </p>
   </div>
   <div class='ocr_carea' id='block_1_4' title="bbox 339 534 1924 605">
    <p class='ocr_par' dir='ltr' id='par_1_4' title="bbox 339 534 1924 605">
     <span class='ocr_line' id='line_1_4' title="bbox 339 534 1924 605; baseline -0.006 -10"><span class='ocrx_word' id='word_1_18' title='bbox 339 540 502 595; x_wconf 79' lang='lat' dir='ltr'><strong><em>etiam</em></strong></span> <span class='ocrx_word' id='word_1_19' title='bbox 532 537 703 595; x_wconf 83' lang='lat' dir='ltr'><strong><em>verbo</em></strong></span> <span class='ocrx_word' id='word_1_20' title='bbox 735 536 1082 603; x_wconf 75' lang='lat' dir='ltr'><strong><em>conuuonuit,</em></strong></span> <span class='ocrx_word' id='word_1_21' title='bbox 1113 535 1207 590; x_wconf 69' lang='lat' dir='ltr'><strong><em>ubi</em></strong></span> <span class='ocrx_word' id='word_1_22' title='bbox 1230 536 1303 590; x_wconf 87' lang='lat' dir='ltr'><strong><em>ait</em></strong></span> <span class='ocrx_word' id='word_1_23' title='bbox 1333 553 1344 587; x_wconf 91' lang='lat'>:</span> <span class='ocrx_word' id='word_1_24' title='bbox 1373 535 1477 600; x_wconf 72' lang='lat' dir='ltr'><strong><em>Qui</em></strong></span> <span class='ocrx_word' id='word_1_25' title='bbox 1498 535 1662 605; x_wconf 85' lang='lat' dir='ltr'><strong><em>diligit</em></strong></span> <span class='ocrx_word' id='word_1_26' title='bbox 1699 551 1794 598; x_wconf 88' lang='lat' dir='ltr'><strong><em>me,</em></strong></span> <span class='ocrx_word' id='word_1_27' title='bbox 1830 534 1924 587; x_wconf 86' lang='lat' dir='ltr'><strong><em>tot-</em></strong></span> 
     </span>
    </p>
   </div>
   <div class='ocr_carea' id='block_1_5' title="bbox 336 624 1919 698">
    <p class='ocr_par' dir='ltr' id='par_1_5' title="bbox 336 624 1919 698">
     <span class='ocr_line' id='line_1_5' title="bbox 336 624 1919 698; baseline -0.004 -13"><span class='ocrx_word' id='word_1_28' title='bbox 336 631 412 685; x_wconf 74' lang='lat' dir='ltr'><strong><em>lat</em></strong></span> <span class='ocrx_word' id='word_1_29' title='bbox 441 646 641 684; x_wconf 75' lang='lat' dir='ltr'><strong><em>crucem</em></strong></span> <span class='ocrx_word' id='word_1_30' title='bbox 681 644 849 695; x_wconf 85' lang='lat' dir='ltr'><strong><em>suam,</em></strong></span> <span class='ocrx_word' id='word_1_31' title='bbox 896 638 944 681; x_wconf 83' lang='lat' dir='ltr'><strong><em>et</em></strong></span> <span class='ocrx_word' id='word_1_32' title='bbox 986 637 1221 696; x_wconf 72' lang='lat' dir='ltr'><strong><em>sequatur</em></strong></span> <span class='ocrx_word' id='word_1_33' title='bbox 1262 642 1341 682; x_wconf 81' lang='lat' dir='ltr'><strong><em>me</em></strong></span> <span class='ocrx_word' id='word_1_34' title='bbox 1390 626 1597 698; x_wconf 72' lang='lat' dir='ltr'><strong><em>(Matth.</em></strong></span> <span class='ocrx_word' id='word_1_35' title='bbox 1645 642 1758 692; x_wconf 77' lang='lat' dir='ltr'><strong><em>xvr,</em></strong></span> <span class='ocrx_word' id='word_1_36' title='bbox 1806 624 1919 695; x_wconf 68' lang='lat'><strong><em>24).</em></strong></span> 
     </span>
    </p>
   </div>
   <div class='ocr_carea' id='block_1_6' title="bbox 335 718 1924 792">
    <p class='ocr_par' dir='ltr' id='par_1_6' title="bbox 335 718 1924 792">
     <span class='ocr_line' id='line_1_6' title="bbox 335 718 1924 792; baseline -0.004 -14"><span class='ocrx_word' id='word_1_37' title='bbox 335 724 499 779; x_wconf 80' lang='lat' dir='ltr'><strong><em>Tollit</em></strong></span> <span class='ocrx_word' id='word_1_38' title='bbox 527 723 675 778; x_wconf 80' lang='lat' dir='ltr'><strong><em>enim</em></strong></span> <span class='ocrx_word' id='word_1_39' title='bbox 711 721 945 792; x_wconf 86' lang='lat' dir='ltr'><strong><em>quodam</em></strong></span> <span class='ocrx_word' id='word_1_40' title='bbox 994 720 1154 776; x_wconf 83' lang='lat' dir='ltr'><strong><em>modo</em></strong></span> <span class='ocrx_word' id='word_1_41' title='bbox 1200 734 1414 777; x_wconf 84' lang='lat' dir='ltr'><strong><em>erucem</em></strong></span> <span class='ocrx_word' id='word_1_42' title='bbox 1454 733 1626 786; x_wconf 88' lang='lat' dir='ltr'><strong><em>suam,</em></strong></span> <span class='ocrx_word' id='word_1_43' title='bbox 1671 718 1758 790; x_wconf 97' lang='lat' dir='ltr'><strong><em>qui</em></strong></span> <span class='ocrx_word' id='word_1_44' title='bbox 1790 718 1924 791; x_wconf 82' lang='lat' dir='ltr'><strong><em>regit</em></strong></span> 
     </span>
    </p>
   </div>
   <div class='ocr_carea' id='block_1_7' title="bbox 333 816 914 873">
    <p class='ocr_par' dir='ltr' id='par_1_7' title="bbox 333 816 914 873">
     <span class='ocr_line' id='line_1_7' title="bbox 333 816 914 873; baseline -0.009 -1"><span class='ocrx_word' id='word_1_45' title='bbox 333 816 711 873; x_wconf 72' lang='lat' dir='ltr'><strong><em>mortalitatem</em></strong></span> <span class='ocrx_word' id='word_1_46' title='bbox 742 830 914 868; x_wconf 81' lang='lat' dir='ltr'><strong><em>suam.</em></strong></span> 
     </span>
    </p>
   </div>
   <div class='ocr_carea' id='block_1_8' title="bbox 404 903 1920 971">
    <p class='ocr_par' dir='ltr' id='par_1_8' title="bbox 404 903 1920 971">
     <span class='ocr_line' id='line_1_8' title="bbox 404 903 1920 971; baseline -0.002 -10"><span class='ocrx_word' id='word_1_47' title='bbox 404 906 630 961; x_wconf 81' lang='lat' dir='ltr'><strong>CAPUT</strong></span> <span class='ocrx_word' id='word_1_48' title='bbox 682 905 767 959; x_wconf 87' lang='lat' dir='ltr'><strong><em>III.</em></strong></span> <span class='ocrx_word' id='word_1_49' title='bbox 800 936 869 949; x_wconf 65' lang='grc' dir='ltr'><strong><em>η-</em></strong></span> <span class='ocrx_word' id='word_1_50' title='bbox 898 906 950 960; x_wconf 72' lang='lat'><strong><em>5.</em></strong></span> <span class='ocrx_word' id='word_1_51' title='bbox 978 903 1227 958; x_wconf 75' lang='lat' dir='ltr'><strong><em>Calvarite</em></strong></span> <span class='ocrx_word' id='word_1_52' title='bbox 1282 905 1439 958; x_wconf 78' lang='lat' dir='ltr'><strong><em>locus.</em></strong></span> <span class='ocrx_word' id='word_1_53' title='bbox 1494 903 1647 971; x_wconf 88' lang='lat' dir='ltr'><strong><em>Quod</em></strong></span> <span class='ocrx_word' id='word_1_54' title='bbox 1694 904 1745 958; x_wconf 90' lang='lat' dir='ltr'><strong><em>in</em></strong></span> <span class='ocrx_word' id='word_1_55' title='bbox 1803 904 1920 958; x_wconf 91' lang='lat' dir='ltr'><strong><em>loco</em></strong></span> 
     </span>
    </p>
   </div>
   <div class='ocr_carea' id='block_1_9' title="bbox 334 993 1921 1064">
    <p class='ocr_par' dir='ltr' id='par_1_9' title="bbox 334 993 1921 1064">
     <span class='ocr_line' id='line_1_9' title="bbox 334 993 1921 1064; baseline -0.004 -12"><span class='ocrx_word' id='word_1_56' title='bbox 334 998 595 1052; x_wconf 70' lang='lat' dir='ltr'><strong><em>Calvaria:</em></strong></span> <span class='ocrx_word' id='word_1_57' title='bbox 625 997 914 1051; x_wconf 85' lang='lat' dir='ltr'><strong><em>cruciﬁxus</em></strong></span> <span class='ocrx_word' id='word_1_58' title='bbox 935 1004 1019 1051; x_wconf 70' lang='lat' dir='ltr'><strong><em>est</em></strong></span> <span class='ocrx_word' id='word_1_59' title='bbox 1048 996 1226 1063; x_wconf 69' lang='lat' dir='ltr'><strong><em>(Joan.</em></strong></span> <span class='ocrx_word' id='word_1_60' title='bbox 1258 1012 1348 1049; x_wconf 78' lang='lat' dir='ltr'><strong><em>xix</em></strong></span> <span class='ocrx_word' id='word_1_61' title='bbox 1373 1038 1386 1058; x_wconf 94' lang='lat'><strong><em>,</em></strong></span> <span class='ocrx_word' id='word_1_62' title='bbox 1411 997 1474 1049; x_wconf 84' lang='lat' dir='ltr'><strong><em>I7</em></strong></span> <span class='ocrx_word' id='word_1_63' title='bbox 1499 1038 1511 1059; x_wconf 97' lang='lat'><strong><em>,</em></strong></span> <span class='ocrx_word' id='word_1_64' title='bbox 1541 993 1628 1064; x_wconf 85' lang='grc'><strong><em>18)</em></strong></span> <span class='ocrx_word' id='word_1_65' title='bbox 1653 1010 1666 1059; x_wconf 90' lang='lat'>;</span> <span class='ocrx_word' id='word_1_66' title='bbox 1720 995 1921 1064; x_wconf 89' lang='lat' dir='ltr'><strong>signiti-</strong></span> 
     </span>
    </p>
   </div>
   <div class='ocr_carea' id='block_1_10' title="bbox 332 1088 1919 1157">
    <p class='ocr_par' dir='ltr' id='par_1_10' title="bbox 332 1088 1919 1157">
     <span class='ocr_line' id='line_1_10' title="bbox 332 1088 1919 1157; baseline -0.003 -14"><span class='ocrx_word' id='word_1_67' title='bbox 332 1091 474 1144; x_wconf 87' lang='lat' dir='ltr'><strong><em>cavit</em></strong></span> <span class='ocrx_word' id='word_1_68' title='bbox 500 1090 551 1142; x_wconf 86' lang='lat' dir='ltr'><strong><em>in</em></strong></span> <span class='ocrx_word' id='word_1_69' title='bbox 578 1090 823 1157; x_wconf 86' lang='lat' dir='ltr'><strong><em>passione</em></strong></span> <span class='ocrx_word' id='word_1_70' title='bbox 852 1104 944 1142; x_wconf 84' lang='lat' dir='ltr'><strong><em>sua</em></strong></span> <span class='ocrx_word' id='word_1_71' title='bbox 1000 1090 1367 1143; x_wconf 67' lang='lat' dir='ltr'><strong><em>remissionem</em></strong></span> <span class='ocrx_word' id='word_1_72' title='bbox 1416 1088 1650 1141; x_wconf 88' lang='lat' dir='ltr'><strong><em>omnium</em></strong></span> <span class='ocrx_word' id='word_1_73' title='bbox 1678 1097 1919 1156; x_wconf 81' lang='lat' dir='ltr'><strong><em>peccato-</em></strong></span> 
     </span>
    </p>
   </div>
   <div class='ocr_carea' id='block_1_11' title="bbox 331 1180 1918 1249">
    <p class='ocr_par' dir='ltr' id='par_1_11' title="bbox 331 1180 1918 1249">
     <span class='ocr_line' id='line_1_11' title="bbox 331 1180 1918 1249; baseline -0.001 -14"><span class='ocrx_word' id='word_1_74' title='bbox 331 1197 451 1235; x_wconf 85' lang='lat' dir='ltr'><strong><em>rum</em></strong></span> <span class='ocrx_word' id='word_1_75' title='bbox 477 1222 491 1246; x_wconf 94' lang='lat'><strong><em>,</em></strong></span> <span class='ocrx_word' id='word_1_76' title='bbox 522 1180 587 1234; x_wconf 88' lang='lat' dir='ltr'><strong><em>dc</em></strong></span> <span class='ocrx_word' id='word_1_77' title='bbox 609 1182 799 1245; x_wconf 79' lang='lat' dir='ltr'><strong><em>quibus</em></strong></span> <span class='ocrx_word' id='word_1_78' title='bbox 828 1182 880 1234; x_wconf 90' lang='lat' dir='ltr'><strong><em>in</em></strong></span> <span class='ocrx_word' id='word_1_79' title='bbox 911 1181 1124 1234; x_wconf 86' lang='lat' dir='ltr'><strong><em>Psalmo</em></strong></span> <span class='ocrx_word' id='word_1_80' title='bbox 1150 1181 1377 1235; x_wconf 89' lang='lat' dir='ltr'><strong><em>dicitur:</em></strong></span> <span class='ocrx_word' id='word_1_81' title='bbox 1411 1180 1761 1249; x_wconf 79' lang='lat' dir='ltr'><strong><em>Multiplicata:</em></strong></span> <span class='ocrx_word' id='word_1_82' title='bbox 1802 1189 1918 1233; x_wconf 89' lang='lat' dir='ltr'><strong><em>sunt</em></strong></span> 
     </span>
    </p>
   </div>
   <div class='ocr_carea' id='block_1_12' title="bbox 330 1273 1913 1344">
    <p class='ocr_par' dir='ltr' id='par_1_12' title="bbox 330 1273 1913 1344">
     <span class='ocr_line' id='line_1_12' title="bbox 330 1273 1913 1344; baseline 0.001 -19"><span class='ocrx_word' id='word_1_83' title='bbox 330 1274 622 1342; x_wconf 74' lang='lat' dir='ltr'><strong><em>iniquitates</em></strong></span> <span class='ocrx_word' id='word_1_84' title='bbox 668 1290 795 1328; x_wconf 74' lang='lat' dir='ltr'><strong><em>mete</em></strong></span> <span class='ocrx_word' id='word_1_85' title='bbox 850 1290 1000 1343; x_wconf 82' lang='lat' dir='ltr'><strong><em>super</em></strong></span> <span class='ocrx_word' id='word_1_86' title='bbox 1069 1275 1281 1344; x_wconf 75' lang='lat' dir='ltr'><strong><em>capillos</em></strong></span> <span class='ocrx_word' id='word_1_87' title='bbox 1334 1274 1513 1343; x_wconf 77' lang='lat' dir='ltr'><strong><em>capitis</em></strong></span> <span class='ocrx_word' id='word_1_88' title='bbox 1572 1274 1667 1327; x_wconf 72' lang='lat' dir='ltr'><strong><em>mei</em></strong></span> <span class='ocrx_word' id='word_1_89' title='bbox 1746 1273 1913 1342; x_wconf 87' lang='lat' dir='ltr'><strong><em>(Psal.</em></strong></span> 
     </span>
    </p>
   </div>
   <div class='ocr_carea' id='block_1_13' title="bbox 328 1367 665 1435">
    <p class='ocr_par' dir='ltr' id='par_1_13' title="bbox 328 1367 665 1435">
     <span class='ocr_line' id='line_1_13' title="bbox 328 1367 665 1435; baseline -0.012 -14"><span class='ocrx_word' id='word_1_90' title='bbox 328 1382 494 1421; x_wconf 78' lang='lat' dir='ltr'><strong><em>xxxrx</em></strong></span> <span class='ocrx_word' id='word_1_91' title='bbox 515 1408 529 1430; x_wconf 88' lang='lat'><strong>,</strong></span> <span class='ocrx_word' id='word_1_92' title='bbox 556 1367 665 1435; x_wconf 82' lang='grc'>15).</span> 
     </span>
    </p>
   </div>
   <div class='ocr_carea' id='block_1_14' title="bbox 400 1456 1911 1511">
    <p class='ocr_par' dir='ltr' id='par_1_14' title="bbox 400 1456 1911 1511">
     <span class='ocr_line' id='line_1_14' title="bbox 400 1456 1911 1511; baseline -0.002 0"><span class='ocrx_word' id='word_1_93' title='bbox 400 1456 629 1511; x_wconf 82' lang='lat' dir='ltr'><strong>CAPUT</strong></span> <span class='ocrx_word' id='word_1_94' title='bbox 661 1457 840 1509; x_wconf 83' lang='lat' dir='ltr'><strong><em>lV.-—-</em></strong></span> <span class='ocrx_word' id='word_1_95' title='bbox 866 1458 919 1510; x_wconf 73' lang='grc'>4.</span> <span class='ocrx_word' id='word_1_96' title='bbox 949 1456 1195 1509; x_wconf 81' lang='lat' dir='ltr'><strong><em>Latrones</em></strong></span> <span class='ocrx_word' id='word_1_97' title='bbox 1245 1473 1277 1509; x_wconf 90' lang='lat' dir='ltr'><strong><em>a</em></strong></span> <span class='ocrx_word' id='word_1_98' title='bbox 1310 1456 1498 1509; x_wconf 72' lang='lat' dir='ltr'><strong><em>dextris</em></strong></span> <span class='ocrx_word' id='word_1_99' title='bbox 1538 1464 1583 1508; x_wconf 88' lang='lat' dir='ltr'><strong><em>et</em></strong></span> <span class='ocrx_word' id='word_1_100' title='bbox 1604 1473 1633 1507; x_wconf 91' lang='lat' dir='ltr'><strong><em>a</em></strong></span> <span class='ocrx_word' id='word_1_101' title='bbox 1678 1456 1911 1508; x_wconf 84' lang='lat' dir='ltr'><strong><em>sinistris.</em></strong></span> 
     </span>
    </p>
   </div>
   <div class='ocr_carea' id='block_1_15' title="bbox 331 1548 1916 1618">
    <p class='ocr_par' dir='ltr' id='par_1_15' title="bbox 331 1548 1916 1618">
     <span class='ocr_line' id='line_1_15' title="bbox 331 1548 1916 1618; baseline 0 -17"><span class='ocrx_word' id='word_1_102' title='bbox 331 1548 484 1615; x_wconf 84' lang='lat' dir='ltr'><strong><em>Quod</em></strong></span> <span class='ocrx_word' id='word_1_103' title='bbox 510 1548 615 1601; x_wconf 92' lang='lat' dir='ltr'><strong><em>duo</em></strong></span> <span class='ocrx_word' id='word_1_104' title='bbox 656 1564 774 1603; x_wconf 91' lang='lat' dir='ltr'><strong><em>cum</em></strong></span> <span class='ocrx_word' id='word_1_105' title='bbox 806 1549 895 1601; x_wconf 90' lang='lat' dir='ltr'><strong><em>illo</em></strong></span> <span class='ocrx_word' id='word_1_106' title='bbox 936 1549 1003 1602; x_wconf 89' lang='lat' dir='ltr'><strong><em>ab</em></strong></span> <span class='ocrx_word' id='word_1_107' title='bbox 1054 1557 1275 1618; x_wconf 91' lang='lat' dir='ltr'><strong><em>utroque</em></strong></span> <span class='ocrx_word' id='word_1_108' title='bbox 1320 1550 1485 1602; x_wconf 85' lang='lat' dir='ltr'><strong><em>latere</em></strong></span> <span class='ocrx_word' id='word_1_109' title='bbox 1530 1548 1765 1601; x_wconf 81' lang='lat' dir='ltr'><strong><em>cruciﬁxi</em></strong></span> <span class='ocrx_word' id='word_1_110' title='bbox 1794 1556 1916 1601; x_wconf 88' lang='lat' dir='ltr'><strong><em>sunt</em></strong></span> 
     </span>
    </p>
   </div>
   <div class='ocr_carea' id='block_1_16' title="bbox 336 1638 1912 1711">
    <p class='ocr_par' dir='ltr' id='par_1_16' title="bbox 336 1638 1912 1711">
     <span class='ocr_line' id='line_1_16' title="bbox 336 1638 1912 1711; baseline -0.001 -19"><span class='ocrx_word' id='word_1_111' title='bbox 336 1638 514 1711; x_wconf 85' lang='lat' dir='ltr'><strong><em>(Joan.</em></strong></span> <span class='ocrx_word' id='word_1_112' title='bbox 546 1656 638 1693; x_wconf 82' lang='lat' dir='ltr'><strong><em>xix</em></strong></span> <span class='ocrx_word' id='word_1_113' title='bbox 660 1682 673 1705; x_wconf 93' lang='lat'><strong><em>,</em></strong></span> <span class='ocrx_word' id='word_1_114' title='bbox 706 1640 827 1709; x_wconf 81' lang='lat' dir='ltr'><strong><em>I8):</em></strong></span> <span class='ocrx_word' id='word_1_115' title='bbox 860 1640 1092 1694; x_wconf 87' lang='lat' dir='ltr'><strong><em>ostendit</em></strong></span> <span class='ocrx_word' id='word_1_116' title='bbox 1117 1641 1247 1693; x_wconf 88' lang='lat' dir='ltr'><strong><em>alios</em></strong></span> <span class='ocrx_word' id='word_1_117' title='bbox 1274 1640 1370 1694; x_wconf 89' lang='lat' dir='ltr'><strong>sibi</strong></span> <span class='ocrx_word' id='word_1_118' title='bbox 1393 1640 1608 1693; x_wconf 84' lang='lat' dir='ltr'><strong><em>dextros</em></strong></span> <span class='ocrx_word' id='word_1_119' title='bbox 1630 1680 1643 1704; x_wconf 98' lang='lat'><strong><em>,</em></strong></span> <span class='ocrx_word' id='word_1_120' title='bbox 1676 1639 1805 1692; x_wconf 87' lang='lat' dir='ltr'><strong><em>alios</em></strong></span> <span class='ocrx_word' id='word_1_121' title='bbox 1840 1640 1912 1693; x_wconf 85' lang='lat' dir='ltr'><strong><em>si-</em></strong></span> 
     </span>
    </p>
   </div>
   <div class='ocr_carea' id='block_1_17' title="bbox 331 1731 1909 1802">
    <p class='ocr_par' dir='ltr' id='par_1_17' title="bbox 331 1731 1909 1802">
     <span class='ocr_line' id='line_1_17' title="bbox 331 1731 1909 1802; baseline -0.002 -15"><span class='ocrx_word' id='word_1_122' title='bbox 331 1732 529 1787; x_wconf 85' lang='lat' dir='ltr'><strong><em>nistros</em></strong></span> <span class='ocrx_word' id='word_1_123' title='bbox 558 1748 678 1787; x_wconf 86' lang='lat' dir='ltr'><strong><em>esse</em></strong></span> <span class='ocrx_word' id='word_1_124' title='bbox 720 1747 970 1799; x_wconf 75' lang='lat' dir='ltr'><strong><em>passuros</em></strong></span> <span class='ocrx_word' id='word_1_125' title='bbox 997 1749 1007 1783; x_wconf 92' lang='lat'>:</span> <span class='ocrx_word' id='word_1_126' title='bbox 1038 1732 1255 1785; x_wconf 84' lang='lat' dir='ltr'><strong><em>dextros</em></strong></span> <span class='ocrx_word' id='word_1_127' title='bbox 1276 1775 1288 1797; x_wconf 91' lang='lat'><strong>,</strong></span> <span class='ocrx_word' id='word_1_128' title='bbox 1323 1733 1389 1787; x_wconf 89' lang='lat' dir='ltr'><strong><em>de</em></strong></span> <span class='ocrx_word' id='word_1_129' title='bbox 1439 1733 1629 1802; x_wconf 88' lang='lat' dir='ltr'><strong>quibus</strong></span> <span class='ocrx_word' id='word_1_130' title='bbox 1675 1731 1867 1785; x_wconf 87' lang='lat' dir='ltr'><strong><em>dicitur</em></strong></span> <span class='ocrx_word' id='word_1_131' title='bbox 1896 1774 1909 1799; x_wconf 91' lang='lat'><strong><em>,</em></strong></span> 
     </span>
    </p>
   </div>
   <div class='ocr_carea' id='block_1_18' title="bbox 326 1822 1914 1893">
    <p class='ocr_par' dir='ltr' id='par_1_18' title="bbox 326 1822 1914 1893">
     <span class='ocr_line' id='line_1_18' title="bbox 326 1822 1914 1893; baseline -0.002 -16"><span class='ocrx_word' id='word_1_132' title='bbox 326 1822 473 1877; x_wconf 87' lang='lat' dir='ltr'><strong><em>Beati</em></strong></span> <span class='ocrx_word' id='word_1_133' title='bbox 523 1826 607 1892; x_wconf 85' lang='lat' dir='ltr'><strong><em>qui</em></strong></span> <span class='ocrx_word' id='word_1_134' title='bbox 658 1824 1045 1893; x_wconf 61' lang='lat' dir='ltr'><strong><em>persecutionem</em></strong></span> <span class='ocrx_word' id='word_1_135' title='bbox 1108 1824 1370 1893; x_wconf 77' lang='lat' dir='ltr'><strong><em>patiuntur</em></strong></span> <span class='ocrx_word' id='word_1_136' title='bbox 1419 1833 1621 1892; x_wconf 85' lang='lat' dir='ltr'><strong><em>propter</em></strong></span> <span class='ocrx_word' id='word_1_137' title='bbox 1662 1824 1914 1892; x_wconf 78' lang='lat' dir='ltr'><strong><em>justitiam</em></strong></span> 
     </span>
    </p>
   </div>
   <div class='ocr_carea' id='block_1_19' title="bbox 332 1916 1909 1989">
    <p class='ocr_par' dir='ltr' id='par_1_19' title="bbox 332 1916 1909 1989">
     <span class='ocr_line' id='line_1_19' title="bbox 332 1916 1909 1989; baseline -0.002 -20"><span class='ocrx_word' id='word_1_138' title='bbox 332 1916 547 1989; x_wconf 82' lang='lat' dir='ltr'><strong><em>(Matth.</em></strong></span> <span class='ocrx_word' id='word_1_139' title='bbox 575 1933 609 1970; x_wconf 91' lang='lat' dir='ltr'><strong><em>v</em></strong></span> <span class='ocrx_word' id='word_1_140' title='bbox 630 1958 643 1976; x_wconf 87' lang='lat'><strong><em>,</em></strong></span> <span class='ocrx_word' id='word_1_141' title='bbox 678 1917 766 1985; x_wconf 85' lang='grc'>10)</span> <span class='ocrx_word' id='word_1_142' title='bbox 793 1933 805 1981; x_wconf 87' lang='lat'>;</span> <span class='ocrx_word' id='word_1_143' title='bbox 831 1918 1075 1970; x_wconf 83' lang='lat' dir='ltr'><strong><em>sinistros</em></strong></span> <span class='ocrx_word' id='word_1_144' title='bbox 1102 1925 1275 1971; x_wconf 90' lang='lat' dir='ltr'><strong><em>autem</em></strong></span> <span class='ocrx_word' id='word_1_145' title='bbox 1300 1959 1314 1983; x_wconf 92' lang='lat'><strong><em>,</em></strong></span> <span class='ocrx_word' id='word_1_146' title='bbox 1345 1917 1408 1969; x_wconf 87' lang='lat' dir='ltr'><strong><em>de</em></strong></span> <span class='ocrx_word' id='word_1_147' title='bbox 1438 1917 1626 1987; x_wconf 83' lang='lat' dir='ltr'><strong>quibus</strong></span> <span class='ocrx_word' id='word_1_148' title='bbox 1678 1916 1868 1968; x_wconf 67' lang='lat' dir='ltr'><strong><em>dicitur</em></strong></span> <span class='ocrx_word' id='word_1_149' title='bbox 1896 1957 1909 1980; x_wconf 95' lang='lat'><strong><em>,</em></strong></span> 
     </span>
    </p>
   </div>
   <div class='ocr_carea' id='block_1_20' title="bbox 329 2008 1913 2079">
    <p class='ocr_par' dir='ltr' id='par_1_20' title="bbox 329 2008 1913 2079">
     <span class='ocr_line' id='line_1_20' title="bbox 329 2008 1913 2079; baseline -0.003 -17"><span class='ocrx_word' id='word_1_150' title='bbox 329 2009 398 2062; x_wconf 70' lang='lat' dir='ltr'><strong><em>Et</em></strong></span> <span class='ocrx_word' id='word_1_151' title='bbox 424 2010 467 2063; x_wconf 86' lang='lat' dir='ltr'><strong><em>si</em></strong></span> <span class='ocrx_word' id='word_1_152' title='bbox 509 2009 761 2061; x_wconf 73' lang='lat' dir='ltr'><strong><em>tradidero</em></strong></span> <span class='ocrx_word' id='word_1_153' title='bbox 807 2024 988 2079; x_wconf 81' lang='lat' dir='ltr'><strong><em>corpus</em></strong></span> <span class='ocrx_word' id='word_1_154' title='bbox 1028 2025 1227 2073; x_wconf 85' lang='lat' dir='ltr'><strong><em>memn,</em></strong></span> <span class='ocrx_word' id='word_1_155' title='bbox 1280 2018 1331 2063; x_wconf 89' lang='lat' dir='ltr'><strong><em>ut</em></strong></span> <span class='ocrx_word' id='word_1_156' title='bbox 1354 2008 1557 2061; x_wconf 81' lang='lat' dir='ltr'><strong><em>ardeam</em></strong></span> <span class='ocrx_word' id='word_1_157' title='bbox 1584 2050 1596 2069; x_wconf 91' lang='lat'><strong><em>,</em></strong></span> <span class='ocrx_word' id='word_1_158' title='bbox 1622 2008 1913 2059; x_wconf 84' lang='lat' dir='ltr'><strong><em>clmritutem</em></strong></span> 
     </span>
    </p>
   </div>
   <div class='ocr_carea' id='block_1_21' title="bbox 331 2096 1909 2170">
    <p class='ocr_par' dir='ltr' id='par_1_21' title="bbox 331 2096 1909 2170">
     <span class='ocr_line' id='line_1_21' title="bbox 331 2096 1909 2170; baseline -0.001 -18"><span class='ocrx_word' id='word_1_159' title='bbox 331 2110 500 2153; x_wconf 84' lang='lat' dir='ltr'><strong><em>autem</em></strong></span> <span class='ocrx_word' id='word_1_160' title='bbox 529 2117 629 2153; x_wconf 88' lang='lat' dir='ltr'><strong><em>non</em></strong></span> <span class='ocrx_word' id='word_1_161' title='bbox 660 2100 880 2153; x_wconf 84' lang='lat' dir='ltr'><strong><em>habuero</em></strong></span> <span class='ocrx_word' id='word_1_162' title='bbox 902 2142 915 2165; x_wconf 89' lang='lat'><strong><em>,</em></strong></span> <span class='ocrx_word' id='word_1_163' title='bbox 947 2099 1075 2152; x_wconf 81' lang='lat' dir='ltr'><strong>nihil</strong></span> <span class='ocrx_word' id='word_1_164' title='bbox 1095 2100 1217 2151; x_wconf 84' lang='lat' dir='ltr'><strong><em>mihi</em></strong></span> <span class='ocrx_word' id='word_1_165' title='bbox 1238 2100 1438 2168; x_wconf 83' lang='lat' dir='ltr'><strong><em>prodest</em></strong></span> <span class='ocrx_word' id='word_1_166' title='bbox 1464 2099 1503 2170; x_wconf 92' lang='lat' dir='ltr'><strong><em>(I</em></strong></span> <span class='ocrx_word' id='word_1_167' title='bbox 1534 2098 1650 2152; x_wconf 82' lang='lat' dir='ltr'><strong><em>Cor.</em></strong></span> <span class='ocrx_word' id='word_1_168' title='bbox 1676 2115 1770 2152; x_wconf 86' lang='lat' dir='ltr'><strong><em>xm</em></strong></span> <span class='ocrx_word' id='word_1_169' title='bbox 1791 2142 1804 2165; x_wconf 92' lang='lat'><strong><em>,</em></strong></span> <span class='ocrx_word' id='word_1_170' title='bbox 1834 2096 1909 2168; x_wconf 81' lang='grc'>5).</span> 
     </span>
    </p>
   </div>
   <div class='ocr_carea' id='block_1_22' title="bbox 399 2192 1912 2262">
    <p class='ocr_par' dir='ltr' id='par_1_22' title="bbox 399 2192 1912 2262">
     <span class='ocr_line' id='line_1_22' title="bbox 399 2192 1912 2262; baseline 0 -17"><span class='ocrx_word' id='word_1_171' title='bbox 399 2192 627 2246; x_wconf 82' lang='lat' dir='ltr'><strong><em>CAPUT</em></strong></span> <span class='ocrx_word' id='word_1_172' title='bbox 655 2193 715 2245; x_wconf 70' lang='grc' dir='ltr'>ν.</span> <span class='ocrx_word' id='word_1_173' title='bbox 748 2193 886 2245; x_wconf 82' lang='grc'><strong><em>-5.</em></strong></span> <span class='ocrx_word' id='word_1_174' title='bbox 916 2192 1110 2246; x_wconf 80' lang='lat' dir='ltr'><strong>Titulus</strong></span> <span class='ocrx_word' id='word_1_175' title='bbox 1135 2208 1285 2262; x_wconf 81' lang='lat' dir='ltr'><strong><em>super</em></strong></span> <span class='ocrx_word' id='word_1_176' title='bbox 1308 2209 1524 2245; x_wconf 87' lang='lat' dir='ltr'><strong><em>crucem.</em></strong></span> <span class='ocrx_word' id='word_1_177' title='bbox 1554 2192 1703 2259; x_wconf 82' lang='lat' dir='ltr'><strong><em>Quod</em></strong></span> <span class='ocrx_word' id='word_1_178' title='bbox 1737 2192 1912 2245; x_wconf 79' lang='lat' dir='ltr'><strong><em>titulus</em></strong></span> 
     </span>
    </p>
   </div>
   <div class='ocr_carea' id='block_1_23' title="bbox 328 2284 1910 2354">
    <p class='ocr_par' dir='ltr' id='par_1_23' title="bbox 328 2284 1910 2354">
     <span class='ocr_line' id='line_1_23' title="bbox 328 2284 1910 2354; baseline -0.001 -16"><span class='ocrx_word' id='word_1_179' title='bbox 328 2294 412 2338; x_wconf 83' lang='lat' dir='ltr'><strong><em>est</em></strong></span> <span class='ocrx_word' id='word_1_180' title='bbox 440 2284 645 2354; x_wconf 86' lang='lat' dir='ltr'><strong>positus</strong></span> <span class='ocrx_word' id='word_1_181' title='bbox 672 2299 831 2352; x_wconf 81' lang='lat' dir='ltr'><strong><em>super</em></strong></span> <span class='ocrx_word' id='word_1_182' title='bbox 856 2284 971 2353; x_wconf 87' lang='lat' dir='ltr'><strong><em>ejus</em></strong></span> <span class='ocrx_word' id='word_1_183' title='bbox 1000 2300 1210 2337; x_wconf 91' lang='lat' dir='ltr'><strong><em>crucem</em></strong></span> <span class='ocrx_word' id='word_1_184' title='bbox 1236 2327 1251 2349; x_wconf 90' lang='lat'><strong>,</strong></span> <span class='ocrx_word' id='word_1_185' title='bbox 1277 2286 1326 2337; x_wconf 91' lang='lat' dir='ltr'><strong><em>iu</em></strong></span> <span class='ocrx_word' id='word_1_186' title='bbox 1349 2301 1454 2354; x_wconf 91' lang='lat' dir='ltr'><strong><em>quo</em></strong></span> <span class='ocrx_word' id='word_1_187' title='bbox 1484 2286 1732 2353; x_wconf 88' lang='lat' dir='ltr'><strong><em>scriptum</em></strong></span> <span class='ocrx_word' id='word_1_188' title='bbox 1764 2294 1876 2339; x_wconf 90' lang='lat' dir='ltr'><strong><em>erat</em></strong></span> <span class='ocrx_word' id='word_1_189' title='bbox 1896 2326 1910 2351; x_wconf 91' lang='lat'><strong>,</strong></span> 
     </span>
    </p>
   </div>
   <div class='ocr_carea' id='block_1_24' title="bbox 330 2373 1911 2448">
    <p class='ocr_par' dir='ltr' id='par_1_24' title="bbox 330 2373 1911 2448">
     <span class='ocr_line' id='line_1_24' title="bbox 330 2373 1911 2448; baseline 0 -19"><span class='ocrx_word' id='word_1_190' title='bbox 330 2374 443 2429; x_wconf 78' lang='lat' dir='ltr'><strong><em>Rea:</em></strong></span> <span class='ocrx_word' id='word_1_191' title='bbox 485 2373 783 2428; x_wconf 67' lang='lat' dir='ltr'><strong><em>Iudaeorum</em></strong></span> <span class='ocrx_word' id='word_1_192' title='bbox 809 2374 984 2448; x_wconf 77' lang='lat' dir='ltr'><strong><em>(Joan.</em></strong></span> <span class='ocrx_word' id='word_1_193' title='bbox 1016 2392 1101 2428; x_wconf 80' lang='lat' dir='ltr'><strong><em>xix</em></strong></span> <span class='ocrx_word' id='word_1_194' title='bbox 1128 2418 1141 2441; x_wconf 91' lang='lat'><strong><em>,</em></strong></span> <span class='ocrx_word' id='word_1_195' title='bbox 1182 2376 1268 2443; x_wconf 80' lang='lat' dir='ltr'><strong><em>l9)</em></strong></span> <span class='ocrx_word' id='word_1_196' title='bbox 1296 2419 1308 2440; x_wconf 94' lang='lat'><strong><em>,</em></strong></span> <span class='ocrx_word' id='word_1_197' title='bbox 1336 2377 1456 2430; x_wconf 91' lang='lat' dir='ltr'><strong><em>illud</em></strong></span> <span class='ocrx_word' id='word_1_198' title='bbox 1480 2378 1741 2441; x_wconf 90' lang='lat' dir='ltr'><strong><em>ostendit,</em></strong></span> <span class='ocrx_word' id='word_1_199' title='bbox 1792 2377 1911 2446; x_wconf 88' lang='lat' dir='ltr'><strong><em>quia</em></strong></span> 
     </span>
    </p>
   </div>
   <div class='ocr_carea' id='block_1_25' title="bbox 329 2468 1910 2537">
    <p class='ocr_par' dir='ltr' id='par_1_25' title="bbox 329 2468 1910 2537">
     <span class='ocr_line' id='line_1_25' title="bbox 329 2468 1910 2537; baseline 0.001 -16"><span class='ocrx_word' id='word_1_200' title='bbox 329 2483 428 2521; x_wconf 85' lang='lat' dir='ltr'><strong><em>nec</em></strong></span> <span class='ocrx_word' id='word_1_201' title='bbox 457 2468 751 2522; x_wconf 89' lang='lat' dir='ltr'><strong><em>occidendo</em></strong></span> <span class='ocrx_word' id='word_1_202' title='bbox 780 2468 994 2523; x_wconf 90' lang='lat' dir='ltr'><strong><em>efﬁcere</em></strong></span> <span class='ocrx_word' id='word_1_203' title='bbox 1024 2479 1308 2537; x_wconf 89' lang='lat' dir='ltr'><strong><em>potuerunt</em></strong></span> <span class='ocrx_word' id='word_1_204' title='bbox 1331 2512 1343 2533; x_wconf 92' lang='lat'><strong><em>,</em></strong></span> <span class='ocrx_word' id='word_1_205' title='bbox 1376 2481 1430 2523; x_wconf 91' lang='lat' dir='ltr'><strong><em>ut</em></strong></span> <span class='ocrx_word' id='word_1_206' title='bbox 1455 2485 1575 2523; x_wconf 88' lang='lat' dir='ltr'><strong><em>eum</em></strong></span> <span class='ocrx_word' id='word_1_207' title='bbox 1602 2486 1778 2537; x_wconf 84' lang='lat' dir='ltr'><strong><em>regem</em></strong></span> <span class='ocrx_word' id='word_1_208' title='bbox 1807 2486 1910 2522; x_wconf 88' lang='lat' dir='ltr'><strong><em>non</em></strong></span> 
     </span>
    </p>
   </div>
   <div class='ocr_carea' id='block_1_26' title="bbox 329 2552 1913 2631">
    <p class='ocr_par' dir='ltr' id='par_1_26' title="bbox 329 2552 1913 2631">
     <span class='ocr_line' id='line_1_26' title="bbox 329 2552 1913 2631; baseline 0.001 -18"><span class='ocrx_word' id='word_1_209' title='bbox 329 2552 623 2623; x_wconf 73' lang='lat' dir='ltr'><strong><em>haberent,</em></strong></span> <span class='ocrx_word' id='word_1_210' title='bbox 659 2560 745 2628; x_wconf 93' lang='lat' dir='ltr'><strong><em>qui</em></strong></span> <span class='ocrx_word' id='word_1_211' title='bbox 777 2561 856 2613; x_wconf 89' lang='lat' dir='ltr'><strong><em>eis</em></strong></span> <span class='ocrx_word' id='word_1_212' title='bbox 896 2560 1329 2616; x_wconf 75' lang='lat' dir='ltr'><strong><em>manifestissime</em></strong></span> <span class='ocrx_word' id='word_1_213' title='bbox 1370 2564 1781 2615; x_wconf 78' lang='lat' dir='ltr'><strong><em>eminentissima</em></strong></span> <span class='ocrx_word' id='word_1_214' title='bbox 1820 2578 1913 2631; x_wconf 87' lang='lat' dir='ltr'><strong><em>po-</em></strong></span> 
     </span>
    </p>
   </div>
   <div class='ocr_carea' id='block_1_27' title="bbox 330 2654 1911 2723">
    <p class='ocr_par' dir='ltr' id='par_1_27' title="bbox 330 2654 1911 2723">
     <span class='ocr_line' id='line_1_27' title="bbox 330 2654 1911 2723; baseline 0.003 -16"><span class='ocrx_word' id='word_1_215' title='bbox 330 2660 521 2707; x_wconf 87' lang='lat' dir='ltr'><strong><em>testate</em></strong></span> <span class='ocrx_word' id='word_1_216' title='bbox 566 2654 855 2707; x_wconf 87' lang='lat' dir='ltr'><strong><em>secundum</em></strong></span> <span class='ocrx_word' id='word_1_217' title='bbox 881 2669 974 2708; x_wconf 73' lang='lat' dir='ltr'><strong><em>sua</em></strong></span> <span class='ocrx_word' id='word_1_218' title='bbox 1014 2671 1173 2723; x_wconf 81' lang='lat' dir='ltr'><strong><em>opera</em></strong></span> <span class='ocrx_word' id='word_1_219' title='bbox 1212 2656 1516 2709; x_wconf 76' lang='lat' dir='ltr'><strong><em>redditurus</em></strong></span> <span class='ocrx_word' id='word_1_220' title='bbox 1544 2666 1638 2709; x_wconf 74' lang='lat' dir='ltr'><strong><em>est.</em></strong></span> <span class='ocrx_word' id='word_1_221' title='bbox 1668 2656 1817 2711; x_wconf 83' lang='lat' dir='ltr'><strong><em>Unde</em></strong></span> <span class='ocrx_word' id='word_1_222' title='bbox 1862 2658 1911 2711; x_wconf 91' lang='lat' dir='ltr'><strong><em>in</em></strong></span> 
     </span>
    </p>
   </div>
   <div class='ocr_carea' id='block_1_28' title="bbox 330 2744 1912 2816">
    <p class='ocr_par' dir='ltr' id='par_1_28' title="bbox 330 2744 1912 2816">
     <span class='ocr_line' id='line_1_28' title="bbox 330 2744 1912 2816; baseline 0.002 -16"><span class='ocrx_word' id='word_1_223' title='bbox 330 2746 541 2800; x_wconf 84' lang='lat' dir='ltr'><strong><em>Psalmo</em></strong></span> <span class='ocrx_word' id='word_1_224' title='bbox 566 2746 774 2799; x_wconf 88' lang='lat' dir='ltr'><strong><em>canitur</em></strong></span> <span class='ocrx_word' id='word_1_225' title='bbox 799 2765 811 2799; x_wconf 89' lang='lat'>:</span> <span class='ocrx_word' id='word_1_226' title='bbox 846 2744 957 2816; x_wconf 86' lang='lat' dir='ltr'><strong><em>Ego</em></strong></span> <span class='ocrx_word' id='word_1_227' title='bbox 988 2757 1151 2800; x_wconf 87' lang='lat' dir='ltr'><strong><em>autem</em></strong></span> <span class='ocrx_word' id='word_1_228' title='bbox 1183 2748 1478 2803; x_wconf 87' lang='lat' dir='ltr'><strong><em>constitutus</em></strong></span> <span class='ocrx_word' id='word_1_229' title='bbox 1499 2765 1610 2801; x_wconf 88' lang='lat' dir='ltr'><strong><em>sum</em></strong></span> <span class='ocrx_word' id='word_1_230' title='bbox 1648 2765 1737 2803; x_wconf 77' lang='lat' dir='ltr'><strong><em>rex</em></strong></span> <span class='ocrx_word' id='word_1_231' title='bbox 1771 2749 1831 2802; x_wconf 86' lang='lat' dir='ltr'><strong><em>ab</em></strong></span> <span class='ocrx_word' id='word_1_232' title='bbox 1856 2766 1912 2803; x_wconf 84' lang='lat' dir='ltr'><strong><em>eo</em></strong></span> 
     </span>
    </p>
   </div>
   <div class='ocr_carea' id='block_1_29' title="bbox 327 2839 1275 2909">
    <p class='ocr_par' dir='ltr' id='par_1_29' title="bbox 327 2839 1275 2909">
     <span class='ocr_line' id='line_1_29' title="bbox 327 2839 1275 2909; baseline 0 -16"><span class='ocrx_word' id='word_1_233' title='bbox 327 2854 481 2909; x_wconf 64' lang='lat' dir='ltr'><strong><em>super</em></strong></span> <span class='ocrx_word' id='word_1_234' title='bbox 508 2839 633 2892; x_wconf 86' lang='lat' dir='ltr'><strong><em>Sion</em></strong></span> <span class='ocrx_word' id='word_1_235' title='bbox 657 2848 870 2892; x_wconf 86' lang='lat' dir='ltr'><strong><em>montem</em></strong></span> <span class='ocrx_word' id='word_1_236' title='bbox 890 2850 1117 2892; x_wconf 83' lang='lat' dir='ltr'><strong><em>sanctum</em></strong></span> <span class='ocrx_word' id='word_1_237' title='bbox 1146 2842 1275 2909; x_wconf 87' lang='lat' dir='ltr'><strong><em>ejus.</em></strong></span> 
     </span>
    </p>
   </div>
   <div class='ocr_carea' id='block_1_30' title="bbox 400 2927 1910 3001">
    <p class='ocr_par' dir='ltr' id='par_1_30' title="bbox 400 2927 1910 3001">
     <span class='ocr_line' id='line_1_30' title="bbox 400 2927 1910 3001; baseline 0.004 -21"><span class='ocrx_word' id='word_1_238' title='bbox 400 2927 624 2984; x_wconf 82' lang='lat' dir='ltr'><strong><em>CAPUT</em></strong></span> <span class='ocrx_word' id='word_1_239' title='bbox 654 2928 740 2983; x_wconf 78' lang='lat' dir='ltr'><strong><em>VI.</em></strong></span> <span class='ocrx_word' id='word_1_240' title='bbox 773 2959 841 2969; x_wconf 91' lang='grc'><strong><em>--</em></strong></span> <span class='ocrx_word' id='word_1_241' title='bbox 870 2929 922 2983; x_wconf 86' lang='lat'><strong><em>6.</em></strong></span> <span class='ocrx_word' id='word_1_242' title='bbox 989 2929 1091 2983; x_wconf 81' lang='lat' dir='ltr'><strong><em>Cur</em></strong></span> <span class='ocrx_word' id='word_1_243' title='bbox 1139 2931 1296 2984; x_wconf 86' lang='lat' dir='ltr'><strong><em>tribus</em></strong></span> <span class='ocrx_word' id='word_1_244' title='bbox 1348 2931 1531 3001; x_wconf 85' lang='lat' dir='ltr'><strong><em>linguis</em></strong></span> <span class='ocrx_word' id='word_1_245' title='bbox 1581 2933 1910 3001; x_wconf 87' lang='lat' dir='ltr'><strong><em>conscriptus.</em></strong></span> 
     </span>
    </p>
   </div>
   <div class='ocr_carea' id='block_1_31' title="bbox 331 3019 1912 3091">
    <p class='ocr_par' dir='ltr' id='par_1_31' title="bbox 331 3019 1912 3091">
     <span class='ocr_line' id='line_1_31' title="bbox 331 3019 1912 3091; baseline 0.002 -17"><span class='ocrx_word' id='word_1_246' title='bbox 331 3019 434 3074; x_wconf 72' lang='lat' dir='ltr'><strong><em>Cur</em></strong></span> <span class='ocrx_word' id='word_1_247' title='bbox 457 3038 549 3075; x_wconf 76' lang='lat' dir='ltr'><strong><em>rea:</em></strong></span> <span class='ocrx_word' id='word_1_248' title='bbox 568 3020 866 3075; x_wconf 67' lang='lat' dir='ltr'><strong><em>Iudaeorum</em></strong></span> <span class='ocrx_word' id='word_1_249' title='bbox 891 3064 904 3088; x_wconf 92' lang='lat'><strong><em>,</em></strong></span> <span class='ocrx_word' id='word_1_250' title='bbox 934 3031 978 3074; x_wconf 91' lang='lat' dir='ltr'><strong><em>et</em></strong></span> <span class='ocrx_word' id='word_1_251' title='bbox 1009 3039 1109 3075; x_wconf 87' lang='lat' dir='ltr'><strong><em>non</em></strong></span> <span class='ocrx_word' id='word_1_252' title='bbox 1142 3021 1393 3075; x_wconf 79' lang='lat' dir='ltr'><strong><em>Gentium.</em></strong></span> <span class='ocrx_word' id='word_1_253' title='bbox 1423 3022 1572 3091; x_wconf 85' lang='lat' dir='ltr'><strong><em>Quod</em></strong></span> <span class='ocrx_word' id='word_1_254' title='bbox 1603 3025 1769 3077; x_wconf 89' lang='lat' dir='ltr'><strong><em>tribus</em></strong></span> <span class='ocrx_word' id='word_1_255' title='bbox 1809 3025 1912 3077; x_wconf 93' lang='lat' dir='ltr'><strong><em>lin-</em></strong></span> 
     </span>
    </p>
   </div>
   <div class='ocr_carea' id='block_1_32' title="bbox 325 3113 1910 3185">
    <p class='ocr_par' dir='ltr' id='par_1_32' title="bbox 325 3113 1910 3185">
     <span class='ocr_line' id='line_1_32' title="bbox 325 3113 1910 3185; baseline 0 -17"><span class='ocrx_word' id='word_1_256' title='bbox 325 3114 442 3183; x_wconf 70' lang='lat' dir='ltr'><strong><em>guis</em></strong></span> <span class='ocrx_word' id='word_1_257' title='bbox 472 3114 656 3167; x_wconf 79' lang='lat' dir='ltr'><strong><em>titulus</em></strong></span> <span class='ocrx_word' id='word_1_258' title='bbox 683 3114 1015 3185; x_wconf 90' lang='lat' dir='ltr'><strong><em>conscriptus</em></strong></span> <span class='ocrx_word' id='word_1_259' title='bbox 1041 3123 1155 3169; x_wconf 88' lang='lat' dir='ltr'><strong><em>erat</em></strong></span> <span class='ocrx_word' id='word_1_260' title='bbox 1175 3157 1187 3180; x_wconf 92' lang='lat'><strong>,</strong></span> <span class='ocrx_word' id='word_1_261' title='bbox 1224 3113 1433 3169; x_wconf 65' lang='lat' dir='ltr'><strong><em>hebrica</em></strong></span> <span class='ocrx_word' id='word_1_262' title='bbox 1458 3157 1470 3179; x_wconf 96' lang='lat'><strong><em>,</em></strong></span> <span class='ocrx_word' id='word_1_263' title='bbox 1495 3131 1663 3185; x_wconf 70' lang='lat' dir='ltr'><strong><em>grzeca</em></strong></span> <span class='ocrx_word' id='word_1_264' title='bbox 1682 3158 1694 3179; x_wconf 94' lang='lat'><strong><em>,</em></strong></span> <span class='ocrx_word' id='word_1_265' title='bbox 1728 3124 1781 3169; x_wconf 91' lang='lat' dir='ltr'><strong><em>et</em></strong></span> <span class='ocrx_word' id='word_1_266' title='bbox 1831 3116 1910 3168; x_wconf 88' lang='lat' dir='ltr'><strong><em>la-</em></strong></span> 
     </span>
    </p>
   </div>
   <div class='ocr_carea' id='block_1_33' title="bbox 328 3204 1907 3278">
    <p class='ocr_par' dir='ltr' id='par_1_33' title="bbox 328 3204 1907 3278">
     <span class='ocr_line' id='line_1_33' title="bbox 328 3204 1907 3278; baseline 0.001 -19"><span class='ocrx_word' id='word_1_267' title='bbox 328 3206 437 3259; x_wconf 81' lang='lat' dir='ltr'><strong><em>tina</em></strong></span> <span class='ocrx_word' id='word_1_268' title='bbox 464 3204 649 3275; x_wconf 82' lang='lat' dir='ltr'><strong><em>(Ibid.,</em></strong></span> <span class='ocrx_word' id='word_1_269' title='bbox 680 3205 802 3278; x_wconf 79' lang='lat'><strong><em>20);</em></strong></span> <span class='ocrx_word' id='word_1_270' title='bbox 836 3222 941 3260; x_wconf 89' lang='lat' dir='ltr'><strong><em>non</em></strong></span> <span class='ocrx_word' id='word_1_271' title='bbox 968 3207 1138 3260; x_wconf 89' lang='lat' dir='ltr'><strong><em>solmn</em></strong></span> <span class='ocrx_word' id='word_1_272' title='bbox 1169 3206 1365 3261; x_wconf 72' lang='lat' dir='ltr'><strong><em>Iucheis</em></strong></span> <span class='ocrx_word' id='word_1_273' title='bbox 1386 3248 1400 3271; x_wconf 91' lang='lat'><strong>,</strong></span> <span class='ocrx_word' id='word_1_274' title='bbox 1430 3207 1523 3260; x_wconf 90' lang='lat' dir='ltr'><strong><em>sed</em></strong></span> <span class='ocrx_word' id='word_1_275' title='bbox 1546 3208 1703 3261; x_wconf 87' lang='lat' dir='ltr'><strong><em>etiam</em></strong></span> <span class='ocrx_word' id='word_1_276' title='bbox 1730 3206 1907 3262; x_wconf 87' lang='lat' dir='ltr'><strong><em>Genti-</em></strong></span> 
     </span>
    </p>
   </div>
   <div class='ocr_carea' id='block_1_34' title="bbox 327 3296 1911 3367">
    <p class='ocr_par' dir='ltr' id='par_1_34' title="bbox 327 3296 1911 3367">
     <span class='ocr_line' id='line_1_34' title="bbox 327 3296 1911 3367; baseline 0.002 -16"><span class='ocrx_word' id='word_1_277' title='bbox 327 3296 426 3351; x_wconf 83' lang='lat' dir='ltr'><strong><em>bus</em></strong></span> <span class='ocrx_word' id='word_1_278' title='bbox 453 3312 575 3351; x_wconf 86' lang='lat' dir='ltr'><strong><em>eum</em></strong></span> <span class='ocrx_word' id='word_1_279' title='bbox 602 3305 939 3367; x_wconf 88' lang='lat' dir='ltr'><strong><em>regnaturum</em></strong></span> <span class='ocrx_word' id='word_1_280' title='bbox 974 3298 1137 3352; x_wconf 88' lang='lat' dir='ltr'><strong><em>fuisse</em></strong></span> <span class='ocrx_word' id='word_1_281' title='bbox 1180 3297 1504 3353; x_wconf 84' lang='lat' dir='ltr'><strong><em>declaratum</em></strong></span> <span class='ocrx_word' id='word_1_282' title='bbox 1542 3308 1641 3354; x_wconf 91' lang='lat' dir='ltr'><strong><em>est.</em></strong></span> <span class='ocrx_word' id='word_1_283' title='bbox 1680 3300 1911 3356; x_wconf 85' lang='lat' dir='ltr'><strong><em>Proinde</em></strong></span> 
     </span>
    </p>
   </div>
   <div class='ocr_carea' id='block_1_35' title="bbox 325 3386 1909 3460">
    <p class='ocr_par' dir='ltr' id='par_1_35' title="bbox 325 3386 1909 3460">
     <span class='ocr_line' id='line_1_35' title="bbox 325 3386 1909 3460; baseline 0.003 -18"><span class='ocrx_word' id='word_1_284' title='bbox 325 3386 381 3442; x_wconf 82' lang='lat' dir='ltr'><strong><em>in</em></strong></span> <span class='ocrx_word' id='word_1_285' title='bbox 410 3388 596 3443; x_wconf 86' lang='lat' dir='ltr'><strong><em>eodem</em></strong></span> <span class='ocrx_word' id='word_1_286' title='bbox 626 3390 832 3457; x_wconf 80' lang='lat' dir='ltr'><strong><em>psalmo</em></strong></span> <span class='ocrx_word' id='word_1_287' title='bbox 854 3404 973 3441; x_wconf 91' lang='lat' dir='ltr'><strong><em>cum</em></strong></span> <span class='ocrx_word' id='word_1_288' title='bbox 1004 3390 1224 3444; x_wconf 81' lang='lat' dir='ltr'><strong><em>dixisset</em></strong></span> <span class='ocrx_word' id='word_1_289' title='bbox 1249 3433 1263 3455; x_wconf 91' lang='lat'><strong><em>,</em></strong></span> <span class='ocrx_word' id='word_1_290' title='bbox 1293 3390 1401 3460; x_wconf 83' lang='lat' dir='ltr'><strong><em>Ego</em></strong></span> <span class='ocrx_word' id='word_1_291' title='bbox 1424 3400 1587 3444; x_wconf 88' lang='lat' dir='ltr'><strong><em>autem</em></strong></span> <span class='ocrx_word' id='word_1_292' title='bbox 1615 3394 1909 3447; x_wconf 84' lang='lat' dir='ltr'><strong><em>constitutus</em></strong></span> 
     </span>
    </p>
   </div>
   <div class='ocr_carea' id='block_1_36' title="bbox 325 3480 1911 3554">
    <p class='ocr_par' dir='ltr' id='par_1_36' title="bbox 325 3480 1911 3554">
     <span class='ocr_line' id='line_1_36' title="bbox 325 3480 1911 3554; baseline 0.003 -19"><span class='ocrx_word' id='word_1_293' title='bbox 325 3496 438 3535; x_wconf 78' lang='lat' dir='ltr'><strong><em>sum</em></strong></span> <span class='ocrx_word' id='word_1_294' title='bbox 468 3497 557 3535; x_wconf 71' lang='lat' dir='ltr'><strong><em>rem</em></strong></span> <span class='ocrx_word' id='word_1_295' title='bbox 584 3498 736 3549; x_wconf 85' lang='lat' dir='ltr'><strong><em>super</em></strong></span> <span class='ocrx_word' id='word_1_296' title='bbox 757 3480 885 3535; x_wconf 88' lang='lat' dir='ltr'><strong><em>Sion</em></strong></span> <span class='ocrx_word' id='word_1_297' title='bbox 906 3490 1121 3534; x_wconf 87' lang='lat' dir='ltr'><strong><em>montem</em></strong></span> <span class='ocrx_word' id='word_1_298' title='bbox 1150 3493 1379 3535; x_wconf 88' lang='lat' dir='ltr'><strong><em>sanctum</em></strong></span> <span class='ocrx_word' id='word_1_299' title='bbox 1410 3485 1516 3554; x_wconf 87' lang='lat' dir='ltr'><strong><em>ejus</em></strong></span> <span class='ocrx_word' id='word_1_300' title='bbox 1543 3527 1555 3550; x_wconf 91' lang='lat'><strong><em>,</em></strong></span> <span class='ocrx_word' id='word_1_301' title='bbox 1590 3485 1675 3538; x_wconf 83' lang='lat' dir='ltr'><strong>tibi</strong></span> <span class='ocrx_word' id='word_1_302' title='bbox 1707 3487 1911 3551; x_wconf 76' lang='lat' dir='ltr'><strong><em>scilicet</em></strong></span> 
     </span>
    </p>
   </div>
   <div class='ocr_carea' id='block_1_37' title="bbox 326 3571 1905 3646">
    <p class='ocr_par' dir='ltr' id='par_1_37' title="bbox 326 3571 1905 3646">
     <span class='ocr_line' id='line_1_37' title="bbox 326 3571 1905 3646; baseline 0.004 -22"><span class='ocrx_word' id='word_1_303' title='bbox 326 3571 544 3626; x_wconf 69' lang='lat' dir='ltr'><strong><em>hebraea</em></strong></span> <span class='ocrx_word' id='word_1_304' title='bbox 574 3572 753 3639; x_wconf 83' lang='lat' dir='ltr'><strong><em>lingua</em></strong></span> <span class='ocrx_word' id='word_1_305' title='bbox 806 3572 1083 3639; x_wconf 79' lang='lat' dir='ltr'><strong><em>regnavit;</em></strong></span> <span class='ocrx_word' id='word_1_306' title='bbox 1112 3574 1363 3626; x_wconf 91' lang='lat' dir='ltr'><strong><em>continuo</em></strong></span> <span class='ocrx_word' id='word_1_307' title='bbox 1404 3582 1650 3643; x_wconf 88' lang='lat' dir='ltr'><strong><em>tauquam</em></strong></span> <span class='ocrx_word' id='word_1_308' title='bbox 1684 3578 1871 3645; x_wconf 70' lang='lat' dir='ltr'><strong><em>&#39;graeca</em></strong></span> <span class='ocrx_word' id='word_1_309' title='bbox 1891 3619 1905 3646; x_wconf 95' lang='lat'><strong><em>,</em></strong></span> 
     </span>
    </p>
   </div>
   <div class='ocr_carea' id='block_1_38' title="bbox 321 3661 1909 3734">
    <p class='ocr_par' dir='ltr' id='par_1_38' title="bbox 321 3661 1909 3734">
     <span class='ocr_line' id='line_1_38' title="bbox 321 3661 1909 3734; baseline 0.003 -18"><span class='ocrx_word' id='word_1_310' title='bbox 321 3661 595 3731; x_wconf 75' lang='lat' dir='ltr'><strong><em>latiusque</em></strong></span> <span class='ocrx_word' id='word_1_311' title='bbox 620 3663 944 3732; x_wconf 82' lang='lat' dir='ltr'><strong><em>subjungens</em></strong></span> <span class='ocrx_word' id='word_1_312' title='bbox 968 3705 983 3729; x_wconf 92' lang='lat'><strong><em>,</em></strong></span> <span class='ocrx_word' id='word_1_313' title='bbox 1011 3661 1260 3717; x_wconf 81' lang='lat' dir='ltr'><strong><em>Dominus</em></strong></span> <span class='ocrx_word' id='word_1_314' title='bbox 1279 3706 1291 3729; x_wconf 93' lang='lat'><strong><em>,</em></strong></span> <span class='ocrx_word' id='word_1_315' title='bbox 1325 3665 1523 3734; x_wconf 90' lang='lat' dir='ltr'><strong><em>inquit,</em></strong></span> <span class='ocrx_word' id='word_1_316' title='bbox 1557 3667 1684 3720; x_wconf 69' lang='lat' dir='ltr'><strong><em>dixit</em></strong></span> <span class='ocrx_word' id='word_1_317' title='bbox 1704 3669 1770 3719; x_wconf 85' lang='lat' dir='ltr'><strong><em>ad</em></strong></span> <span class='ocrx_word' id='word_1_318' title='bbox 1790 3686 1866 3721; x_wconf 88' lang='lat' dir='ltr'><strong><em>me</em></strong></span> <span class='ocrx_word' id='word_1_319' title='bbox 1889 3686 1909 3722; x_wconf 89' lang='lat'><strong><em>:</em></strong></span> 
     </span>
    </p>
   </div>
   <div class='ocr_carea' id='block_1_39' title="bbox 322 3751 1908 3845">
    <p class='ocr_par' dir='ltr' id='par_1_39' title="bbox 322 3751 1908 3845">
     <span class='ocr_line' id='line_1_39' title="bbox 322 3751 1908 3845; baseline 0.005 -38"><span class='ocrx_word' id='word_1_320' title='bbox 322 3751 497 3807; x_wconf 75' lang='lat' dir='ltr'><strong><em>Filius</em></strong></span> <span class='ocrx_word' id='word_1_321' title='bbox 522 3770 659 3808; x_wconf 81' lang='lat' dir='ltr'><strong><em>meus</em></strong></span> <span class='ocrx_word' id='word_1_322' title='bbox 682 3770 733 3807; x_wconf 88' lang='lat' dir='ltr'><strong><em>es</em></strong></span> <span class='ocrx_word' id='word_1_323' title='bbox 760 3764 811 3845; x_wconf 42' lang='grc' dir='ltr'>ιρι</span> <span class='ocrx_word' id='word_1_324' title='bbox 833 3796 847 3820; x_wconf 92' lang='grc'><strong><em>,</em></strong></span> <span class='ocrx_word' id='word_1_325' title='bbox 882 3770 969 3825; x_wconf 85' lang='lat' dir='ltr'><strong><em>ego</em></strong></span> <span class='ocrx_word' id='word_1_326' title='bbox 995 3754 1142 3809; x_wconf 81' lang='lat' dir='ltr'><strong><em>hodie</em></strong></span> <span class='ocrx_word' id='word_1_327' title='bbox 1186 3757 1337 3827; x_wconf 83' lang='lat' dir='ltr'><strong><em>genui</em></strong></span> <span class='ocrx_word' id='word_1_328' title='bbox 1363 3767 1407 3809; x_wconf 91' lang='lat' dir='ltr'><strong><em>te</em></strong></span> <span class='ocrx_word' id='word_1_329' title='bbox 1436 3774 1454 3811; x_wconf 92' lang='lat'><strong><em>:</em></strong></span> <span class='ocrx_word' id='word_1_330' title='bbox 1484 3769 1593 3829; x_wconf 88' lang='lat' dir='ltr'><strong><em>pete</em></strong></span> <span class='ocrx_word' id='word_1_331' title='bbox 1635 3777 1665 3812; x_wconf 93' lang='lat' dir='ltr'><strong><em>a</em></strong></span> <span class='ocrx_word' id='word_1_332' title='bbox 1718 3778 1828 3828; x_wconf 89' lang='lat' dir='ltr'><strong><em>me,</em></strong></span> <span class='ocrx_word' id='word_1_333' title='bbox 1863 3771 1908 3816; x_wconf 83' lang='lat' dir='ltr'><strong><em>et</em></strong></span> 
     </span>
    </p>
   </div>
   <div class='ocr_carea' id='block_1_40' title="bbox 326 3847 1911 3925">
    <p class='ocr_par' dir='ltr' id='par_1_40' title="bbox 326 3847 1911 3925">
     <span class='ocr_line' id='line_1_40' title="bbox 326 3847 1911 3925; baseline 0.008 -25"><span class='ocrx_word' id='word_1_334' title='bbox 326 3847 459 3901; x_wconf 82' lang='lat' dir='ltr'><strong><em>dabo</em></strong></span> <span class='ocrx_word' id='word_1_335' title='bbox 502 3847 589 3900; x_wconf 85' lang='lat' dir='ltr'><strong><em>tibi</em></strong></span> <span class='ocrx_word' id='word_1_336' title='bbox 639 3858 806 3919; x_wconf 82' lang='lat' dir='ltr'><strong><em>gentes</em></strong></span> <span class='ocrx_word' id='word_1_337' title='bbox 854 3849 1194 3903; x_wconf 75' lang='lat' dir='ltr'><strong><em>bwreditatem</em></strong></span> <span class='ocrx_word' id='word_1_338' title='bbox 1237 3860 1406 3918; x_wconf 89' lang='lat' dir='ltr'><strong><em>tuam,</em></strong></span> <span class='ocrx_word' id='word_1_339' title='bbox 1462 3862 1507 3906; x_wconf 90' lang='lat' dir='ltr'><strong><em>et</em></strong></span> <span class='ocrx_word' id='word_1_340' title='bbox 1550 3856 1911 3925; x_wconf 83' lang='lat' dir='ltr'><strong><em>possessionem</em></strong></span> 
     </span>
    </p>
   </div>
   <div class='ocr_carea' id='block_1_41' title="bbox 326 3938 1907 4017">
    <p class='ocr_par' dir='ltr' id='par_1_41' title="bbox 326 3938 1907 4017">
     <span class='ocr_line' id='line_1_41' title="bbox 326 3938 1907 4017; baseline 0.007 -24"><span class='ocrx_word' id='word_1_341' title='bbox 326 3948 464 3993; x_wconf 64' lang='lat' dir='ltr'><strong><em>Nam</em></strong></span> <span class='ocrx_word' id='word_1_342' title='bbox 491 3940 617 4009; x_wconf 76' lang='lat' dir='ltr'><strong><em>ﬁnes</em></strong></span> <span class='ocrx_word' id='word_1_343' title='bbox 641 3950 786 3993; x_wconf 78' lang='lat' dir='ltr'><strong><em>terra:</em></strong></span> <span class='ocrx_word' id='word_1_344' title='bbox 810 3938 977 4009; x_wconf 84' lang='lat' dir='ltr'><strong><em>(Psal.</em></strong></span> <span class='ocrx_word' id='word_1_345' title='bbox 1008 3958 1075 4005; x_wconf 89' lang='grc' dir='ltr'><strong><em>ιι,</em></strong></span> <span class='ocrx_word' id='word_1_346' title='bbox 1120 3942 1181 4008; x_wconf 85' lang='grc'>6,</span> <span class='ocrx_word' id='word_1_347' title='bbox 1218 3942 1291 4012; x_wconf 89' lang='lat'><strong><em>7).</em></strong></span> <span class='ocrx_word' id='word_1_348' title='bbox 1342 3943 1456 3997; x_wconf 83' lang='lat' dir='ltr'><strong><em>Non</em></strong></span> <span class='ocrx_word' id='word_1_349' title='bbox 1500 3947 1621 4015; x_wconf 86' lang='lat' dir='ltr'><strong><em>quia</em></strong></span> <span class='ocrx_word' id='word_1_350' title='bbox 1658 3963 1824 4017; x_wconf 72' lang='lat' dir='ltr'><strong><em>grtcca</em></strong></span> <span class='ocrx_word' id='word_1_351' title='bbox 1853 3960 1907 4004; x_wconf 89' lang='lat' dir='ltr'><strong><em>et</em></strong></span> 
     </span>
    </p>
   </div>
   <div class='ocr_carea' id='block_1_42' title="bbox 323 4030 1907 4108">
    <p class='ocr_par' dir='ltr' id='par_1_42' title="bbox 323 4030 1907 4108">
     <span class='ocr_line' id='line_1_42' title="bbox 323 4030 1907 4108; baseline 0.007 -23"><span class='ocrx_word' id='word_1_352' title='bbox 323 4030 489 4087; x_wconf 84' lang='lat' dir='ltr'><strong><em>latina</em></strong></span> <span class='ocrx_word' id='word_1_353' title='bbox 514 4033 640 4085; x_wconf 68' lang='lat' dir='ltr'><strong><em>solut</em></strong></span> <span class='ocrx_word' id='word_1_354' title='bbox 673 4043 797 4086; x_wconf 89' lang='lat' dir='ltr'><strong><em>sunt</em></strong></span> <span class='ocrx_word' id='word_1_355' title='bbox 825 4034 1057 4102; x_wconf 81' lang='lat' dir='ltr'><strong><em>gentium</em></strong></span> <span class='ocrx_word' id='word_1_356' title='bbox 1083 4034 1273 4105; x_wconf 70' lang='lat' dir='ltr'><strong><em>lingua:</em></strong></span> <span class='ocrx_word' id='word_1_357' title='bbox 1307 4053 1319 4089; x_wconf 75' lang='grc' dir='ltr'><strong>ε</strong></span> <span class='ocrx_word' id='word_1_358' title='bbox 1349 4036 1441 4090; x_wconf 89' lang='lat' dir='ltr'><strong><em>sed</em></strong></span> <span class='ocrx_word' id='word_1_359' title='bbox 1462 4039 1581 4108; x_wconf 85' lang='lat' dir='ltr'><strong>quia</strong></span> <span class='ocrx_word' id='word_1_360' title='bbox 1611 4039 1738 4108; x_wconf 82' lang='lat' dir='ltr'><strong><em>ipsae</em></strong></span> <span class='ocrx_word' id='word_1_361' title='bbox 1790 4058 1907 4096; x_wconf 89' lang='lat' dir='ltr'><strong><em>ma-</em></strong></span> 
     </span>
    </p>
   </div>
   <div class='ocr_carea' id='block_1_43' title="bbox 321 4124 1902 4203">
    <p class='ocr_par' dir='ltr' id='par_1_43' title="bbox 321 4124 1902 4203">
     <span class='ocr_line' id='line_1_43' title="bbox 321 4124 1902 4203; baseline 0.006 -23"><span class='ocrx_word' id='word_1_362' title='bbox 321 4124 464 4180; x_wconf 83' lang='lat' dir='ltr'><strong><em>xime</em></strong></span> <span class='ocrx_word' id='word_1_363' title='bbox 494 4126 757 4179; x_wconf 85' lang='lat' dir='ltr'><strong><em>excellunt</em></strong></span> <span class='ocrx_word' id='word_1_364' title='bbox 786 4168 799 4193; x_wconf 92' lang='lat'><strong>,</strong></span> <span class='ocrx_word' id='word_1_365' title='bbox 832 4142 1033 4197; x_wconf 73' lang='lat' dir='ltr'><strong><em>gnrea,</em></strong></span> <span class='ocrx_word' id='word_1_366' title='bbox 1070 4138 1284 4198; x_wconf 89' lang='lat' dir='ltr'><strong><em>propter</em></strong></span> <span class='ocrx_word' id='word_1_367' title='bbox 1309 4130 1537 4184; x_wconf 90' lang='lat' dir='ltr'><strong><em>studium</em></strong></span> <span class='ocrx_word' id='word_1_368' title='bbox 1573 4132 1902 4203; x_wconf 89' lang='lat' dir='ltr'><strong><em>litterarum;</em></strong></span> 
     </span>
    </p>
   </div>
   <div class='ocr_carea' id='block_1_44' title="bbox 322 4215 1903 4291">
    <p class='ocr_par' dir='ltr' id='par_1_44' title="bbox 322 4215 1903 4291">
     <span class='ocr_line' id='line_1_44' title="bbox 322 4215 1903 4291; baseline 0.007 -21"><span class='ocrx_word' id='word_1_369' title='bbox 322 4215 519 4281; x_wconf 83' lang='lat' dir='ltr'><strong><em>latina,</em></strong></span> <span class='ocrx_word' id='word_1_370' title='bbox 556 4227 771 4287; x_wconf 89' lang='lat' dir='ltr'><strong><em>propter</em></strong></span> <span class='ocrx_word' id='word_1_371' title='bbox 818 4219 1103 4287; x_wconf 73' lang='lat' dir='ltr'><strong><em>peritiam‘</em></strong></span> <span class='ocrx_word' id='word_1_372' title='bbox 1133 4220 1519 4276; x_wconf 81' lang='lat' dir='ltr'><strong><em>Romanorum.</em></strong></span> <span class='ocrx_word' id='word_1_373' title='bbox 1558 4224 1808 4291; x_wconf 79' lang='lat' dir='ltr'><strong><em>Quamvis</em></strong></span> <span class='ocrx_word' id='word_1_374' title='bbox 1854 4228 1903 4282; x_wconf 92' lang='lat' dir='ltr'><strong><em>in</em></strong></span> 
     </span>
    </p>
   </div>
   <div class='ocr_carea' id='block_1_45' title="bbox 321 4307 1905 4385">
    <p class='ocr_par' dir='ltr' id='par_1_45' title="bbox 321 4307 1905 4385">
     <span class='ocr_line' id='line_1_45' title="bbox 321 4307 1905 4385; baseline 0.008 -23"><span class='ocrx_word' id='word_1_375' title='bbox 321 4307 428 4362; x_wconf 77' lang='lat' dir='ltr'><strong><em>illis</em></strong></span> <span class='ocrx_word' id='word_1_376' title='bbox 470 4308 636 4364; x_wconf 87' lang='lat' dir='ltr'><strong><em>tribus</em></strong></span> <span class='ocrx_word' id='word_1_377' title='bbox 698 4309 889 4380; x_wconf 84' lang='lat' dir='ltr'><strong><em>linguis</em></strong></span> <span class='ocrx_word' id='word_1_378' title='bbox 933 4309 1144 4366; x_wconf 81' lang='lat' dir='ltr'><strong><em>Christo</em></strong></span> <span class='ocrx_word' id='word_1_379' title='bbox 1199 4314 1527 4385; x_wconf 84' lang='lat' dir='ltr'><strong><em>subjuganda</em></strong></span> <span class='ocrx_word' id='word_1_380' title='bbox 1590 4318 1905 4375; x_wconf 82' lang='lat' dir='ltr'><strong><em>universitas</em></strong></span> 
     </span>
    </p>
   </div>
   <div class='ocr_carea' id='block_1_46' title="bbox 323 4400 1907 4469">
    <p class='ocr_par' dir='ltr' id='par_1_46' title="bbox 323 4400 1907 4469">
     <span class='ocr_line' id='line_1_46' title="bbox 323 4400 1907 4469; baseline 0.009 -17"><span class='ocrx_word' id='word_1_381' title='bbox 323 4400 556 4469; x_wconf 82' lang='lat' dir='ltr'><strong><em>gentium</em></strong></span> <span class='ocrx_word' id='word_1_382' title='bbox 607 4402 842 4455; x_wconf 88' lang='lat' dir='ltr'><strong><em>omnium</em></strong></span> <span class='ocrx_word' id='word_1_383' title='bbox 902 4412 1341 4457; x_wconf 77' lang='lat' dir='ltr'><strong><em>numstrarctur:</em></strong></span> <span class='ocrx_word' id='word_1_384' title='bbox 1394 4423 1497 4459; x_wconf 89' lang='lat' dir='ltr'><strong><em>non</em></strong></span> <span class='ocrx_word' id='word_1_385' title='bbox 1558 4418 1732 4463; x_wconf 88' lang='lat' dir='ltr'><strong><em>tamen</em></strong></span> <span class='ocrx_word' id='word_1_386' title='bbox 1800 4411 1907 4468; x_wconf 91' lang='lat' dir='ltr'><strong><em>illic</em></strong></span> 
     </span>
    </p>
   </div>
   <div class='ocr_carea' id='block_1_47' title="bbox 321 4495 1905 4562">
    <p class='ocr_par' dir='ltr' id='par_1_47' title="bbox 321 4495 1905 4562">
     <span class='ocr_line' id='line_1_47' title="bbox 321 4495 1905 4562; baseline 0.008 -16"><span class='ocrx_word' id='word_1_387' title='bbox 321 4497 576 4562; x_wconf 88' lang='lat' dir='ltr'><strong><em>scriptum</em></strong></span> <span class='ocrx_word' id='word_1_388' title='bbox 597 4503 748 4549; x_wconf 86' lang='lat' dir='ltr'><strong><em>estet</em></strong></span> <span class='ocrx_word' id='word_1_389' title='bbox 768 4511 863 4549; x_wconf 91' lang='lat' dir='ltr'><strong><em>rex</em></strong></span> <span class='ocrx_word' id='word_1_390' title='bbox 886 4495 1155 4562; x_wconf 89' lang='lat' dir='ltr'><strong><em>Gentium,</em></strong></span> <span class='ocrx_word' id='word_1_391' title='bbox 1186 4497 1278 4551; x_wconf 88' lang='lat' dir='ltr'><strong><em>sed</em></strong></span> <span class='ocrx_word' id='word_1_392' title='bbox 1313 4501 1678 4555; x_wconf 89' lang='lat' dir='ltr'><strong><em>tantummodo</em></strong></span> <span class='ocrx_word' id='word_1_393' title='bbox 1704 4502 1905 4558; x_wconf 77' lang='lat' dir='ltr'><strong><em>Judan-</em></strong></span> 
     </span>
    </p>
   </div>
   <div class='ocr_carea' id='block_1_48' title="bbox 321 4584 1903 4662">
    <p class='ocr_par' dir='ltr' id='par_1_48' title="bbox 321 4584 1903 4662">
     <span class='ocr_line' id='line_1_48' title="bbox 321 4584 1903 4662; baseline 0.008 -23"><span class='ocrx_word' id='word_1_394' title='bbox 321 4599 439 4639; x_wconf 86' lang='lat' dir='ltr'><strong><em>rttm</em></strong></span> <span class='ocrx_word' id='word_1_395' title='bbox 465 4601 478 4648; x_wconf 93' lang='lat'><strong>;</strong></span> <span class='ocrx_word' id='word_1_396' title='bbox 509 4592 566 4638; x_wconf 92' lang='lat' dir='ltr'><strong><em>ut</em></strong></span> <span class='ocrx_word' id='word_1_397' title='bbox 593 4584 1053 4640; x_wconf 87' lang='lat' dir='ltr'><strong><em>commendaretur</em></strong></span> <span class='ocrx_word' id='word_1_398' title='bbox 1073 4588 1222 4657; x_wconf 85' lang='lat' dir='ltr'><strong><em>origo</em></strong></span> <span class='ocrx_word' id='word_1_399' title='bbox 1248 4590 1488 4656; x_wconf 85' lang='lat' dir='ltr'><strong><em>seminis,</em></strong></span> <span class='ocrx_word' id='word_1_400' title='bbox 1514 4590 1563 4644; x_wconf 92' lang='lat' dir='ltr'><strong><em>in</em></strong></span> <span class='ocrx_word' id='word_1_401' title='bbox 1584 4594 1903 4662; x_wconf 83' lang='lat' dir='ltr'><strong><em>proprietate</em></strong></span> 
     </span>
    </p>
   </div>
   <div class='ocr_carea' id='block_1_49' title="bbox 319 4674 1904 4753">
    <p class='ocr_par' dir='ltr' id='par_1_49' title="bbox 319 4674 1904 4753">
     <span class='ocr_line' id='line_1_49' title="bbox 319 4674 1904 4753; baseline 0.006 -24"><span class='ocrx_word' id='word_1_402' title='bbox 319 4675 571 4730; x_wconf 84' lang='lat' dir='ltr'><strong><em>nominis.</em></strong></span> <span class='ocrx_word' id='word_1_403' title='bbox 617 4674 725 4729; x_wconf 73' lang='lat' dir='ltr'><strong><em>Lex</em></strong></span> <span class='ocrx_word' id='word_1_404' title='bbox 770 4679 909 4730; x_wconf 89' lang='lat' dir='ltr'><strong><em>enim</em></strong></span> <span class='ocrx_word' id='word_1_405' title='bbox 956 4694 986 4729; x_wconf 92' lang='lat' dir='ltr'><strong><em>a</em></strong></span> <span class='ocrx_word' id='word_1_406' title='bbox 1034 4676 1160 4732; x_wconf 82' lang='lat' dir='ltr'><strong><em>Sion</em></strong></span> <span class='ocrx_word' id='word_1_407' title='bbox 1197 4680 1422 4746; x_wconf 87' lang='lat' dir='ltr'><strong><em>prodiet,</em></strong></span> <span class='ocrx_word' id='word_1_408' title='bbox 1457 4681 1653 4736; x_wconf 89' lang='lat' dir='ltr'><strong><em>dictum</em></strong></span> <span class='ocrx_word' id='word_1_409' title='bbox 1696 4692 1811 4753; x_wconf 89' lang='lat' dir='ltr'><strong><em>est,</em></strong></span> <span class='ocrx_word' id='word_1_410' title='bbox 1858 4694 1904 4740; x_wconf 91' lang='lat' dir='ltr'><strong><em>et</em></strong></span> 
     </span>
    </p>
   </div>
   <div class='ocr_carea' id='block_1_50' title="bbox 317 4765 1899 4844">
    <p class='ocr_par' dir='ltr' id='par_1_50' title="bbox 317 4765 1899 4844">
     <span class='ocr_line' id='line_1_50' title="bbox 317 4765 1899 4844; baseline 0.008 -26"><span class='ocrx_word' id='word_1_411' title='bbox 317 4765 523 4819; x_wconf 81' lang='lat' dir='ltr'><strong><em>verbum</em></strong></span> <span class='ocrx_word' id='word_1_412' title='bbox 551 4765 759 4819; x_wconf 78' lang='lat' dir='ltr'><strong><em>Domini</em></strong></span> <span class='ocrx_word' id='word_1_413' title='bbox 786 4767 847 4819; x_wconf 85' lang='lat' dir='ltr'><strong><em>ab</em></strong></span> <span class='ocrx_word' id='word_1_414' title='bbox 873 4765 1156 4821; x_wconf 74' lang='lat' dir='ltr'><strong><em>Jerusalem</em></strong></span> <span class='ocrx_word' id='word_1_415' title='bbox 1197 4768 1350 4837; x_wconf 88' lang='lat' dir='ltr'><strong><em>(lsai.</em></strong></span> <span class='ocrx_word' id='word_1_416' title='bbox 1411 4787 1475 4837; x_wconf 87' lang='grc' dir='ltr'><strong><em>ιι,</em></strong></span> <span class='ocrx_word' id='word_1_417' title='bbox 1508 4770 1584 4841; x_wconf 81' lang='lat'><strong><em>&#39;5).</em></strong></span> <span class='ocrx_word' id='word_1_418' title='bbox 1637 4773 1766 4827; x_wconf 86' lang='lat' dir='ltr'><strong><em>Nam</em></strong></span> <span class='ocrx_word' id='word_1_419' title='bbox 1812 4776 1899 4844; x_wconf 88' lang='lat' dir='ltr'><strong>qui</strong></span> 
     </span>
    </p>
   </div>
   <div class='ocr_carea' id='block_1_51' title="bbox 319 4860 1901 4936">
    <p class='ocr_par' dir='ltr' id='par_1_51' title="bbox 319 4860 1901 4936">
     <span class='ocr_line' id='line_1_51' title="bbox 319 4860 1901 4936; baseline 0.004 -21"><span class='ocrx_word' id='word_1_420' title='bbox 319 4869 448 4915; x_wconf 90' lang='lat' dir='ltr'><strong><em>sunt</em></strong></span> <span class='ocrx_word' id='word_1_421' title='bbox 475 4860 562 4931; x_wconf 92' lang='lat' dir='ltr'><strong>qui</strong></span> <span class='ocrx_word' id='word_1_422' title='bbox 595 4861 775 4915; x_wconf 90' lang='lat' dir='ltr'><strong><em>dicunt</em></strong></span> <span class='ocrx_word' id='word_1_423' title='bbox 803 4861 856 4914; x_wconf 92' lang='lat' dir='ltr'><strong><em>in</em></strong></span> <span class='ocrx_word' id='word_1_424' title='bbox 881 4860 1091 4914; x_wconf 85' lang='lat' dir='ltr'><strong><em>Psalmo</em></strong></span> <span class='ocrx_word' id='word_1_425' title='bbox 1115 4903 1128 4928; x_wconf 89' lang='lat'><strong><em>,</em></strong></span> <span class='ocrx_word' id='word_1_426' title='bbox 1170 4860 1393 4932; x_wconf 84' lang='lat' dir='ltr'><strong><em>Subjccit</em></strong></span> <span class='ocrx_word' id='word_1_427' title='bbox 1433 4864 1598 4934; x_wconf 81' lang='lat' dir='ltr'><strong><em>plebes</em></strong></span> <span class='ocrx_word' id='word_1_428' title='bbox 1628 4868 1767 4920; x_wconf 87' lang='lat' dir='ltr'><strong><em>nobis</em></strong></span> <span class='ocrx_word' id='word_1_429' title='bbox 1790 4909 1806 4936; x_wconf 88' lang='lat'><strong>,</strong></span> <span class='ocrx_word' id='word_1_430' title='bbox 1856 4878 1901 4921; x_wconf 89' lang='lat' dir='ltr'><strong><em>et</em></strong></span> 
     </span>
    </p>
   </div>
   <div class='ocr_carea' id='block_1_52' title="bbox 323 4953 1901 5026">
    <p class='ocr_par' dir='ltr' id='par_1_52' title="bbox 323 4953 1901 5026">
     <span class='ocr_line' id='line_1_52' title="bbox 323 4953 1901 5026; baseline 0.003 -18"><span class='ocrx_word' id='word_1_431' title='bbox 323 4953 504 5008; x_wconf 83' lang='lat' dir='ltr'><strong><em>Gentes</em></strong></span> <span class='ocrx_word' id='word_1_432' title='bbox 549 4953 638 5008; x_wconf 86' lang='lat' dir='ltr'><strong><em>sub</em></strong></span> <span class='ocrx_word' id='word_1_433' title='bbox 666 4953 872 5024; x_wconf 85' lang='lat' dir='ltr'><strong><em>pedibus</em></strong></span> <span class='ocrx_word' id='word_1_434' title='bbox 920 4954 1100 5007; x_wconf 84' lang='lat' dir='ltr'><strong><em>nostris</em></strong></span> <span class='ocrx_word' id='word_1_435' title='bbox 1126 4953 1296 5026; x_wconf 85' lang='lat' dir='ltr'><strong><em>(Psal.</em></strong></span> <span class='ocrx_word' id='word_1_436' title='bbox 1352 4971 1503 5020; x_wconf 81' lang='lat' dir='ltr'><strong><em>vat,</em></strong></span> <span class='ocrx_word' id='word_1_437' title='bbox 1550 4957 1639 5025; x_wconf 68' lang='lat'><strong><em>4);</em></strong></span> <span class='ocrx_word' id='word_1_438' title='bbox 1694 4958 1795 5011; x_wconf 86' lang='lat' dir='ltr'><strong><em>nisi</em></strong></span> <span class='ocrx_word' id='word_1_439' title='bbox 1834 4958 1901 5013; x_wconf 91' lang='lat' dir='ltr'><strong><em>de</em></strong></span> 
     </span>
    </p>
   </div>
   <div class='ocr_carea' id='block_1_53' title="bbox 314 5044 1900 5121">
    <p class='ocr_par' dir='ltr' id='par_1_53' title="bbox 314 5044 1900 5121">
     <span class='ocr_line' id='line_1_53' title="bbox 314 5044 1900 5121; baseline 0.002 -22"><span class='ocrx_word' id='word_1_440' title='bbox 314 5047 509 5121; x_wconf 86' lang='lat' dir='ltr'><strong>quibus</strong></span> <span class='ocrx_word' id='word_1_441' title='bbox 534 5046 663 5100; x_wconf 85' lang='lat' dir='ltr'><strong><em>dicit</em></strong></span> <span class='ocrx_word' id='word_1_442' title='bbox 695 5046 977 5114; x_wconf 81' lang='lat' dir='ltr'><strong><em>Apostolus</em></strong></span> <span class='ocrx_word' id='word_1_443' title='bbox 1001 5082 1015 5110; x_wconf 86' lang='lat'><strong><em>,</em></strong></span> <span class='ocrx_word' id='word_1_444' title='bbox 1059 5044 1119 5099; x_wconf 89' lang='lat' dir='ltr'><strong><em>Si</em></strong></span> <span class='ocrx_word' id='word_1_445' title='bbox 1155 5046 1285 5098; x_wconf 89' lang='lat' dir='ltr'><strong><em>enim</em></strong></span> <span class='ocrx_word' id='word_1_446' title='bbox 1336 5045 1682 5113; x_wconf 69' lang='lat' dir='ltr'><strong><em>spiritua’libus</em></strong></span> <span class='ocrx_word' id='word_1_447' title='bbox 1731 5065 1900 5102; x_wconf 88' lang='lat' dir='ltr'><strong><em>eorum</em></strong></span> 
     </span>
    </p>
   </div>
   <div class='ocr_carea' id='block_1_54' title="bbox 316 5135 1900 5202">
    <p class='ocr_par' dir='ltr' id='par_1_54' title="bbox 316 5135 1900 5202">
     <span class='ocr_line' id='line_1_54' title="bbox 316 5135 1900 5202; baseline 0.001 -10"><span class='ocrx_word' id='word_1_448' title='bbox 316 5139 812 5193; x_wconf 80' lang='lat' dir='ltr'><strong><em>communicaverunt</em></strong></span> <span class='ocrx_word' id='word_1_449' title='bbox 834 5136 1043 5202; x_wconf 77' lang='lat' dir='ltr'><strong><em>Gentes,</em></strong></span> <span class='ocrx_word' id='word_1_450' title='bbox 1077 5135 1253 5191; x_wconf 87' lang='lat' dir='ltr'><strong><em>debent</em></strong></span> <span class='ocrx_word' id='word_1_451' title='bbox 1280 5148 1325 5191; x_wconf 89' lang='lat' dir='ltr'><strong><em>et</em></strong></span> <span class='ocrx_word' id='word_1_452' title='bbox 1346 5139 1397 5191; x_wconf 88' lang='lat' dir='ltr'><strong><em>in</em></strong></span> <span class='ocrx_word' id='word_1_453' title='bbox 1440 5139 1726 5193; x_wconf 85' lang='lat' dir='ltr'><strong><em>carnalibus</em></strong></span> <span class='ocrx_word' id='word_1_454' title='bbox 1753 5142 1900 5195; x_wconf 87' lang='lat' dir='ltr'><strong><em>mini-</em></strong></span> 
     </span>
    </p>
   </div>
   <div class='ocr_carea' id='block_1_55' title="bbox 317 5224 1068 5298">
    <p class='ocr_par' dir='ltr' id='par_1_55' title="bbox 317 5224 1068 5298">
     <span class='ocr_line' id='line_1_55' title="bbox 317 5224 1068 5298; baseline -0.005 -15"><span class='ocrx_word' id='word_1_455' title='bbox 317 5236 484 5283; x_wconf 79' lang='lat' dir='ltr'><strong><em>strare</em></strong></span> <span class='ocrx_word' id='word_1_456' title='bbox 503 5229 572 5282; x_wconf 86' lang='lat' dir='ltr'><strong><em>eis</em></strong></span> <span class='ocrx_word' id='word_1_457' title='bbox 596 5228 766 5298; x_wconf 89' lang='lat' dir='ltr'><strong><em>(Rom.</em></strong></span> <span class='ocrx_word' id='word_1_458' title='bbox 804 5242 871 5281; x_wconf 84' lang='lat' dir='ltr'><strong><em>xv</em></strong></span> <span class='ocrx_word' id='word_1_459' title='bbox 897 5268 909 5291; x_wconf 93' lang='lat'><strong>,</strong></span> <span class='ocrx_word' id='word_1_460' title='bbox 938 5224 1068 5298; x_wconf 79' lang='lat'><strong><em>2’7)?</em></strong></span> 
     </span>
    </p>
   </div>
   <div class='ocr_carea' id='block_1_56' title="bbox 356 5318 1900 5391">
    <p class='ocr_par' dir='ltr' id='par_1_56' title="bbox 356 5318 1900 5391">
     <span class='ocr_line' id='line_1_56' title="bbox 356 5318 1900 5391; baseline 0.001 -15"><span class='ocrx_word' id='word_1_461' title='bbox 356 5356 357 5359; x_wconf 60' lang='grc' dir='ltr'><strong>η</strong></span> <span class='ocrx_word' id='word_1_462' title='bbox 391 5320 618 5376; x_wconf 83' lang='lat' dir='ltr'><strong><em>CAPUT</em></strong></span> <span class='ocrx_word' id='word_1_463' title='bbox 649 5321 757 5374; x_wconf 76' lang='lat' dir='ltr'><strong><em>VII.</em></strong></span> <span class='ocrx_word' id='word_1_464' title='bbox 780 5350 853 5361; x_wconf 91' lang='lat'><strong><em>-—</em></strong></span> <span class='ocrx_word' id='word_1_465' title='bbox 877 5321 928 5374; x_wconf 87' lang='lat'><strong><em>7.</em></strong></span> <span class='ocrx_word' id='word_1_466' title='bbox 954 5318 1126 5373; x_wconf 68' lang='lat' dir='ltr'><strong><em>Judazi</em></strong></span> <span class='ocrx_word' id='word_1_467' title='bbox 1159 5320 1299 5389; x_wconf 89' lang='lat' dir='ltr'><strong><em>apud</em></strong></span> <span class='ocrx_word' id='word_1_468' title='bbox 1342 5319 1563 5373; x_wconf 85' lang='lat' dir='ltr'><strong><em>Pilatum</em></strong></span> <span class='ocrx_word' id='word_1_469' title='bbox 1601 5328 1801 5391; x_wconf 86' lang='lat' dir='ltr'><strong><em>agentes</em></strong></span> <span class='ocrx_word' id='word_1_470' title='bbox 1838 5322 1900 5377; x_wconf 88' lang='lat' dir='ltr'><strong><em>de</em></strong></span> 
     </span>
    </p>
   </div>
   <div class='ocr_carea' id='block_1_57' title="bbox 319 5411 1897 5482">
    <p class='ocr_par' dir='ltr' id='par_1_57' title="bbox 319 5411 1897 5482">
     <span class='ocr_line' id='line_1_57' title="bbox 319 5411 1897 5482; baseline 0.001 -15"><span class='ocrx_word' id='word_1_471' title='bbox 319 5412 567 5467; x_wconf 78' lang='lat' dir='ltr'><strong><em>mutando</em></strong></span> <span class='ocrx_word' id='word_1_472' title='bbox 596 5413 760 5466; x_wconf 85' lang='lat' dir='ltr'><strong><em>titulo.</em></strong></span> <span class='ocrx_word' id='word_1_473' title='bbox 787 5411 939 5479; x_wconf 93' lang='lat' dir='ltr'><strong><em>Quod</em></strong></span> <span class='ocrx_word' id='word_1_474' title='bbox 970 5421 1347 5482; x_wconf 88' lang='lat' dir='ltr'><strong><em>suggesscrunt</em></strong></span> <span class='ocrx_word' id='word_1_475' title='bbox 1374 5413 1640 5482; x_wconf 84' lang='lat' dir='ltr'><strong><em>principes</em></strong></span> <span class='ocrx_word' id='word_1_476' title='bbox 1684 5414 1897 5468; x_wconf 67' lang='lat' dir='ltr'><strong><em>Judmo-</em></strong></span> 
     </span>
    </p>
   </div>
   <div class='ocr_carea' id='block_1_58' title="bbox 318 5505 1901 5573">
    <p class='ocr_par' dir='ltr' id='par_1_58' title="bbox 318 5505 1901 5573">
     <span class='ocr_line' id='line_1_58' title="bbox 318 5505 1901 5573; baseline 0 -12"><span class='ocrx_word' id='word_1_477' title='bbox 318 5521 470 5573; x_wconf 88' lang='lat' dir='ltr'><strong><em>rum,</em></strong></span> <span class='ocrx_word' id='word_1_478' title='bbox 498 5505 668 5559; x_wconf 89' lang='lat' dir='ltr'><strong><em>Pilato</em></strong></span> <span class='ocrx_word' id='word_1_479' title='bbox 687 5547 701 5572; x_wconf 94' lang='lat'><strong><em>,</em></strong></span> <span class='ocrx_word' id='word_1_480' title='bbox 731 5522 797 5560; x_wconf 91' lang='lat' dir='ltr'><strong><em>ne</em></strong></span> <span class='ocrx_word' id='word_1_481' title='bbox 822 5506 1064 5559; x_wconf 86' lang='lat' dir='ltr'><strong><em>absolute</em></strong></span> <span class='ocrx_word' id='word_1_482' title='bbox 1094 5505 1349 5559; x_wconf 88' lang='lat' dir='ltr'><strong><em>scriberet</em></strong></span> <span class='ocrx_word' id='word_1_483' title='bbox 1396 5505 1533 5573; x_wconf 91' lang='lat' dir='ltr'><strong><em>quod</em></strong></span> <span class='ocrx_word' id='word_1_484' title='bbox 1563 5506 1631 5559; x_wconf 85' lang='lat' dir='ltr'><strong><em>sit</em></strong></span> <span class='ocrx_word' id='word_1_485' title='bbox 1669 5523 1761 5560; x_wconf 86' lang='lat' dir='ltr'><strong><em>rex</em></strong></span> <span class='ocrx_word' id='word_1_486' title='bbox 1809 5505 1901 5561; x_wconf 87' lang='lat' dir='ltr'><strong><em>Ju-</em></strong></span> 
     </span>
    </p>
   </div>
   <div class='ocr_carea' id='block_1_59' title="bbox 315 5596 1897 5667">
    <p class='ocr_par' dir='ltr' id='par_1_59' title="bbox 315 5596 1897 5667">
     <span class='ocr_line' id='line_1_59' title="bbox 315 5596 1897 5667; baseline 0.001 -14"><span class='ocrx_word' id='word_1_487' title='bbox 315 5596 554 5653; x_wconf 83' lang='lat' dir='ltr'><strong><em>daeorum</em></strong></span> <span class='ocrx_word' id='word_1_488' title='bbox 583 5647 595 5662; x_wconf 83' lang='lat'><strong><em>,</em></strong></span> <span class='ocrx_word' id='word_1_489' title='bbox 645 5597 737 5651; x_wconf 84' lang='lat' dir='ltr'><strong><em>sed</em></strong></span> <span class='ocrx_word' id='word_1_490' title='bbox 759 5597 899 5667; x_wconf 90' lang='lat' dir='ltr'><strong><em>quod</em></strong></span> <span class='ocrx_word' id='word_1_491' title='bbox 929 5597 1041 5667; x_wconf 88' lang='lat' dir='ltr'><strong><em>ipse</em></strong></span> <span class='ocrx_word' id='word_1_492' title='bbox 1067 5612 1247 5667; x_wconf 81' lang='lat' dir='ltr'><strong><em>regem</em></strong></span> <span class='ocrx_word' id='word_1_493' title='bbox 1294 5612 1353 5653; x_wconf 89' lang='lat' dir='ltr'><strong><em>se</em></strong></span> <span class='ocrx_word' id='word_1_494' title='bbox 1376 5596 1568 5652; x_wconf 84' lang='lat' dir='ltr'><strong><em>dixerit</em></strong></span> <span class='ocrx_word' id='word_1_495' title='bbox 1592 5596 1897 5655; x_wconf 70' lang='lat' dir='ltr'><strong><em>Judteorum</em></strong></span> 
     </span>
    </p>
   </div>
   <div class='ocr_carea' id='block_1_60' title="bbox 378 5754 876 5820">
    <p class='ocr_par' dir='ltr' id='par_1_60' title="bbox 378 5754 876 5820">
     <span class='ocr_line' id='line_1_60' title="bbox 378 5754 876 5820; baseline -0.004 -15"><span class='ocrx_word' id='word_1_496' title='bbox 378 5754 402 5791; x_wconf 74' lang='grc' dir='ltr'>ί</span> <span class='ocrx_word' id='word_1_497' title='bbox 425 5760 587 5818; x_wconf 74' lang='lat' dir='ltr'><strong><em>Forte,</em></strong></span> <span class='ocrx_word' id='word_1_498' title='bbox 605 5755 876 5820; x_wconf 83' lang='lat' dir='ltr'><strong><em>potentiam.</em></strong></span> 
     </span>
    </p>
   </div>
   <div class='ocr_carea' id='block_1_61' title="bbox 1698 235 2231 309">
    <p class='ocr_par' dir='ltr' id='par_1_61' title="bbox 1698 235 2231 309">
     <span class='ocr_line' id='line_1_61' title="bbox 1698 235 2231 309; baseline -0.008 -16"><span class='ocrx_word' id='word_1_499' title='bbox 1698 236 1927 307; x_wconf 70' lang='lat' dir='ltr'><strong><em>saeuo</em></strong></span> <span class='ocrx_word' id='word_1_500' title='bbox 1963 235 2231 309; x_wconf 81' lang='lat' dir='ltr'><strong><em>ccxvut.</em></strong></span> 
     </span>
    </p>
   </div>
   <div class='ocr_carea' id='block_1_62' title="bbox 3408 208 3609 311">
    <p class='ocr_par' dir='ltr' id='par_1_62' title="bbox 3408 208 3609 311">
     <span class='ocr_line' id='line_1_62' title="bbox 3408 208 3609 311; baseline 0.025 -18"><span class='ocrx_word' id='word_1_501' title='bbox 3408 208 3419 217; x_wconf 86' lang='grc'><strong>’</strong></span> <span class='ocrx_word' id='word_1_502' title='bbox 3452 239 3609 311; x_wconf 60' lang='lat' dir='ltr'><strong><em>tosti</em></strong></span> 
     </span>
    </p>
   </div>
   <div class='ocr_carea' id='block_1_63' title="bbox 2035 348 3616 421">
    <p class='ocr_par' dir='ltr' id='par_1_63' title="bbox 2035 348 3616 421">
     <span class='ocr_line' id='line_1_63' title="bbox 2035 348 3616 421; baseline 0.006 -21"><span class='ocrx_word' id='word_1_503' title='bbox 2035 348 2352 415; x_wconf 80' lang='lat' dir='ltr'><strong><em>(Joan.x1x,</em></strong></span> <span class='ocrx_word' id='word_1_504' title='bbox 2384 348 2478 419; x_wconf 77' lang='lat' dir='ltr'><strong><em>2i)</em></strong></span> <span class='ocrx_word' id='word_1_505' title='bbox 2503 365 2517 415; x_wconf 91' lang='lat'><strong>;</strong></span> <span class='ocrx_word' id='word_1_506' title='bbox 2544 349 2707 404; x_wconf 90' lang='lat' dir='ltr'><strong><em>ramis</em></strong></span> <span class='ocrx_word' id='word_1_507' title='bbox 2736 349 2840 404; x_wconf 87' lang='lat' dir='ltr'><strong><em>illis</em></strong></span> <span class='ocrx_word' id='word_1_508' title='bbox 2890 348 3072 405; x_wconf 87' lang='lat' dir='ltr'><strong><em>fractis</em></strong></span> <span class='ocrx_word' id='word_1_509' title='bbox 3116 349 3187 405; x_wconf 88' lang='lat' dir='ltr'><strong><em>ita</em></strong></span> <span class='ocrx_word' id='word_1_510' title='bbox 3229 349 3431 421; x_wconf 84' lang='lat' dir='ltr'><strong><em>Pilatus</em></strong></span> <span class='ocrx_word' id='word_1_511' title='bbox 3472 353 3616 409; x_wconf 85' lang='lat' dir='ltr'><strong><em>inse-</em></strong></span> 
     </span>
    </p>
   </div>
   <div class='ocr_carea' id='block_1_64' title="bbox 2028 437 3618 515">
    <p class='ocr_par' dir='ltr' id='par_1_64' title="bbox 2028 437 3618 515">
     <span class='ocr_line' id='line_1_64' title="bbox 2028 437 3618 515; baseline 0.003 -24"><span class='ocrx_word' id='word_1_512' title='bbox 2028 437 2248 492; x_wconf 85' lang='lat' dir='ltr'><strong><em>rendum</em></strong></span> <span class='ocrx_word' id='word_1_513' title='bbox 2279 438 2537 508; x_wconf 82' lang='lat' dir='ltr'><strong><em>ﬁgurabat</em></strong></span> <span class='ocrx_word' id='word_1_514' title='bbox 2556 440 2839 495; x_wconf 89' lang='lat' dir='ltr'><strong><em>oleastrum</em></strong></span> <span class='ocrx_word' id='word_1_515' title='bbox 2876 458 2887 493; x_wconf 91' lang='lat'><strong><em>:</em></strong></span> <span class='ocrx_word' id='word_1_516' title='bbox 2916 440 3039 511; x_wconf 83' lang='lat' dir='ltr'><strong><em>quia</em></strong></span> <span class='ocrx_word' id='word_1_517' title='bbox 3063 440 3222 495; x_wconf 90' lang='lat' dir='ltr'><strong><em>homo</em></strong></span> <span class='ocrx_word' id='word_1_518' title='bbox 3246 451 3359 496; x_wconf 88' lang='lat' dir='ltr'><strong><em>erat</em></strong></span> <span class='ocrx_word' id='word_1_519' title='bbox 3385 456 3450 496; x_wconf 85' lang='lat' dir='ltr'><strong><em>cx</em></strong></span> <span class='ocrx_word' id='word_1_520' title='bbox 3473 441 3618 515; x_wconf 82' lang='lat' dir='ltr'><strong><em>Gen-</em></strong></span> 
     </span>
    </p>
   </div>
   <div class='ocr_carea' id='block_1_65' title="bbox 2028 529 3619 603">
    <p class='ocr_par' dir='ltr' id='par_1_65' title="bbox 2028 529 3619 603">
     <span class='ocr_line' id='line_1_65' title="bbox 2028 529 3619 603; baseline 0.004 -20"><span class='ocrx_word' id='word_1_521' title='bbox 2028 530 2207 595; x_wconf 87' lang='lat' dir='ltr'><strong><em>tibus,</em></strong></span> <span class='ocrx_word' id='word_1_522' title='bbox 2246 529 2491 585; x_wconf 86' lang='lat' dir='ltr'><strong><em>Gentium</em></strong></span> <span class='ocrx_word' id='word_1_523' title='bbox 2542 531 2783 586; x_wconf 89' lang='lat' dir='ltr'><strong><em>scribens</em></strong></span> <span class='ocrx_word' id='word_1_524' title='bbox 2831 532 3257 599; x_wconf 85' lang='lat' dir='ltr'><strong><em>confessionem,</em></strong></span> <span class='ocrx_word' id='word_1_525' title='bbox 3312 532 3379 588; x_wconf 92' lang='lat' dir='ltr'><strong><em>de</em></strong></span> <span class='ocrx_word' id='word_1_526' title='bbox 3426 532 3619 603; x_wconf 86' lang='lat' dir='ltr'><strong><em>quibus</em></strong></span> 
     </span>
    </p>
   </div>
   <div class='ocr_carea' id='block_1_66' title="bbox 2027 624 3613 698">
    <p class='ocr_par' dir='ltr' id='par_1_66' title="bbox 2027 624 3613 698">
     <span class='ocr_line' id='line_1_66' title="bbox 2027 624 3613 698; baseline 0.001 -21"><span class='ocrx_word' id='word_1_527' title='bbox 2027 624 2219 678; x_wconf 86' lang='lat' dir='ltr'><strong><em>merito</em></strong></span> <span class='ocrx_word' id='word_1_528' title='bbox 2246 624 2359 694; x_wconf 84' lang='lat' dir='ltr'><strong><em>ipse</em></strong></span> <span class='ocrx_word' id='word_1_529' title='bbox 2385 624 2639 680; x_wconf 87' lang='lat' dir='ltr'><strong><em>Dominus</em></strong></span> <span class='ocrx_word' id='word_1_530' title='bbox 2665 625 2832 691; x_wconf 90' lang='lat' dir='ltr'><strong><em>dixit,</em></strong></span> <span class='ocrx_word' id='word_1_531' title='bbox 2864 624 3134 698; x_wconf 71' lang='lat' dir='ltr'><strong><em>Auferetur</em></strong></span> <span class='ocrx_word' id='word_1_532' title='bbox 3158 643 3189 678; x_wconf 89' lang='lat' dir='ltr'><strong><em>a</em></strong></span> <span class='ocrx_word' id='word_1_533' title='bbox 3214 625 3349 680; x_wconf 81' lang='lat' dir='ltr'><strong><em>vobis</em></strong></span> <span class='ocrx_word' id='word_1_534' title='bbox 3368 642 3613 697; x_wconf 86' lang='lat' dir='ltr'><strong><em>regnum,</em></strong></span> 
     </span>
    </p>
   </div>
   <div class='ocr_carea' id='block_1_67' title="bbox 2026 716 3611 789">
    <p class='ocr_par' dir='ltr' id='par_1_67' title="bbox 2026 716 3611 789">
     <span class='ocr_line' id='line_1_67' title="bbox 2026 716 3611 789; baseline 0.004 -21"><span class='ocrx_word' id='word_1_535' title='bbox 2026 725 2075 768; x_wconf 87' lang='lat' dir='ltr'><strong><em>et</em></strong></span> <span class='ocrx_word' id='word_1_536' title='bbox 2092 716 2292 769; x_wconf 88' lang='lat' dir='ltr'><strong><em>dabitur</em></strong></span> <span class='ocrx_word' id='word_1_537' title='bbox 2334 718 2469 787; x_wconf 74' lang='lat' dir='ltr'><strong><em>genti</em></strong></span> <span class='ocrx_word' id='word_1_538' title='bbox 2514 719 2718 788; x_wconf 73' lang='lat' dir='ltr'><strong><em>facienti</em></strong></span> <span class='ocrx_word' id='word_1_539' title='bbox 2762 718 3013 789; x_wconf 87' lang='lat' dir='ltr'><strong><em>justitiam</em></strong></span> <span class='ocrx_word' id='word_1_540' title='bbox 3057 717 3269 789; x_wconf 76' lang='lat' dir='ltr'><strong><em>(Matth.</em></strong></span> <span class='ocrx_word' id='word_1_541' title='bbox 3328 734 3455 783; x_wconf 85' lang='lat' dir='ltr'><strong><em>xxt,</em></strong></span> <span class='ocrx_word' id='word_1_542' title='bbox 3491 718 3611 789; x_wconf 69' lang='lat'><strong><em>43).</em></strong></span> 
     </span>
    </p>
   </div>
   <div class='ocr_carea' id='block_1_68' title="bbox 2023 804 3613 871">
    <p class='ocr_par' dir='ltr' id='par_1_68' title="bbox 2023 804 3613 871">
     <span class='ocr_line' id='line_1_68' title="bbox 2023 804 3613 871; baseline 0.003 -11"><span class='ocrx_word' id='word_1_543' title='bbox 2023 804 2131 861; x_wconf 87' lang='lat' dir='ltr'><strong><em>Nec</em></strong></span> <span class='ocrx_word' id='word_1_544' title='bbox 2162 807 2280 861; x_wconf 91' lang='lat' dir='ltr'><strong><em>ideo</em></strong></span> <span class='ocrx_word' id='word_1_545' title='bbox 2313 816 2486 862; x_wconf 87' lang='lat' dir='ltr'><strong><em>tamen</em></strong></span> <span class='ocrx_word' id='word_1_546' title='bbox 2510 849 2524 871; x_wconf 92' lang='lat'><strong><em>,</em></strong></span> <span class='ocrx_word' id='word_1_547' title='bbox 2582 825 2685 862; x_wconf 89' lang='lat' dir='ltr'><strong><em>non</em></strong></span> <span class='ocrx_word' id='word_1_548' title='bbox 2713 816 2795 862; x_wconf 76' lang='lat' dir='ltr'><strong><em>est</em></strong></span> <span class='ocrx_word' id='word_1_549' title='bbox 2831 825 2924 863; x_wconf 87' lang='lat' dir='ltr'><strong><em>rex</em></strong></span> <span class='ocrx_word' id='word_1_550' title='bbox 2969 810 3056 863; x_wconf 89' lang='lat' dir='ltr'><strong><em>ille</em></strong></span> <span class='ocrx_word' id='word_1_551' title='bbox 3086 810 3411 864; x_wconf 59' lang='lat' dir='ltr'><strong><em>Iudaeorum.</em></strong></span> <span class='ocrx_word' id='word_1_552' title='bbox 3442 810 3613 865; x_wconf 79' lang='lat' dir='ltr'><strong><em>Radix</em></strong></span> 
     </span>
    </p>
   </div>
   <div class='ocr_carea' id='block_1_69' title="bbox 2025 896 3616 970">
    <p class='ocr_par' dir='ltr' id='par_1_69' title="bbox 2025 896 3616 970">
     <span class='ocr_line' id='line_1_69' title="bbox 2025 896 3616 970; baseline 0.003 -17"><span class='ocrx_word' id='word_1_553' title='bbox 2025 902 2163 954; x_wconf 85' lang='lat' dir='ltr'><strong><em>enim</em></strong></span> <span class='ocrx_word' id='word_1_554' title='bbox 2220 910 2395 970; x_wconf 87' lang='lat' dir='ltr'><strong><em>portat</em></strong></span> <span class='ocrx_word' id='word_1_555' title='bbox 2445 901 2771 967; x_wconf 89' lang='lat' dir='ltr'><strong><em>oleastrum,</em></strong></span> <span class='ocrx_word' id='word_1_556' title='bbox 2817 917 2919 956; x_wconf 92' lang='lat' dir='ltr'><strong><em>nou</em></strong></span> <span class='ocrx_word' id='word_1_557' title='bbox 2971 903 3199 957; x_wconf 86' lang='lat' dir='ltr'><strong><em>oleaster</em></strong></span> <span class='ocrx_word' id='word_1_558' title='bbox 3237 903 3490 957; x_wconf 86' lang='lat' dir='ltr'><strong><em>radicem.</em></strong></span> <span class='ocrx_word' id='word_1_559' title='bbox 3547 896 3616 957; x_wconf 83' lang='lat' dir='ltr'><strong><em>Et</em></strong></span> 
     </span>
    </p>
   </div>
   <div class='ocr_carea' id='block_1_70' title="bbox 2022 996 3613 1064">
    <p class='ocr_par' dir='ltr' id='par_1_70' title="bbox 2022 996 3613 1064">
     <span class='ocr_line' id='line_1_70' title="bbox 2022 996 3613 1064; baseline 0.004 -18"><span class='ocrx_word' id='word_1_560' title='bbox 2022 996 2265 1063; x_wconf 76' lang='lat' dir='ltr'><strong><em>quamvis</em></strong></span> <span class='ocrx_word' id='word_1_561' title='bbox 2310 996 2382 1049; x_wconf 90' lang='lat' dir='ltr'><strong><em>illi</em></strong></span> <span class='ocrx_word' id='word_1_562' title='bbox 2424 996 2559 1049; x_wconf 90' lang='lat' dir='ltr'><strong><em>rami</em></strong></span> <span class='ocrx_word' id='word_1_563' title='bbox 2613 1012 2704 1064; x_wconf 79' lang='lat' dir='ltr'><strong><em>per</em></strong></span> <span class='ocrx_word' id='word_1_564' title='bbox 2731 996 3090 1051; x_wconf 87' lang='lat' dir='ltr'><strong><em>inﬁdelitatem</em></strong></span> <span class='ocrx_word' id='word_1_565' title='bbox 3122 996 3277 1050; x_wconf 86' lang='lat' dir='ltr'><strong><em>fracti</em></strong></span> <span class='ocrx_word' id='word_1_566' title='bbox 3321 997 3464 1063; x_wconf 88' lang='lat' dir='ltr'><strong><em>sint;</em></strong></span> <span class='ocrx_word' id='word_1_567' title='bbox 3502 1012 3613 1052; x_wconf 92' lang='lat' dir='ltr'><strong><em>non</em></strong></span> 
     </span>
    </p>
   </div>
   <div class='ocr_carea' id='block_1_71' title="bbox 2023 1086 3615 1157">
    <p class='ocr_par' dir='ltr' id='par_1_71' title="bbox 2023 1086 3615 1157">
     <span class='ocr_line' id='line_1_71' title="bbox 2023 1086 3615 1157; baseline 0.001 -18"><span class='ocrx_word' id='word_1_568' title='bbox 2023 1086 2141 1139; x_wconf 88' lang='lat' dir='ltr'><strong><em>ideo</em></strong></span> <span class='ocrx_word' id='word_1_569' title='bbox 2172 1088 2305 1140; x_wconf 87' lang='lat' dir='ltr'><strong><em>Deus</em></strong></span> <span class='ocrx_word' id='word_1_570' title='bbox 2337 1088 2531 1155; x_wconf 89' lang='lat' dir='ltr'><strong><em>repulit</em></strong></span> <span class='ocrx_word' id='word_1_571' title='bbox 2569 1088 2778 1156; x_wconf 81' lang='lat' dir='ltr'><strong><em>plebem</em></strong></span> <span class='ocrx_word' id='word_1_572' title='bbox 2822 1102 2971 1140; x_wconf 88' lang='lat' dir='ltr'><strong><em>suam</em></strong></span> <span class='ocrx_word' id='word_1_573' title='bbox 2998 1129 3011 1151; x_wconf 97' lang='lat'><strong><em>,</em></strong></span> <span class='ocrx_word' id='word_1_574' title='bbox 3060 1104 3217 1157; x_wconf 81' lang='lat' dir='ltr'><strong><em>quam</em></strong></span> <span class='ocrx_word' id='word_1_575' title='bbox 3263 1088 3515 1157; x_wconf 71' lang='lat' dir='ltr'><strong><em>pnesciit.</em></strong></span> <span class='ocrx_word' id='word_1_576' title='bbox 3550 1086 3615 1141; x_wconf 82' lang='lat' dir='ltr'><strong><em>Et</em></strong></span> 
     </span>
    </p>
   </div>
   <div class='ocr_carea' id='block_1_72' title="bbox 2021 1178 3617 1251">
    <p class='ocr_par' dir='ltr' id='par_1_72' title="bbox 2021 1178 3617 1251">
     <span class='ocr_line' id='line_1_72' title="bbox 2021 1178 3617 1251; baseline 0.003 -21"><span class='ocrx_word' id='word_1_577' title='bbox 2021 1196 2111 1247; x_wconf 88' lang='lat' dir='ltr'><strong><em>ego</em></strong></span> <span class='ocrx_word' id='word_1_578' title='bbox 2136 1220 2149 1243; x_wconf 90' lang='lat'><strong><em>,</em></strong></span> <span class='ocrx_word' id='word_1_579' title='bbox 2179 1180 2375 1247; x_wconf 85' lang='lat' dir='ltr'><strong><em>inquit,</em></strong></span> <span class='ocrx_word' id='word_1_580' title='bbox 2406 1178 2641 1233; x_wconf 79' lang='lat' dir='ltr'><strong><em>Israelita</em></strong></span> <span class='ocrx_word' id='word_1_581' title='bbox 2672 1197 2779 1234; x_wconf 84' lang='lat' dir='ltr'><strong><em>sum</em></strong></span> <span class='ocrx_word' id='word_1_582' title='bbox 2837 1178 2854 1251; x_wconf 94' lang='lat'><strong><em>(</em></strong></span> <span class='ocrx_word' id='word_1_583' title='bbox 2880 1178 3028 1232; x_wconf 80' lang='lat' dir='ltr'><strong><em>Rom.</em></strong></span> <span class='ocrx_word' id='word_1_584' title='bbox 3072 1196 3131 1234; x_wconf 78' lang='lat' dir='ltr'><strong><em>x1</em></strong></span> <span class='ocrx_word' id='word_1_585' title='bbox 3158 1222 3170 1245; x_wconf 95' lang='lat'><strong><em>,</em></strong></span> <span class='ocrx_word' id='word_1_586' title='bbox 3200 1181 3263 1249; x_wconf 79' lang='grc'>1,</span> <span class='ocrx_word' id='word_1_587' title='bbox 3303 1180 3339 1243; x_wconf 82' lang='lat'><strong><em>2</em></strong></span> <span class='ocrx_word' id='word_1_588' title='bbox 3362 1222 3376 1247; x_wconf 84' lang='grc'><strong><em>,</em></strong></span> <span class='ocrx_word' id='word_1_589' title='bbox 3411 1179 3522 1250; x_wconf 84' lang='grc'>17).</span> <span class='ocrx_word' id='word_1_590' title='bbox 3552 1180 3617 1234; x_wconf 85' lang='lat' dir='ltr'><strong><em>Et</em></strong></span> 
     </span>
    </p>
   </div>
   <div class='ocr_carea' id='block_1_73' title="bbox 2021 1270 3606 1344">
    <p class='ocr_par' dir='ltr' id='par_1_73' title="bbox 2021 1270 3606 1344">
     <span class='ocr_line' id='line_1_73' title="bbox 2021 1270 3606 1344; baseline 0.004 -25"><span class='ocrx_word' id='word_1_591' title='bbox 2021 1271 2257 1337; x_wconf 77' lang='lat' dir='ltr'><strong><em>quamvis</em></strong></span> <span class='ocrx_word' id='word_1_592' title='bbox 2286 1270 2375 1323; x_wconf 90' lang='lat' dir='ltr'><strong><em>ﬁlii</em></strong></span> <span class='ocrx_word' id='word_1_593' title='bbox 2400 1272 2545 1341; x_wconf 89' lang='lat' dir='ltr'><strong><em>regni</em></strong></span> <span class='ocrx_word' id='word_1_594' title='bbox 2569 1314 2582 1336; x_wconf 94' lang='lat'><strong><em>,</em></strong></span> <span class='ocrx_word' id='word_1_595' title='bbox 2616 1272 2701 1340; x_wconf 90' lang='lat' dir='ltr'><strong>qui</strong></span> <span class='ocrx_word' id='word_1_596' title='bbox 2729 1272 3011 1324; x_wconf 85' lang='lat' dir='ltr'><strong><em>noluerunt</em></strong></span> <span class='ocrx_word' id='word_1_597' title='bbox 3037 1272 3123 1325; x_wconf 74' lang='lat' dir='ltr'><strong><em>llci</em></strong></span> <span class='ocrx_word' id='word_1_598' title='bbox 3150 1271 3341 1325; x_wconf 85' lang='lat' dir='ltr'><strong><em>Filium</em></strong></span> <span class='ocrx_word' id='word_1_599' title='bbox 3383 1288 3606 1344; x_wconf 73' lang='lat' dir='ltr'><strong><em>regnare</em></strong></span> 
     </span>
    </p>
   </div>
   <div class='ocr_carea' id='block_1_74' title="bbox 2019 1362 3612 1428">
    <p class='ocr_par' dir='ltr' id='par_1_74' title="bbox 2019 1362 3612 1428">
     <span class='ocr_line' id='line_1_74' title="bbox 2019 1362 3612 1428; baseline 0.003 -15"><span class='ocrx_word' id='word_1_600' title='bbox 2019 1362 2157 1425; x_wconf 88' lang='lat' dir='ltr'><strong><em>sibi,</em></strong></span> <span class='ocrx_word' id='word_1_601' title='bbox 2193 1370 2315 1415; x_wconf 83' lang='lat' dir='ltr'><strong><em>eant</em></strong></span> <span class='ocrx_word' id='word_1_602' title='bbox 2367 1363 2418 1415; x_wconf 91' lang='lat' dir='ltr'><strong><em>iu</em></strong></span> <span class='ocrx_word' id='word_1_603' title='bbox 2479 1364 2727 1417; x_wconf 82' lang='lat' dir='ltr'><strong><em>tenebras</em></strong></span> <span class='ocrx_word' id='word_1_604' title='bbox 2771 1364 3100 1428; x_wconf 83' lang='lat' dir='ltr'><strong><em>exteriores;</em></strong></span> <span class='ocrx_word' id='word_1_605' title='bbox 3135 1371 3312 1418; x_wconf 90' lang='lat' dir='ltr'><strong><em>tamen</em></strong></span> <span class='ocrx_word' id='word_1_606' title='bbox 3344 1363 3496 1417; x_wconf 88' lang='lat' dir='ltr'><strong><em>multi</em></strong></span> <span class='ocrx_word' id='word_1_607' title='bbox 3545 1363 3612 1427; x_wconf 80' lang='lat' dir='ltr'><strong><em>ab</em></strong></span> 
     </span>
    </p>
   </div>
   <div class='ocr_carea' id='block_1_75' title="bbox 2019 1428 3613 1523">
    <p class='ocr_par' dir='ltr' id='par_1_75' title="bbox 2019 1428 3613 1523">
     <span class='ocr_line' id='line_1_75' title="bbox 2019 1428 3613 1523; baseline 0.003 -16"><span class='ocrx_word' id='word_1_608' title='bbox 2019 1452 2233 1508; x_wconf 79' lang='lat' dir='ltr'><strong><em>Oriente</em></strong></span> <span class='ocrx_word' id='word_1_609' title='bbox 2260 1468 2309 1510; x_wconf 88' lang='lat' dir='ltr'><strong><em>et</em></strong></span> <span class='ocrx_word' id='word_1_610' title='bbox 2333 1456 2618 1512; x_wconf 88' lang='lat' dir='ltr'><strong><em>Occidente</em></strong></span> <span class='ocrx_word' id='word_1_611' title='bbox 2648 1459 2887 1523; x_wconf 79' lang='lat' dir='ltr'><strong><em>venient,</em></strong></span> <span class='ocrx_word' id='word_1_612' title='bbox 2916 1467 2967 1511; x_wconf 92' lang='lat' dir='ltr'><strong><em>et</em></strong></span> <span class='ocrx_word' id='word_1_613' title='bbox 2994 1428 3332 1523; x_wconf 65' lang='lat' dir='ltr'><strong><em>recumbeiit,</em></strong></span> <span class='ocrx_word' id='word_1_614' title='bbox 3360 1475 3462 1511; x_wconf 91' lang='lat' dir='ltr'><strong><em>non</em></strong></span> <span class='ocrx_word' id='word_1_615' title='bbox 3492 1474 3613 1512; x_wconf 90' lang='lat' dir='ltr'><strong><em>cum</em></strong></span> 
     </span>
    </p>
   </div>
   <div class='ocr_carea' id='block_1_76' title="bbox 2020 1544 3613 1612">
    <p class='ocr_par' dir='ltr' id='par_1_76' title="bbox 2020 1544 3613 1612">
     <span class='ocr_line' id='line_1_76' title="bbox 2020 1544 3613 1612; baseline 0.008 -15"><span class='ocrx_word' id='word_1_616' title='bbox 2020 1544 2238 1601; x_wconf 84' lang='lat' dir='ltr'><strong><em>Platone</em></strong></span> <span class='ocrx_word' id='word_1_617' title='bbox 2261 1557 2312 1603; x_wconf 89' lang='lat' dir='ltr'><strong><em>et</em></strong></span> <span class='ocrx_word' id='word_1_618' title='bbox 2328 1549 2603 1612; x_wconf 85' lang='lat' dir='ltr'><strong><em>Cicerone,</em></strong></span> <span class='ocrx_word' id='word_1_619' title='bbox 2621 1550 2710 1602; x_wconf 90' lang='lat' dir='ltr'><strong><em>sed</em></strong></span> <span class='ocrx_word' id='word_1_620' title='bbox 2726 1565 2842 1603; x_wconf 87' lang='lat' dir='ltr'><strong><em>cum</em></strong></span> <span class='ocrx_word' id='word_1_621' title='bbox 2866 1549 3129 1602; x_wconf 82' lang='lat' dir='ltr'><strong><em>Abraham</em></strong></span> <span class='ocrx_word' id='word_1_622' title='bbox 3148 1560 3198 1603; x_wconf 91' lang='lat' dir='ltr'><strong><em>et</em></strong></span> <span class='ocrx_word' id='word_1_623' title='bbox 3216 1549 3357 1604; x_wconf 89' lang='lat' dir='ltr'><strong><em>Isaac</em></strong></span> <span class='ocrx_word' id='word_1_624' title='bbox 3379 1549 3613 1609; x_wconf 84' lang='lat' dir='ltr'><strong><em>etJacob</em></strong></span> 
     </span>
    </p>
   </div>
   <div class='ocr_carea' id='block_1_77' title="bbox 2018 1635 3608 1713">
    <p class='ocr_par' dir='ltr' id='par_1_77' title="bbox 2018 1635 3608 1713">
     <span class='ocr_line' id='line_1_77' title="bbox 2018 1635 3608 1713; baseline 0.002 -23"><span class='ocrx_word' id='word_1_625' title='bbox 2018 1635 2069 1690; x_wconf 86' lang='lat' dir='ltr'><strong><em>in</em></strong></span> <span class='ocrx_word' id='word_1_626' title='bbox 2100 1654 2261 1707; x_wconf 86' lang='lat' dir='ltr'><strong><em>regno</em></strong></span> <span class='ocrx_word' id='word_1_627' title='bbox 2288 1642 2541 1695; x_wconf 75' lang='lat' dir='ltr'><strong><em>(&#39;(Blurum</em></strong></span> <span class='ocrx_word' id='word_1_628' title='bbox 2578 1640 2784 1712; x_wconf 82' lang='lat' dir='ltr'><strong><em>(Matth.</em></strong></span> <span class='ocrx_word' id='word_1_629' title='bbox 2820 1657 2926 1705; x_wconf 84' lang='lat' dir='ltr'><strong><em>vm,</em></strong></span> <span class='ocrx_word' id='word_1_630' title='bbox 2952 1641 3016 1694; x_wconf 80' lang='lat' dir='ltr'><strong><em>l2</em></strong></span> <span class='ocrx_word' id='word_1_631' title='bbox 3040 1650 3084 1694; x_wconf 86' lang='lat' dir='ltr'><strong><em>et</em></strong></span> <span class='ocrx_word' id='word_1_632' title='bbox 3114 1643 3218 1710; x_wconf 88' lang='lat' dir='ltr'><strong><em>Il).</em></strong></span> <span class='ocrx_word' id='word_1_633' title='bbox 3251 1641 3457 1695; x_wconf 88' lang='lat' dir='ltr'><strong><em>Pilatus</em></strong></span> <span class='ocrx_word' id='word_1_634' title='bbox 3487 1642 3608 1713; x_wconf 89' lang='lat' dir='ltr'><strong>qui-</strong></span> 
     </span>
    </p>
   </div>
   <div class='ocr_carea' id='block_1_78' title="bbox 2018 1727 3611 1801">
    <p class='ocr_par' dir='ltr' id='par_1_78' title="bbox 2018 1727 3611 1801">
     <span class='ocr_line' id='line_1_78' title="bbox 2018 1727 3611 1801; baseline 0.002 -20"><span class='ocrx_word' id='word_1_635' title='bbox 2018 1727 2138 1781; x_wconf 86' lang='lat' dir='ltr'><strong><em>dem</em></strong></span> <span class='ocrx_word' id='word_1_636' title='bbox 2172 1746 2349 1799; x_wconf 79' lang='lat' dir='ltr'><strong><em>regem</em></strong></span> <span class='ocrx_word' id='word_1_637' title='bbox 2378 1731 2675 1784; x_wconf 72' lang='lat' dir='ltr'><strong><em>Iudaeorum</em></strong></span> <span class='ocrx_word' id='word_1_638' title='bbox 2698 1732 2926 1800; x_wconf 79' lang='lat' dir='ltr'><strong><em>scripsit,</em></strong></span> <span class='ocrx_word' id='word_1_639' title='bbox 2948 1748 3048 1785; x_wconf 89' lang='lat' dir='ltr'><strong><em>non</em></strong></span> <span class='ocrx_word' id='word_1_640' title='bbox 3092 1747 3269 1801; x_wconf 82' lang='lat' dir='ltr'><strong><em>regem</em></strong></span> <span class='ocrx_word' id='word_1_641' title='bbox 3306 1731 3611 1787; x_wconf 63' lang='lat' dir='ltr'><strong><em>Grmcorum</em></strong></span> 
     </span>
    </p>
   </div>
   <div class='ocr_carea' id='block_1_79' title="bbox 2018 1820 3611 1892">
    <p class='ocr_par' dir='ltr' id='par_1_79' title="bbox 2018 1820 3611 1892">
     <span class='ocr_line' id='line_1_79' title="bbox 2018 1820 3611 1892; baseline 0.003 -21"><span class='ocrx_word' id='word_1_642' title='bbox 2018 1832 2106 1871; x_wconf 88' lang='lat' dir='ltr'><strong><em>aut</em></strong></span> <span class='ocrx_word' id='word_1_643' title='bbox 2134 1821 2459 1886; x_wconf 81' lang='lat' dir='ltr'><strong><em>Latinorum;</em></strong></span> <span class='ocrx_word' id='word_1_644' title='bbox 2476 1824 2714 1891; x_wconf 78' lang='lat' dir='ltr'><strong><em>quamvis</em></strong></span> <span class='ocrx_word' id='word_1_645' title='bbox 2730 1823 2986 1876; x_wconf 77' lang='lat' dir='ltr'><strong><em>Gentibus</em></strong></span> <span class='ocrx_word' id='word_1_646' title='bbox 3018 1833 3357 1892; x_wconf 88' lang='lat' dir='ltr'><strong><em>regnaturum</em></strong></span> <span class='ocrx_word' id='word_1_647' title='bbox 3373 1824 3453 1876; x_wconf 86' lang='lat' dir='ltr'><strong><em>.Et</em></strong></span> <span class='ocrx_word' id='word_1_648' title='bbox 3470 1820 3611 1891; x_wconf 90' lang='lat' dir='ltr'><strong><em>quod</em></strong></span> 
     </span>
    </p>
   </div>
   <div class='ocr_carea' id='block_1_80' title="bbox 2018 1912 3611 1987">
    <p class='ocr_par' dir='ltr' id='par_1_80' title="bbox 2018 1912 3611 1987">
     <span class='ocr_line' id='line_1_80' title="bbox 2018 1912 3611 1987; baseline 0.001 -23"><span class='ocrx_word' id='word_1_649' title='bbox 2018 1912 2249 1979; x_wconf 86' lang='lat' dir='ltr'><strong><em>Scripsit,</em></strong></span> <span class='ocrx_word' id='word_1_650' title='bbox 2272 1914 2503 1981; x_wconf 82' lang='lat' dir='ltr'><strong><em>scripsit,</em></strong></span> <span class='ocrx_word' id='word_1_651' title='bbox 2530 1930 2700 1981; x_wconf 88' lang='lat' dir='ltr'><strong><em>neque</em></strong></span> <span class='ocrx_word' id='word_1_652' title='bbox 2721 1914 3004 1967; x_wconf 82' lang='lat' dir='ltr'><strong><em>inﬁdelium</em></strong></span> <span class='ocrx_word' id='word_1_653' title='bbox 3026 1916 3361 1987; x_wconf 78' lang='lat' dir='ltr'><strong><em>suggestione</em></strong></span> <span class='ocrx_word' id='word_1_654' title='bbox 3391 1912 3611 1966; x_wconf 84' lang='lat' dir='ltr'><strong><em>mutavit</em></strong></span> 
     </span>
    </p>
   </div>
   <div class='ocr_carea' id='block_1_81' title="bbox 2019 2003 3607 2075">
    <p class='ocr_par' dir='ltr' id='par_1_81' title="bbox 2019 2003 3607 2075">
     <span class='ocr_line' id='line_1_81' title="bbox 2019 2003 3607 2075; baseline 0.004 -20"><span class='ocrx_word' id='word_1_655' title='bbox 2019 2003 2198 2073; x_wconf 86' lang='lat' dir='ltr'><strong><em>(Joan.</em></strong></span> <span class='ocrx_word' id='word_1_656' title='bbox 2257 2022 2372 2070; x_wconf 79' lang='lat' dir='ltr'><strong><em>xix,</em></strong></span> <span class='ocrx_word' id='word_1_657' title='bbox 2415 2003 2527 2075; x_wconf 80' lang='lat'><strong><em>22.)</em></strong></span> <span class='ocrx_word' id='word_1_658' title='bbox 2560 2024 2571 2058; x_wconf 88' lang='lat'><strong>:</strong></span> <span class='ocrx_word' id='word_1_659' title='bbox 2606 2006 2689 2059; x_wconf 91' lang='lat' dir='ltr'><strong><em>cui</em></strong></span> <span class='ocrx_word' id='word_1_660' title='bbox 2735 2016 2877 2059; x_wconf 89' lang='lat' dir='ltr'><strong><em>tanto</em></strong></span> <span class='ocrx_word' id='word_1_661' title='bbox 2909 2018 3028 2059; x_wconf 87' lang='lat' dir='ltr'><strong><em>ante</em></strong></span> <span class='ocrx_word' id='word_1_662' title='bbox 3067 2007 3375 2075; x_wconf 83' lang='lat' dir='ltr'><strong><em>praedictum</em></strong></span> <span class='ocrx_word' id='word_1_663' title='bbox 3417 2012 3532 2058; x_wconf 89' lang='lat' dir='ltr'><strong><em>crat</em></strong></span> <span class='ocrx_word' id='word_1_664' title='bbox 3558 2005 3607 2061; x_wconf 89' lang='lat' dir='ltr'><strong><em>in</em></strong></span> 
     </span>
    </p>
   </div>
   <div class='ocr_carea' id='block_1_82' title="bbox 2017 2095 3605 2168">
    <p class='ocr_par' dir='ltr' id='par_1_82' title="bbox 2017 2095 3605 2168">
     <span class='ocr_line' id='line_1_82' title="bbox 2017 2095 3605 2168; baseline 0.001 -18"><span class='ocrx_word' id='word_1_665' title='bbox 2017 2096 2243 2150; x_wconf 75' lang='lat' dir='ltr'><strong><em>Psalmis</em></strong></span> <span class='ocrx_word' id='word_1_666' title='bbox 2264 2140 2277 2161; x_wconf 93' lang='lat'><strong><em>,</em></strong></span> <span class='ocrx_word' id='word_1_667' title='bbox 2310 2097 2469 2149; x_wconf 86' lang='lat' dir='ltr'><strong><em>Tituli</em></strong></span> <span class='ocrx_word' id='word_1_668' title='bbox 2496 2099 2868 2165; x_wconf 77' lang='lat' dir='ltr'><strong><em>inscriptionem</em></strong></span> <span class='ocrx_word' id='word_1_669' title='bbox 2892 2116 2950 2150; x_wconf 84' lang='lat' dir='ltr'><strong><em>ne</em></strong></span> <span class='ocrx_word' id='word_1_670' title='bbox 2975 2115 3266 2168; x_wconf 86' lang='lat' dir='ltr'><strong><em>corrumpas</em></strong></span> <span class='ocrx_word' id='word_1_671' title='bbox 3290 2095 3457 2163; x_wconf 82' lang='lat' dir='ltr'><strong><em>(Psal.</em></strong></span> <span class='ocrx_word' id='word_1_672' title='bbox 3497 2113 3605 2163; x_wconf 79' lang='lat' dir='ltr'><strong><em>LVI,</em></strong></span> 
     </span>
    </p>
   </div>
   <div class='ocr_carea' id='block_1_83' title="bbox 2019 2188 3609 2261">
    <p class='ocr_par' dir='ltr' id='par_1_83' title="bbox 2019 2188 3609 2261">
     <span class='ocr_line' id='line_1_83' title="bbox 2019 2188 3609 2261; baseline -0.001 -20"><span class='ocrx_word' id='word_1_673' title='bbox 2019 2188 2044 2241; x_wconf 88' lang='grc'><strong><em>1</em></strong></span> <span class='ocrx_word' id='word_1_674' title='bbox 2073 2203 2085 2251; x_wconf 93' lang='grc'>;</span> <span class='ocrx_word' id='word_1_675' title='bbox 2122 2205 2259 2252; x_wconf 80' lang='lat' dir='ltr'><strong><em>Lvn,</em></strong></span> <span class='ocrx_word' id='word_1_676' title='bbox 2294 2190 2364 2255; x_wconf 93' lang='grc'><strong><em>1).</em></strong></span> <span class='ocrx_word' id='word_1_677' title='bbox 2396 2188 2593 2242; x_wconf 87' lang='lat' dir='ltr'><strong><em>Omnes</em></strong></span> <span class='ocrx_word' id='word_1_678' title='bbox 2622 2200 2804 2261; x_wconf 81' lang='lat' dir='ltr'><strong><em>gentes</em></strong></span> <span class='ocrx_word' id='word_1_679' title='bbox 2843 2190 3063 2243; x_wconf 75' lang='lat' dir='ltr'><strong><em>credunt</em></strong></span> <span class='ocrx_word' id='word_1_680' title='bbox 3094 2189 3143 2242; x_wconf 93' lang='lat' dir='ltr'><strong><em>in</em></strong></span> <span class='ocrx_word' id='word_1_681' title='bbox 3183 2204 3363 2258; x_wconf 83' lang='lat' dir='ltr'><strong><em>regem</em></strong></span> <span class='ocrx_word' id='word_1_682' title='bbox 3396 2188 3609 2242; x_wconf 78' lang='lat' dir='ltr'><strong><em>Iudaeo-</em></strong></span> 
     </span>
    </p>
   </div>
   <div class='ocr_carea' id='block_1_84' title="bbox 2018 2279 3605 2349">
    <p class='ocr_par' dir='ltr' id='par_1_84' title="bbox 2018 2279 3605 2349">
     <span class='ocr_line' id='line_1_84' title="bbox 2018 2279 3605 2349; baseline 0.001 -18"><span class='ocrx_word' id='word_1_683' title='bbox 2018 2293 2134 2331; x_wconf 89' lang='lat' dir='ltr'><strong><em>rum</em></strong></span> <span class='ocrx_word' id='word_1_684' title='bbox 2172 2295 2183 2330; x_wconf 93' lang='lat'><strong>:</strong></span> <span class='ocrx_word' id='word_1_685' title='bbox 2217 2280 2461 2332; x_wconf 86' lang='lat' dir='ltr'><strong><em>omnibus</em></strong></span> <span class='ocrx_word' id='word_1_686' title='bbox 2498 2280 2742 2346; x_wconf 88' lang='lat' dir='ltr'><strong><em>gentibus</em></strong></span> <span class='ocrx_word' id='word_1_687' title='bbox 2774 2291 2985 2349; x_wconf 78' lang='lat' dir='ltr'><strong><em>regnat,</em></strong></span> <span class='ocrx_word' id='word_1_688' title='bbox 3024 2280 3115 2334; x_wconf 89' lang='lat' dir='ltr'><strong><em>sed</em></strong></span> <span class='ocrx_word' id='word_1_689' title='bbox 3150 2290 3323 2332; x_wconf 79' lang='lat' dir='ltr'><strong><em>tmnen</em></strong></span> <span class='ocrx_word' id='word_1_690' title='bbox 3368 2295 3460 2333; x_wconf 82' lang='lat' dir='ltr'><strong><em>rex</em></strong></span> <span class='ocrx_word' id='word_1_691' title='bbox 3509 2279 3605 2333; x_wconf 76' lang='lat' dir='ltr'><strong><em>Ju-</em></strong></span> 
     </span>
    </p>
   </div>
   <div class='ocr_carea' id='block_1_85' title="bbox 2017 2369 3601 2439">
    <p class='ocr_par' dir='ltr' id='par_1_85' title="bbox 2017 2369 3601 2439">
     <span class='ocr_line' id='line_1_85' title="bbox 2017 2369 3601 2439; baseline 0.001 -16"><span class='ocrx_word' id='word_1_692' title='bbox 2017 2369 2275 2424; x_wconf 80' lang='lat' dir='ltr'><strong><em>da-orum.</em></strong></span> <span class='ocrx_word' id='word_1_693' title='bbox 2298 2371 2522 2424; x_wconf 82' lang='lat' dir='ltr'><strong><em>Tantum</em></strong></span> <span class='ocrx_word' id='word_1_694' title='bbox 2556 2372 2717 2424; x_wconf 86' lang='lat' dir='ltr'><strong><em>valuit</em></strong></span> <span class='ocrx_word' id='word_1_695' title='bbox 2745 2372 2830 2424; x_wconf 90' lang='lat' dir='ltr'><strong><em>illa</em></strong></span> <span class='ocrx_word' id='word_1_696' title='bbox 2860 2372 3036 2438; x_wconf 76' lang='lat' dir='ltr'><strong><em>radix,</em></strong></span> <span class='ocrx_word' id='word_1_697' title='bbox 3067 2383 3125 2425; x_wconf 93' lang='lat' dir='ltr'><strong><em>ut</em></strong></span> <span class='ocrx_word' id='word_1_698' title='bbox 3152 2373 3409 2435; x_wconf 85' lang='lat' dir='ltr'><strong><em>insertum</em></strong></span> <span class='ocrx_word' id='word_1_699' title='bbox 3454 2371 3601 2439; x_wconf 74' lang='lat' dir='ltr'><strong><em>olea-</em></strong></span> 
     </span>
    </p>
   </div>
   <div class='ocr_carea' id='block_1_86' title="bbox 2017 2461 3602 2530">
    <p class='ocr_par' dir='ltr' id='par_1_86' title="bbox 2017 2461 3602 2530">
     <span class='ocr_line' id='line_1_86' title="bbox 2017 2461 3602 2530; baseline 0.001 -16"><span class='ocrx_word' id='word_1_700' title='bbox 2017 2469 2184 2514; x_wconf 87' lang='lat' dir='ltr'><strong><em>strum</em></strong></span> <span class='ocrx_word' id='word_1_701' title='bbox 2219 2461 2267 2513; x_wconf 90' lang='lat' dir='ltr'><strong><em>in</em></strong></span> <span class='ocrx_word' id='word_1_702' title='bbox 2298 2478 2353 2513; x_wconf 81' lang='lat' dir='ltr'><strong><em>se</em></strong></span> <span class='ocrx_word' id='word_1_703' title='bbox 2383 2463 2549 2529; x_wconf 88' lang='lat' dir='ltr'><strong><em>possit</em></strong></span> <span class='ocrx_word' id='word_1_704' title='bbox 2580 2463 2687 2530; x_wconf 86' lang='lat' dir='ltr'><strong><em>ipsa</em></strong></span> <span class='ocrx_word' id='word_1_705' title='bbox 2721 2472 2922 2516; x_wconf 86' lang='lat' dir='ltr'><strong><em>mutare</em></strong></span> <span class='ocrx_word' id='word_1_706' title='bbox 2942 2463 3229 2528; x_wconf 72' lang='lat' dir='ltr'><strong><em>‘,oleasler</em></strong></span> <span class='ocrx_word' id='word_1_707' title='bbox 3248 2473 3425 2518; x_wconf 80' lang='lat' dir='ltr'><strong><em>autem</em></strong></span> <span class='ocrx_word' id='word_1_708' title='bbox 3447 2464 3602 2527; x_wconf 70' lang='lat' dir='ltr'><strong><em>oliva;</em></strong></span> 
     </span>
    </p>
   </div>
   <div class='ocr_carea' id='block_1_87' title="bbox 2018 2556 2789 2622">
    <p class='ocr_par' dir='ltr' id='par_1_87' title="bbox 2018 2556 2789 2622">
     <span class='ocr_line' id='line_1_87' title="bbox 2018 2556 2789 2622; baseline 0 -14"><span class='ocrx_word' id='word_1_709' title='bbox 2018 2570 2210 2608; x_wconf 86' lang='lat' dir='ltr'><strong><em>nomen</em></strong></span> <span class='ocrx_word' id='word_1_710' title='bbox 2244 2572 2344 2607; x_wconf 88' lang='lat' dir='ltr'><strong><em>non</em></strong></span> <span class='ocrx_word' id='word_1_711' title='bbox 2376 2556 2539 2622; x_wconf 81' lang='lat' dir='ltr'><strong><em>possit</em></strong></span> <span class='ocrx_word' id='word_1_712' title='bbox 2562 2556 2789 2609; x_wconf 75' lang='lat' dir='ltr'><strong><em>auferre.</em></strong></span> 
     </span>
    </p>
   </div>
   <div class='ocr_carea' id='block_1_88' title="bbox 2087 2643 3596 2719">
    <p class='ocr_par' dir='ltr' id='par_1_88' title="bbox 2087 2643 3596 2719">
     <span class='ocr_line' id='line_1_88' title="bbox 2087 2643 3596 2719; baseline 0.002 -22"><span class='ocrx_word' id='word_1_713' title='bbox 2087 2644 2314 2699; x_wconf 82' lang='lat' dir='ltr'><strong>CAPUT</strong></span> <span class='ocrx_word' id='word_1_714' title='bbox 2344 2646 2476 2699; x_wconf 77' lang='lat' dir='ltr'><strong><em>VIII.</em></strong></span> <span class='ocrx_word' id='word_1_715' title='bbox 2502 2675 2573 2685; x_wconf 93' lang='lat'><strong>—</strong></span> <span class='ocrx_word' id='word_1_716' title='bbox 2601 2646 2652 2699; x_wconf 90' lang='lat'><strong><em>8.</em></strong></span> <span class='ocrx_word' id='word_1_717' title='bbox 2688 2643 2854 2699; x_wconf 87' lang='lat' dir='ltr'><strong><em>Vestes</em></strong></span> <span class='ocrx_word' id='word_1_718' title='bbox 2885 2646 2934 2697; x_wconf 88' lang='lat' dir='ltr'><strong><em>in</em></strong></span> <span class='ocrx_word' id='word_1_719' title='bbox 2957 2657 3172 2719; x_wconf 87' lang='lat' dir='ltr'><strong><em>quatuor</em></strong></span> <span class='ocrx_word' id='word_1_720' title='bbox 3217 2655 3381 2718; x_wconf 85' lang='lat' dir='ltr'><strong><em>partes</em></strong></span> <span class='ocrx_word' id='word_1_721' title='bbox 3406 2646 3596 2713; x_wconf 67' lang='lat' dir='ltr'><strong><em>divisae.</em></strong></span> 
     </span>
    </p>
   </div>
   <div class='ocr_carea' id='block_1_89' title="bbox 2016 2734 3599 2807">
    <p class='ocr_par' dir='ltr' id='par_1_89' title="bbox 2016 2734 3599 2807">
     <span class='ocr_line' id='line_1_89' title="bbox 2016 2734 3599 2807; baseline 0.003 -20"><span class='ocrx_word' id='word_1_722' title='bbox 2016 2734 2167 2801; x_wconf 88' lang='lat' dir='ltr'><strong><em>Quod</em></strong></span> <span class='ocrx_word' id='word_1_723' title='bbox 2202 2736 2250 2787; x_wconf 92' lang='lat' dir='ltr'><strong><em>in</em></strong></span> <span class='ocrx_word' id='word_1_724' title='bbox 2280 2745 2507 2804; x_wconf 89' lang='lat' dir='ltr'><strong><em>quatuor</em></strong></span> <span class='ocrx_word' id='word_1_725' title='bbox 2534 2746 2708 2804; x_wconf 89' lang='lat' dir='ltr'><strong><em>partes</em></strong></span> <span class='ocrx_word' id='word_1_726' title='bbox 2738 2736 2901 2790; x_wconf 88' lang='lat' dir='ltr'><strong><em>divisa</em></strong></span> <span class='ocrx_word' id='word_1_727' title='bbox 2932 2740 3244 2791; x_wconf 85' lang='lat' dir='ltr'><strong><em>vestimenta</em></strong></span> <span class='ocrx_word' id='word_1_728' title='bbox 3272 2737 3386 2807; x_wconf 85' lang='lat' dir='ltr'><strong><em>ejus</em></strong></span> <span class='ocrx_word' id='word_1_729' title='bbox 3409 2738 3599 2792; x_wconf 80' lang='lat' dir='ltr'><strong><em>milites</em></strong></span> 
     </span>
    </p>
   </div>
   <div class='ocr_carea' id='block_1_90' title="bbox 2016 2826 3598 2901">
    <p class='ocr_par' dir='ltr' id='par_1_90' title="bbox 2016 2826 3598 2901">
     <span class='ocr_line' id='line_1_90' title="bbox 2016 2826 3598 2901; baseline 0.004 -22"><span class='ocrx_word' id='word_1_730' title='bbox 2016 2827 2347 2881; x_wconf 87' lang='lat' dir='ltr'><strong><em>abstulerunt</em></strong></span> <span class='ocrx_word' id='word_1_731' title='bbox 2384 2826 2558 2895; x_wconf 80' lang='lat' dir='ltr'><strong><em>(Joan.</em></strong></span> <span class='ocrx_word' id='word_1_732' title='bbox 2580 2844 2663 2879; x_wconf 79' lang='lat' dir='ltr'><strong><em>xix</em></strong></span> <span class='ocrx_word' id='word_1_733' title='bbox 2688 2870 2699 2891; x_wconf 93' lang='lat'><strong>,</strong></span> <span class='ocrx_word' id='word_1_734' title='bbox 2730 2826 2851 2899; x_wconf 76' lang='lat'><strong><em>23);</em></strong></span> <span class='ocrx_word' id='word_1_735' title='bbox 2886 2844 2979 2897; x_wconf 87' lang='lat' dir='ltr'><strong><em>per</em></strong></span> <span class='ocrx_word' id='word_1_736' title='bbox 3005 2838 3227 2897; x_wconf 88' lang='lat' dir='ltr'><strong><em>quatuor</em></strong></span> <span class='ocrx_word' id='word_1_737' title='bbox 3252 2830 3394 2885; x_wconf 89' lang='lat' dir='ltr'><strong><em>orbis</em></strong></span> <span class='ocrx_word' id='word_1_738' title='bbox 3422 2840 3598 2901; x_wconf 85' lang='lat' dir='ltr'><strong><em>partes</em></strong></span> 
     </span>
    </p>
   </div>
   <div class='ocr_carea' id='block_1_91' title="bbox 2017 2920 3325 2991">
    <p class='ocr_par' dir='ltr' id='par_1_91' title="bbox 2017 2920 3325 2991">
     <span class='ocr_line' id='line_1_91' title="bbox 2017 2920 3325 2991; baseline 0 -18"><span class='ocrx_word' id='word_1_739' title='bbox 2017 2930 2357 2989; x_wconf 73' lang='lat' dir='ltr'><strong><em>peragratam</em></strong></span> <span class='ocrx_word' id='word_1_740' title='bbox 2380 2930 2708 2974; x_wconf 84' lang='lat' dir='ltr'><strong><em>sacramenta</em></strong></span> <span class='ocrx_word' id='word_1_741' title='bbox 2738 2920 2853 2988; x_wconf 87' lang='lat' dir='ltr'><strong><em>ejus</em></strong></span> <span class='ocrx_word' id='word_1_742' title='bbox 2879 2921 3325 2991; x_wconf 80' lang='lat' dir='ltr'><strong><em>signiﬁcaverunt.</em></strong></span> 
     </span>
    </p>
   </div>
   <div class='ocr_carea' id='block_1_92' title="bbox 2086 3010 3593 3073">
    <p class='ocr_par' dir='ltr' id='par_1_92' title="bbox 2086 3010 3593 3073">
     <span class='ocr_line' id='line_1_92' title="bbox 2086 3010 3593 3073; baseline 0.001 -10"><span class='ocrx_word' id='word_1_743' title='bbox 2086 3010 2312 3065; x_wconf 83' lang='lat' dir='ltr'><strong>CAPUT</strong></span> <span class='ocrx_word' id='word_1_744' title='bbox 2335 3010 2421 3063; x_wconf 83' lang='grc' dir='ltr'><strong><em>ΙΧ.</em></strong></span> <span class='ocrx_word' id='word_1_745' title='bbox 2439 3041 2507 3048; x_wconf 93' lang='grc'><strong><em>-</em></strong></span> <span class='ocrx_word' id='word_1_746' title='bbox 2524 3012 2574 3064; x_wconf 88' lang='lat'><strong><em>9.</em></strong></span> <span class='ocrx_word' id='word_1_747' title='bbox 2599 3010 2923 3063; x_wconf 85' lang='lat' dir='ltr'><strong><em>Inconsutilis</em></strong></span> <span class='ocrx_word' id='word_1_748' title='bbox 2944 3012 3109 3063; x_wconf 85' lang='lat' dir='ltr'><strong><em>tunica</em></strong></span> <span class='ocrx_word' id='word_1_749' title='bbox 3137 3012 3259 3064; x_wconf 84' lang='lat' dir='ltr'><strong><em>sorti</em></strong></span> <span class='ocrx_word' id='word_1_750' title='bbox 3309 3012 3593 3073; x_wconf 85' lang='lat' dir='ltr'><strong><em>commissa.</em></strong></span> 
     </span>
    </p>
   </div>
   <div class='ocr_carea' id='block_1_93' title="bbox 2015 3101 3595 3171">
    <p class='ocr_par' dir='ltr' id='par_1_93' title="bbox 2015 3101 3595 3171">
     <span class='ocr_line' id='line_1_93' title="bbox 2015 3101 3595 3171; baseline 0.003 -17"><span class='ocrx_word' id='word_1_751' title='bbox 2015 3101 2169 3168; x_wconf 89' lang='lat' dir='ltr'><strong><em>Quod</em></strong></span> <span class='ocrx_word' id='word_1_752' title='bbox 2219 3118 2373 3154; x_wconf 88' lang='lat' dir='ltr'><strong><em>unam</em></strong></span> <span class='ocrx_word' id='word_1_753' title='bbox 2427 3102 2657 3154; x_wconf 87' lang='lat' dir='ltr'><strong><em>tunicam</em></strong></span> <span class='ocrx_word' id='word_1_754' title='bbox 2709 3102 3078 3154; x_wconf 83' lang='lat' dir='ltr'><strong><em>inconsulilem</em></strong></span> <span class='ocrx_word' id='word_1_755' title='bbox 3131 3103 3362 3171; x_wconf 86' lang='lat' dir='ltr'><strong><em>desuper</em></strong></span> <span class='ocrx_word' id='word_1_756' title='bbox 3402 3113 3595 3159; x_wconf 81' lang='lat' dir='ltr'><strong><em>textam</em></strong></span> 
     </span>
    </p>
   </div>
   <div class='ocr_carea' id='block_1_94' title="bbox 2017 3192 3597 3263">
    <p class='ocr_par' dir='ltr' id='par_1_94' title="bbox 2017 3192 3597 3263">
     <span class='ocr_line' id='line_1_94' title="bbox 2017 3192 3597 3263; baseline 0.003 -18"><span class='ocrx_word' id='word_1_757' title='bbox 2017 3192 2187 3245; x_wconf 86' lang='lat' dir='ltr'><strong><em>sortiti</em></strong></span> <span class='ocrx_word' id='word_1_758' title='bbox 2215 3193 2543 3260; x_wconf 86' lang='lat' dir='ltr'><strong><em>sunt,potius</em></strong></span> <span class='ocrx_word' id='word_1_759' title='bbox 2574 3208 2731 3262; x_wconf 83' lang='lat' dir='ltr'><strong><em>quam</em></strong></span> <span class='ocrx_word' id='word_1_760' title='bbox 2755 3194 2927 3261; x_wconf 87' lang='lat' dir='ltr'><strong><em>partiti</em></strong></span> <span class='ocrx_word' id='word_1_761' title='bbox 2959 3192 3142 3261; x_wconf 83' lang='lat' dir='ltr'><strong><em>(I&#39;bid.,</em></strong></span> <span class='ocrx_word' id='word_1_762' title='bbox 3175 3193 3274 3262; x_wconf 77' lang='lat'><strong><em>25,</em></strong></span> <span class='ocrx_word' id='word_1_763' title='bbox 3298 3194 3423 3263; x_wconf 68' lang='lat'><strong><em>24);</em></strong></span> <span class='ocrx_word' id='word_1_764' title='bbox 3468 3195 3597 3262; x_wconf 77' lang='lat' dir='ltr'><strong>satis</strong></span> 
     </span>
    </p>
   </div>
   <div class='ocr_carea' id='block_1_95' title="bbox 2019 3282 3600 3354">
    <p class='ocr_par' dir='ltr' id='par_1_95' title="bbox 2019 3282 3600 3354">
     <span class='ocr_line' id='line_1_95' title="bbox 2019 3282 3600 3354; baseline 0.004 -17"><span class='ocrx_word' id='word_1_765' title='bbox 2019 3282 2443 3337; x_wconf 77' lang='lat' dir='ltr'><strong><em>demonstration</em></strong></span> <span class='ocrx_word' id='word_1_766' title='bbox 2473 3292 2553 3336; x_wconf 88' lang='lat' dir='ltr'><strong><em>est</em></strong></span> <span class='ocrx_word' id='word_1_767' title='bbox 2594 3294 2925 3337; x_wconf 73' lang='lat' dir='ltr'><strong><em>sai-ramenta</em></strong></span> <span class='ocrx_word' id='word_1_768' title='bbox 2950 3284 3173 3338; x_wconf 82' lang='lat' dir='ltr'><strong><em>visibilia</em></strong></span> <span class='ocrx_word' id='word_1_769' title='bbox 3200 3327 3212 3349; x_wconf 93' lang='lat'><strong>,</strong></span> <span class='ocrx_word' id='word_1_770' title='bbox 3253 3286 3499 3354; x_wconf 88' lang='lat' dir='ltr'><strong><em>quamvis</em></strong></span> <span class='ocrx_word' id='word_1_771' title='bbox 3546 3295 3600 3343; x_wconf 80' lang='lat' dir='ltr'><strong><em>et</em></strong></span> 
     </span>
    </p>
   </div>
   <div class='ocr_carea' id='block_1_96' title="bbox 2014 3373 3600 3445">
    <p class='ocr_par' dir='ltr' id='par_1_96' title="bbox 2014 3373 3600 3445">
     <span class='ocr_line' id='line_1_96' title="bbox 2014 3373 3600 3445; baseline 0.004 -18"><span class='ocrx_word' id='word_1_772' title='bbox 2014 3373 2127 3443; x_wconf 87' lang='lat' dir='ltr'><strong><em>ipsa</em></strong></span> <span class='ocrx_word' id='word_1_773' title='bbox 2180 3373 2487 3427; x_wconf 86' lang='lat' dir='ltr'><strong><em>indumenta</em></strong></span> <span class='ocrx_word' id='word_1_774' title='bbox 2547 3373 2651 3426; x_wconf 89' lang='lat' dir='ltr'><strong><em>sint</em></strong></span> <span class='ocrx_word' id='word_1_775' title='bbox 2699 3374 2927 3440; x_wconf 80' lang='lat' dir='ltr'><strong><em>Christi,</em></strong></span> <span class='ocrx_word' id='word_1_776' title='bbox 2978 3390 3134 3445; x_wconf 86' lang='lat' dir='ltr'><strong><em>posse</em></strong></span> <span class='ocrx_word' id='word_1_777' title='bbox 3176 3384 3354 3430; x_wconf 87' lang='lat' dir='ltr'><strong><em>tamen</em></strong></span> <span class='ocrx_word' id='word_1_778' title='bbox 3402 3376 3600 3434; x_wconf 85' lang='lat' dir='ltr'><strong><em>habere</em></strong></span> 
     </span>
    </p>
   </div>
   <div class='ocr_carea' id='block_1_97' title="bbox 2013 3464 3598 3534">
    <p class='ocr_par' dir='ltr' id='par_1_97' title="bbox 2013 3464 3598 3534">
     <span class='ocr_line' id='line_1_97' title="bbox 2013 3464 3598 3534; baseline 0.006 -17"><span class='ocrx_word' id='word_1_779' title='bbox 2013 3465 2278 3534; x_wconf 78' lang='lat' dir='ltr'><strong><em>quoslibet</em></strong></span> <span class='ocrx_word' id='word_1_780' title='bbox 2307 3464 2438 3530; x_wconf 64' lang='lat' dir='ltr'><strong><em>haec,</em></strong></span> <span class='ocrx_word' id='word_1_781' title='bbox 2457 3465 2568 3519; x_wconf 90' lang='lat' dir='ltr'><strong><em>sive</em></strong></span> <span class='ocrx_word' id='word_1_782' title='bbox 2594 3464 2759 3518; x_wconf 85' lang='lat' dir='ltr'><strong><em>bonos</em></strong></span> <span class='ocrx_word' id='word_1_783' title='bbox 2780 3508 2793 3531; x_wconf 91' lang='lat'><strong><em>,</em></strong></span> <span class='ocrx_word' id='word_1_784' title='bbox 2824 3467 2935 3520; x_wconf 90' lang='lat' dir='ltr'><strong><em>sive</em></strong></span> <span class='ocrx_word' id='word_1_785' title='bbox 2965 3468 3157 3531; x_wconf 88' lang='lat' dir='ltr'><strong><em>malos;</em></strong></span> <span class='ocrx_word' id='word_1_786' title='bbox 3187 3469 3598 3526; x_wconf 89' lang='lat' dir='ltr'><strong><em>sincerissimam</em></strong></span> 
     </span>
    </p>
   </div>
   <div class='ocr_carea' id='block_1_98' title="bbox 2012 3558 3599 3627">
    <p class='ocr_par' dir='ltr' id='par_1_98' title="bbox 2012 3558 3599 3627">
     <span class='ocr_line' id='line_1_98' title="bbox 2012 3558 3599 3627; baseline 0.004 -17"><span class='ocrx_word' id='word_1_787' title='bbox 2012 3572 2141 3610; x_wconf 82' lang='lat' dir='ltr'><strong><em>vero</em></strong></span> <span class='ocrx_word' id='word_1_788' title='bbox 2171 3558 2358 3622; x_wconf 89' lang='lat' dir='ltr'><strong><em>ﬁdem,</em></strong></span> <span class='ocrx_word' id='word_1_789' title='bbox 2383 3574 2500 3627; x_wconf 71' lang='lat' dir='ltr'><strong><em>quae</em></strong></span> <span class='ocrx_word' id='word_1_790' title='bbox 2531 3574 2621 3626; x_wconf 87' lang='lat' dir='ltr'><strong><em>per</em></strong></span> <span class='ocrx_word' id='word_1_791' title='bbox 2642 3558 2977 3611; x_wconf 82' lang='lat' dir='ltr'><strong><em>dilectionem</em></strong></span> <span class='ocrx_word' id='word_1_792' title='bbox 3001 3568 3253 3627; x_wconf 90' lang='lat' dir='ltr'><strong><em>operatur</em></strong></span> <span class='ocrx_word' id='word_1_793' title='bbox 3280 3562 3491 3616; x_wconf 88' lang='lat' dir='ltr'><strong><em>unitatis</em></strong></span> <span class='ocrx_word' id='word_1_794' title='bbox 3513 3562 3599 3617; x_wconf 88' lang='lat' dir='ltr'><strong><em>in-</em></strong></span> 
     </span>
    </p>
   </div>
   <div class='ocr_carea' id='block_1_99' title="bbox 2017 3648 3600 3719">
    <p class='ocr_par' dir='ltr' id='par_1_99' title="bbox 2017 3648 3600 3719">
     <span class='ocr_line' id='line_1_99' title="bbox 2017 3648 3600 3719; baseline 0.002 -16"><span class='ocrx_word' id='word_1_795' title='bbox 2017 3650 2346 3719; x_wconf 84' lang='lat' dir='ltr'><strong><em>tegritatem,</em></strong></span> <span class='ocrx_word' id='word_1_796' title='bbox 2380 3648 2500 3717; x_wconf 92' lang='lat' dir='ltr'><strong><em>quia</em></strong></span> <span class='ocrx_word' id='word_1_797' title='bbox 2528 3648 2738 3701; x_wconf 87' lang='lat' dir='ltr'><strong><em>dilectio</em></strong></span> <span class='ocrx_word' id='word_1_798' title='bbox 2766 3649 2859 3701; x_wconf 85' lang='lat' dir='ltr'><strong><em>Dei</em></strong></span> <span class='ocrx_word' id='word_1_799' title='bbox 2907 3648 3094 3703; x_wconf 67' lang='lat' dir='ltr'><strong>ditiusa</strong></span> <span class='ocrx_word' id='word_1_800' title='bbox 3141 3658 3223 3704; x_wconf 90' lang='lat' dir='ltr'><strong><em>est</em></strong></span> <span class='ocrx_word' id='word_1_801' title='bbox 3272 3650 3323 3704; x_wconf 91' lang='lat' dir='ltr'><strong><em>in</em></strong></span> <span class='ocrx_word' id='word_1_802' title='bbox 3350 3651 3600 3707; x_wconf 88' lang='lat' dir='ltr'><strong><em>cordibus</em></strong></span> 
     </span>
    </p>
   </div>
   <div class='ocr_carea' id='block_1_100' title="bbox 2012 3739 3600 3810">
    <p class='ocr_par' dir='ltr' id='par_1_100' title="bbox 2012 3739 3600 3810">
     <span class='ocr_line' id='line_1_100' title="bbox 2012 3739 3600 3810; baseline 0.003 -16"><span class='ocrx_word' id='word_1_803' title='bbox 2012 3742 2244 3807; x_wconf 86' lang='lat' dir='ltr'><strong><em>nostris,</em></strong></span> <span class='ocrx_word' id='word_1_804' title='bbox 2293 3755 2386 3809; x_wconf 89' lang='lat' dir='ltr'><strong><em>per</em></strong></span> <span class='ocrx_word' id='word_1_805' title='bbox 2415 3739 2666 3810; x_wconf 89' lang='lat' dir='ltr'><strong><em>Spiritum</em></strong></span> <span class='ocrx_word' id='word_1_806' title='bbox 2711 3749 2948 3793; x_wconf 90' lang='lat' dir='ltr'><strong><em>sanctum</em></strong></span> <span class='ocrx_word' id='word_1_807' title='bbox 2981 3741 3069 3809; x_wconf 93' lang='lat' dir='ltr'><strong><em>qui</em></strong></span> <span class='ocrx_word' id='word_1_808' title='bbox 3113 3741 3266 3796; x_wconf 87' lang='lat' dir='ltr'><strong><em>datus</em></strong></span> <span class='ocrx_word' id='word_1_809' title='bbox 3314 3751 3395 3796; x_wconf 90' lang='lat' dir='ltr'><strong><em>est</em></strong></span> <span class='ocrx_word' id='word_1_810' title='bbox 3448 3744 3600 3800; x_wconf 84' lang='lat' dir='ltr'><strong><em>nobis</em></strong></span> 
     </span>
    </p>
   </div>
   <div class='ocr_carea' id='block_1_101' title="bbox 2013 3832 3597 3906">
    <p class='ocr_par' dir='ltr' id='par_1_101' title="bbox 2013 3832 3597 3906">
     <span class='ocr_line' id='line_1_101' title="bbox 2013 3832 3597 3906; baseline 0.001 -18"><span class='ocrx_word' id='word_1_811' title='bbox 2013 3835 2183 3906; x_wconf 85' lang='lat' dir='ltr'><strong><em>(Rom.</em></strong></span> <span class='ocrx_word' id='word_1_812' title='bbox 2209 3850 2269 3898; x_wconf 91' lang='lat' dir='ltr'><strong><em>v,</em></strong></span> <span class='ocrx_word' id='word_1_813' title='bbox 2298 3832 2384 3903; x_wconf 80' lang='lat'><strong><em>5),</em></strong></span> <span class='ocrx_word' id='word_1_814' title='bbox 2417 3849 2519 3885; x_wconf 88' lang='lat' dir='ltr'><strong><em>non</em></strong></span> <span class='ocrx_word' id='word_1_815' title='bbox 2571 3833 2837 3903; x_wconf 89' lang='lat' dir='ltr'><strong><em>pertinere</em></strong></span> <span class='ocrx_word' id='word_1_816' title='bbox 2866 3833 2929 3886; x_wconf 91' lang='lat' dir='ltr'><strong><em>ad</em></strong></span> <span class='ocrx_word' id='word_1_817' title='bbox 2953 3834 3243 3902; x_wconf 83' lang='lat' dir='ltr'><strong><em>quoslibet,</em></strong></span> <span class='ocrx_word' id='word_1_818' title='bbox 3278 3834 3369 3889; x_wconf 91' lang='lat' dir='ltr'><strong><em>sed</em></strong></span> <span class='ocrx_word' id='word_1_819' title='bbox 3393 3837 3597 3890; x_wconf 88' lang='lat' dir='ltr'><strong><em>occulta</em></strong></span> 
     </span>
    </p>
   </div>
   <div class='ocr_carea' id='block_1_102' title="bbox 2013 3922 3596 3998">
    <p class='ocr_par' dir='ltr' id='par_1_102' title="bbox 2013 3922 3596 3998">
     <span class='ocr_line' id='line_1_102' title="bbox 2013 3922 3596 3998; baseline 0.003 -20"><span class='ocrx_word' id='word_1_820' title='bbox 2013 3926 2103 3979; x_wconf 89' lang='lat' dir='ltr'><strong><em>Dei</em></strong></span> <span class='ocrx_word' id='word_1_821' title='bbox 2135 3925 2303 3993; x_wconf 83' lang='lat' dir='ltr'><strong><em>gratia</em></strong></span> <span class='ocrx_word' id='word_1_822' title='bbox 2336 3935 2583 3993; x_wconf 87' lang='lat' dir='ltr'><strong><em>tanquam</em></strong></span> <span class='ocrx_word' id='word_1_823' title='bbox 2629 3933 2772 3978; x_wconf 90' lang='lat' dir='ltr'><strong><em>sorte</em></strong></span> <span class='ocrx_word' id='word_1_824' title='bbox 2833 3922 3038 3978; x_wconf 89' lang='lat' dir='ltr'><strong><em>donari.</em></strong></span> <span class='ocrx_word' id='word_1_825' title='bbox 3080 3924 3229 3981; x_wconf 90' lang='lat' dir='ltr'><strong><em>Unde</em></strong></span> <span class='ocrx_word' id='word_1_826' title='bbox 3272 3924 3474 3981; x_wconf 90' lang='lat' dir='ltr'><strong><em>Simoni</em></strong></span> <span class='ocrx_word' id='word_1_827' title='bbox 3509 3927 3596 3998; x_wconf 89' lang='lat' dir='ltr'><strong>qui</strong></span> 
     </span>
    </p>
   </div>
   <div class='ocr_carea' id='block_1_103' title="bbox 2012 4002 3598 4086">
    <p class='ocr_par' dir='ltr' id='par_1_103' title="bbox 2012 4002 3598 4086">
     <span class='ocr_line' id='line_1_103' title="bbox 2012 4002 3598 4086; baseline 0.001 -15"><span class='ocrx_word' id='word_1_828' title='bbox 2012 4017 2338 4086; x_wconf 87' lang='lat' dir='ltr'><strong><em>Baptismum</em></strong></span> <span class='ocrx_word' id='word_1_829' title='bbox 2369 4016 2627 4080; x_wconf 87' lang='lat' dir='ltr'><strong><em>habebat,</em></strong></span> <span class='ocrx_word' id='word_1_830' title='bbox 2663 4025 2716 4069; x_wconf 90' lang='lat' dir='ltr'><strong><em>ct</em></strong></span> <span class='ocrx_word' id='word_1_831' title='bbox 2758 4017 2910 4069; x_wconf 88' lang='lat' dir='ltr'><strong><em>istam</em></strong></span> <span class='ocrx_word' id='word_1_832' title='bbox 2937 4032 3041 4070; x_wconf 92' lang='lat' dir='ltr'><strong><em>non</em></strong></span> <span class='ocrx_word' id='word_1_833' title='bbox 3075 4016 3335 4085; x_wconf 88' lang='lat' dir='ltr'><strong><em>habebat,</em></strong></span> <span class='ocrx_word' id='word_1_834' title='bbox 3362 4035 3389 4071; x_wconf 88' lang='lat' dir='ltr'><strong><em>a</em></strong></span> <span class='ocrx_word' id='word_1_835' title='bbox 3438 4002 3598 4074; x_wconf 82' lang='lat' dir='ltr'><strong><em>Petro</em></strong></span> 
     </span>
    </p>
   </div>
   <div class='ocr_carea' id='block_1_104' title="bbox 2010 4107 3601 4183">
    <p class='ocr_par' dir='ltr' id='par_1_104' title="bbox 2010 4107 3601 4183">
     <span class='ocr_line' id='line_1_104' title="bbox 2010 4107 3601 4183; baseline 0.002 -20"><span class='ocrx_word' id='word_1_836' title='bbox 2010 4109 2209 4163; x_wconf 87' lang='lat' dir='ltr'><strong><em>dictum</em></strong></span> <span class='ocrx_word' id='word_1_837' title='bbox 2240 4117 2347 4175; x_wconf 87' lang='lat' dir='ltr'><strong><em>est,</em></strong></span> <span class='ocrx_word' id='word_1_838' title='bbox 2379 4107 2499 4162; x_wconf 89' lang='lat' dir='ltr'><strong><em>Non</em></strong></span> <span class='ocrx_word' id='word_1_839' title='bbox 2529 4118 2598 4163; x_wconf 89' lang='lat' dir='ltr'><strong><em>est</em></strong></span> <span class='ocrx_word' id='word_1_840' title='bbox 2622 4108 2706 4161; x_wconf 89' lang='lat' dir='ltr'><strong><em>tibi</em></strong></span> <span class='ocrx_word' id='word_1_841' title='bbox 2750 4125 2858 4163; x_wconf 89' lang='lat' dir='ltr'><strong><em>sors</em></strong></span> <span class='ocrx_word' id='word_1_842' title='bbox 2878 4151 2891 4175; x_wconf 93' lang='lat'><strong>,</strong></span> <span class='ocrx_word' id='word_1_843' title='bbox 2923 4127 3081 4181; x_wconf 80' lang='lat' dir='ltr'><strong><em>neque</em></strong></span> <span class='ocrx_word' id='word_1_844' title='bbox 3120 4127 3238 4180; x_wconf 87' lang='lat' dir='ltr'><strong><em>pars</em></strong></span> <span class='ocrx_word' id='word_1_845' title='bbox 3267 4111 3322 4165; x_wconf 90' lang='lat' dir='ltr'><strong><em>in</em></strong></span> <span class='ocrx_word' id='word_1_846' title='bbox 3358 4112 3458 4165; x_wconf 85' lang='lat' dir='ltr'><strong><em>ista</em></strong></span> <span class='ocrx_word' id='word_1_847' title='bbox 3497 4112 3601 4183; x_wconf 78' lang='lat' dir='ltr'><strong><em>[ide</em></strong></span> 
     </span>
    </p>
   </div>
   <div class='ocr_carea' id='block_1_105' title="bbox 2017 4198 2447 4271">
    <p class='ocr_par' dir='ltr' id='par_1_105' title="bbox 2017 4198 2447 4271">
     <span class='ocr_line' id='line_1_105' title="bbox 2017 4198 2447 4271; baseline -0.002 -19"><span class='ocrx_word' id='word_1_848' title='bbox 2017 4198 2150 4271; x_wconf 85' lang='lat' dir='ltr'><strong><em>(Act.</em></strong></span> <span class='ocrx_word' id='word_1_849' title='bbox 2184 4217 2271 4253; x_wconf 86' lang='lat' dir='ltr'><strong><em>vm</em></strong></span> <span class='ocrx_word' id='word_1_850' title='bbox 2295 4242 2309 4265; x_wconf 94' lang='lat'><strong>,</strong></span> <span class='ocrx_word' id='word_1_851' title='bbox 2332 4199 2447 4269; x_wconf 79' lang='lat' dir='ltr'><strong><em>2i).</em></strong></span> 
     </span>
    </p>
   </div>
   <div class='ocr_carea' id='block_1_106' title="bbox 2080 4289 3594 4349">
    <p class='ocr_par' dir='ltr' id='par_1_106' title="bbox 2080 4289 3594 4349">
     <span class='ocr_line' id='line_1_106' title="bbox 2080 4289 3594 4349; baseline 0.003 -4"><span class='ocrx_word' id='word_1_852' title='bbox 2080 4290 2305 4345; x_wconf 84' lang='lat' dir='ltr'><strong>CAPUT</strong></span> <span class='ocrx_word' id='word_1_853' title='bbox 2344 4290 2412 4345; x_wconf 83' lang='lat' dir='ltr'><strong><em>X.</em></strong></span> <span class='ocrx_word' id='word_1_854' title='bbox 2442 4321 2513 4330; x_wconf 89' lang='lat'><strong><em>—</em></strong></span> <span class='ocrx_word' id='word_1_855' title='bbox 2540 4290 2625 4345; x_wconf 89' lang='grc'>10.</span> <span class='ocrx_word' id='word_1_856' title='bbox 2658 4289 2826 4344; x_wconf 81' lang='lat' dir='ltr'><strong><em>Mater</em></strong></span> <span class='ocrx_word' id='word_1_857' title='bbox 2876 4292 3222 4346; x_wconf 86' lang='lat' dir='ltr'><strong><em>commendata</em></strong></span> <span class='ocrx_word' id='word_1_858' title='bbox 3265 4310 3296 4346; x_wconf 92' lang='lat' dir='ltr'><strong><em>a</em></strong></span> <span class='ocrx_word' id='word_1_859' title='bbox 3335 4294 3594 4349; x_wconf 87' lang='lat' dir='ltr'><strong><em>moriente.</em></strong></span> 
     </span>
    </p>
   </div>
   <div class='ocr_carea' id='block_1_107' title="bbox 2011 4382 3598 4457">
    <p class='ocr_par' dir='ltr' id='par_1_107' title="bbox 2011 4382 3598 4457">
     <span class='ocr_line' id='line_1_107' title="bbox 2011 4382 3598 4457; baseline 0.005 -21"><span class='ocrx_word' id='word_1_860' title='bbox 2011 4382 2160 4449; x_wconf 88' lang='lat' dir='ltr'><strong><em>Quod</em></strong></span> <span class='ocrx_word' id='word_1_861' title='bbox 2216 4383 2264 4435; x_wconf 91' lang='lat' dir='ltr'><strong><em>in</em></strong></span> <span class='ocrx_word' id='word_1_862' title='bbox 2306 4398 2464 4437; x_wconf 89' lang='lat' dir='ltr'><strong><em>cruce</em></strong></span> <span class='ocrx_word' id='word_1_863' title='bbox 2519 4383 2783 4453; x_wconf 88' lang='lat' dir='ltr'><strong><em>cognitam</em></strong></span> <span class='ocrx_word' id='word_1_864' title='bbox 2824 4396 3045 4439; x_wconf 87' lang='lat' dir='ltr'><strong><em>matrem</em></strong></span> <span class='ocrx_word' id='word_1_865' title='bbox 3095 4387 3289 4441; x_wconf 90' lang='lat' dir='ltr'><strong><em>dilecto</em></strong></span> <span class='ocrx_word' id='word_1_866' title='bbox 3339 4388 3598 4457; x_wconf 83' lang='lat' dir='ltr'><strong><em>discipulo</em></strong></span> 
     </span>
    </p>
   </div>
   <div class='ocr_carea' id='block_1_108' title="bbox 2009 4471 3597 4549">
    <p class='ocr_par' dir='ltr' id='par_1_108' title="bbox 2009 4471 3597 4549">
     <span class='ocr_line' id='line_1_108' title="bbox 2009 4471 3597 4549; baseline 0.006 -21"><span class='ocrx_word' id='word_1_867' title='bbox 2009 4474 2399 4529; x_wconf 87' lang='lat' dir='ltr'><strong><em>commendavit</em></strong></span> <span class='ocrx_word' id='word_1_868' title='bbox 2430 4471 2609 4543; x_wconf 85' lang='lat' dir='ltr'><strong><em>(Joan.</em></strong></span> <span class='ocrx_word' id='word_1_869' title='bbox 2642 4491 2726 4527; x_wconf 85' lang='lat' dir='ltr'><strong><em>xix</em></strong></span> <span class='ocrx_word' id='word_1_870' title='bbox 2752 4518 2764 4539; x_wconf 93' lang='lat'><strong><em>,</em></strong></span> <span class='ocrx_word' id='word_1_871' title='bbox 2793 4475 2891 4541; x_wconf 89' lang='lat'><strong><em>26,</em></strong></span> <span class='ocrx_word' id='word_1_872' title='bbox 2926 4477 3021 4547; x_wconf 82' lang='lat'><strong><em>27)</em></strong></span> <span class='ocrx_word' id='word_1_873' title='bbox 3051 4493 3063 4543; x_wconf 93' lang='lat'>;</span> <span class='ocrx_word' id='word_1_874' title='bbox 3097 4488 3452 4549; x_wconf 84' lang='lat' dir='ltr'><strong><em>congruenter</em></strong></span> <span class='ocrx_word' id='word_1_875' title='bbox 3474 4490 3597 4537; x_wconf 90' lang='lat' dir='ltr'><strong><em>tunc</em></strong></span> 
     </span>
    </p>
   </div>
   <div class='ocr_carea' id='block_1_109' title="bbox 2008 4564 3597 4638">
    <p class='ocr_par' dir='ltr' id='par_1_109' title="bbox 2008 4564 3597 4638">
     <span class='ocr_line' id='line_1_109' title="bbox 2008 4564 3597 4638; baseline 0.005 -18"><span class='ocrx_word' id='word_1_876' title='bbox 2008 4566 2298 4620; x_wconf 89' lang='lat' dir='ltr'><strong><em>humanum</em></strong></span> <span class='ocrx_word' id='word_1_877' title='bbox 2329 4564 2595 4628; x_wconf 59' lang='lat' dir='ltr'><strong><em>allectum,</em></strong></span> <span class='ocrx_word' id='word_1_878' title='bbox 2626 4566 2835 4636; x_wconf 90' lang='lat' dir='ltr'><strong><em>quando</em></strong></span> <span class='ocrx_word' id='word_1_879' title='bbox 2863 4576 2918 4621; x_wconf 88' lang='lat' dir='ltr'><strong><em>ut</em></strong></span> <span class='ocrx_word' id='word_1_880' title='bbox 2940 4569 3097 4623; x_wconf 92' lang='lat' dir='ltr'><strong><em>homo</em></strong></span> <span class='ocrx_word' id='word_1_881' title='bbox 3123 4570 3478 4638; x_wconf 78' lang='lat' dir='ltr'><strong><em>moriebatur,</em></strong></span> <span class='ocrx_word' id='word_1_882' title='bbox 3512 4588 3597 4628; x_wconf 85' lang='lat' dir='ltr'><strong><em>os-</em></strong></span> 
     </span>
    </p>
   </div>
   <div class='ocr_carea' id='block_1_110' title="bbox 2007 4658 3594 4734">
    <p class='ocr_par' dir='ltr' id='par_1_110' title="bbox 2007 4658 3594 4734">
     <span class='ocr_line' id='line_1_110' title="bbox 2007 4658 3594 4734; baseline 0.004 -21"><span class='ocrx_word' id='word_1_883' title='bbox 2007 4659 2193 4713; x_wconf 88' lang='lat' dir='ltr'><strong><em>tendit.</em></strong></span> <span class='ocrx_word' id='word_1_884' title='bbox 2222 4658 2323 4712; x_wconf 90' lang='lat' dir='ltr'><strong><em>Ista</em></strong></span> <span class='ocrx_word' id='word_1_885' title='bbox 2354 4658 2486 4713; x_wconf 87' lang='lat' dir='ltr'><strong><em>hora</em></strong></span> <span class='ocrx_word' id='word_1_886' title='bbox 2516 4659 2751 4713; x_wconf 91' lang='lat' dir='ltr'><strong><em>nondum</em></strong></span> <span class='ocrx_word' id='word_1_887' title='bbox 2784 4672 3037 4726; x_wconf 86' lang='lat' dir='ltr'><strong><em>venerat,</em></strong></span> <span class='ocrx_word' id='word_1_888' title='bbox 3068 4664 3276 4731; x_wconf 88' lang='lat' dir='ltr'><strong><em>quando</em></strong></span> <span class='ocrx_word' id='word_1_889' title='bbox 3322 4680 3509 4734; x_wconf 87' lang='lat' dir='ltr'><strong><em>aquam</em></strong></span> <span class='ocrx_word' id='word_1_890' title='bbox 3544 4667 3594 4721; x_wconf 91' lang='lat' dir='ltr'><strong><em>in</em></strong></span> 
     </span>
    </p>
   </div>
   <div class='ocr_carea' id='block_1_111' title="bbox 2004 4751 3595 4824">
    <p class='ocr_par' dir='ltr' id='par_1_111' title="bbox 2004 4751 3595 4824">
     <span class='ocr_line' id='line_1_111' title="bbox 2004 4751 3595 4824; baseline 0.006 -19"><span class='ocrx_word' id='word_1_891' title='bbox 2004 4751 2186 4805; x_wconf 88' lang='lat' dir='ltr'><strong><em>vinum</em></strong></span> <span class='ocrx_word' id='word_1_892' title='bbox 2209 4766 2562 4806; x_wconf 86' lang='lat' dir='ltr'><strong><em>conversurus</em></strong></span> <span class='ocrx_word' id='word_1_893' title='bbox 2592 4754 2761 4808; x_wconf 90' lang='lat' dir='ltr'><strong><em>eidem</em></strong></span> <span class='ocrx_word' id='word_1_894' title='bbox 2789 4756 2942 4807; x_wconf 88' lang='lat' dir='ltr'><strong><em>matri</em></strong></span> <span class='ocrx_word' id='word_1_895' title='bbox 2966 4756 3169 4809; x_wconf 85' lang='lat' dir='ltr'><strong><em>dixerat</em></strong></span> <span class='ocrx_word' id='word_1_896' title='bbox 3204 4775 3215 4809; x_wconf 92' lang='lat'><strong>:</strong></span> <span class='ocrx_word' id='word_1_897' title='bbox 3251 4757 3384 4824; x_wconf 81' lang='lat' dir='ltr'><strong><em>Quid</em></strong></span> <span class='ocrx_word' id='word_1_898' title='bbox 3410 4760 3531 4813; x_wconf 81' lang='lat' dir='ltr'><strong><em>milii</em></strong></span> <span class='ocrx_word' id='word_1_899' title='bbox 3552 4771 3595 4815; x_wconf 90' lang='lat' dir='ltr'><strong><em>et</em></strong></span> 
     </span>
    </p>
   </div>
   <div class='ocr_carea' id='block_1_112' title="bbox 2006 4841 3595 4922">
    <p class='ocr_par' dir='ltr' id='par_1_112' title="bbox 2006 4841 3595 4922">
     <span class='ocr_line' id='line_1_112' title="bbox 2006 4841 3595 4922; baseline 0.009 -28"><span class='ocrx_word' id='word_1_900' title='bbox 2006 4842 2093 4895; x_wconf 83' lang='lat' dir='ltr'><strong><em>tibi</em></strong></span> <span class='ocrx_word' id='word_1_901' title='bbox 2123 4852 2211 4906; x_wconf 86' lang='lat' dir='ltr'><strong><em>est,</em></strong></span> <span class='ocrx_word' id='word_1_902' title='bbox 2232 4842 2452 4896; x_wconf 81' lang='lat' dir='ltr'><strong><em>mulier?</em></strong></span> <span class='ocrx_word' id='word_1_903' title='bbox 2478 4841 2720 4897; x_wconf 87' lang='lat' dir='ltr'><strong><em>Nondum</em></strong></span> <span class='ocrx_word' id='word_1_904' title='bbox 2745 4846 2873 4897; x_wconf 80' lang='lat' dir='ltr'><strong><em>venit</em></strong></span> <span class='ocrx_word' id='word_1_905' title='bbox 2899 4846 3022 4899; x_wconf 81' lang='lat' dir='ltr'><strong><em>hora</em></strong></span> <span class='ocrx_word' id='word_1_906' title='bbox 3043 4864 3151 4899; x_wconf 86' lang='lat' dir='ltr'><strong><em>mea</em></strong></span> <span class='ocrx_word' id='word_1_907' title='bbox 3182 4847 3287 4920; x_wconf 88' lang='lat' dir='ltr'><strong><em>(Id.</em></strong></span> <span class='ocrx_word' id='word_1_908' title='bbox 3311 4865 3369 4917; x_wconf 91' lang='grc' dir='ltr'><strong><em>ιι,</em></strong></span> <span class='ocrx_word' id='word_1_909' title='bbox 3388 4850 3441 4922; x_wconf 70' lang='grc'>4)</span> <span class='ocrx_word' id='word_1_910' title='bbox 3456 4893 3464 4901; x_wconf 94' lang='grc'><strong><em>.</em></strong></span> <span class='ocrx_word' id='word_1_911' title='bbox 3481 4851 3595 4909; x_wconf 85' lang='lat' dir='ltr'><strong><em>Non</em></strong></span> 
     </span>
    </p>
   </div>
   <div class='ocr_carea' id='block_1_113' title="bbox 2005 4933 3593 5009">
    <p class='ocr_par' dir='ltr' id='par_1_113' title="bbox 2005 4933 3593 5009">
     <span class='ocr_line' id='line_1_113' title="bbox 2005 4933 3593 5009; baseline 0.008 -22"><span class='ocrx_word' id='word_1_912' title='bbox 2005 4933 2146 4987; x_wconf 89' lang='lat' dir='ltr'><strong><em>enim</em></strong></span> <span class='ocrx_word' id='word_1_913' title='bbox 2175 4933 2241 4987; x_wconf 91' lang='lat' dir='ltr'><strong><em>de</em></strong></span> <span class='ocrx_word' id='word_1_914' title='bbox 2263 4934 2421 4987; x_wconf 85' lang='lat' dir='ltr'><strong><em>Maria</em></strong></span> <span class='ocrx_word' id='word_1_915' title='bbox 2450 4945 2752 5004; x_wconf 88' lang='lat' dir='ltr'><strong><em>sumpserat</em></strong></span> <span class='ocrx_word' id='word_1_916' title='bbox 2774 4937 2913 5006; x_wconf 90' lang='lat' dir='ltr'><strong><em>quod</em></strong></span> <span class='ocrx_word' id='word_1_917' title='bbox 2943 4936 3170 4995; x_wconf 86' lang='lat' dir='ltr'><strong><em>habebat</em></strong></span> <span class='ocrx_word' id='word_1_918' title='bbox 3198 4940 3249 4994; x_wconf 91' lang='lat' dir='ltr'><strong><em>in</em></strong></span> <span class='ocrx_word' id='word_1_919' title='bbox 3281 4941 3555 4999; x_wconf 86' lang='lat' dir='ltr'><strong><em>divinitate</em></strong></span> <span class='ocrx_word' id='word_1_920' title='bbox 3579 4985 3593 5009; x_wconf 92' lang='lat'><strong>,</strong></span> 
     </span>
    </p>
   </div>
   <div class='ocr_carea' id='block_1_114' title="bbox 2004 5020 3467 5101">
    <p class='ocr_par' dir='ltr' id='par_1_114' title="bbox 2004 5020 3467 5101">
     <span class='ocr_line' id='line_1_114' title="bbox 2004 5020 3467 5101; baseline 0.005 -24"><span class='ocrx_word' id='word_1_921' title='bbox 2004 5020 2144 5077; x_wconf 88' lang='lat' dir='ltr'><strong><em>sicut</em></strong></span> <span class='ocrx_word' id='word_1_922' title='bbox 2172 5022 2236 5076; x_wconf 91' lang='lat' dir='ltr'><strong><em>de</em></strong></span> <span class='ocrx_word' id='word_1_923' title='bbox 2261 5021 2421 5077; x_wconf 88' lang='lat' dir='ltr'><strong><em>Maria</em></strong></span> <span class='ocrx_word' id='word_1_924' title='bbox 2447 5034 2742 5101; x_wconf 86' lang='lat' dir='ltr'><strong><em>sumpserat</em></strong></span> <span class='ocrx_word' id='word_1_925' title='bbox 2765 5027 2903 5096; x_wconf 90' lang='lat' dir='ltr'><strong><em>quod</em></strong></span> <span class='ocrx_word' id='word_1_926' title='bbox 2924 5029 3183 5099; x_wconf 81' lang='lat' dir='ltr'><strong><em>pendebat</em></strong></span> <span class='ocrx_word' id='word_1_927' title='bbox 3213 5030 3263 5083; x_wconf 92' lang='lat' dir='ltr'><strong><em>in</em></strong></span> <span class='ocrx_word' id='word_1_928' title='bbox 3291 5046 3467 5088; x_wconf 88' lang='lat' dir='ltr'><strong><em>cruce.</em></strong></span> 
     </span>
    </p>
   </div>
   <div class='ocr_carea' id='block_1_115' title="bbox 2075 5113 3594 5193">
    <p class='ocr_par' dir='ltr' id='par_1_115' title="bbox 2075 5113 3594 5193">
     <span class='ocr_line' id='line_1_115' title="bbox 2075 5113 3594 5193; baseline 0.009 -26"><span class='ocrx_word' id='word_1_929' title='bbox 2075 5113 2301 5168; x_wconf 83' lang='lat' dir='ltr'><strong>CAPUT</strong></span> <span class='ocrx_word' id='word_1_930' title='bbox 2330 5114 2421 5169; x_wconf 77' lang='lat' dir='ltr'><strong><em>XI.</em></strong></span> <span class='ocrx_word' id='word_1_931' title='bbox 2454 5146 2525 5156; x_wconf 88' lang='lat'><strong><em>——</em></strong></span> <span class='ocrx_word' id='word_1_932' title='bbox 2551 5118 2638 5171; x_wconf 91' lang='grc'><strong><em>11.</em></strong></span> <span class='ocrx_word' id='word_1_933' title='bbox 2662 5118 2873 5172; x_wconf 82' lang='lat' dir='ltr'><strong><em>Acetum</em></strong></span> <span class='ocrx_word' id='word_1_934' title='bbox 2900 5121 2951 5172; x_wconf 90' lang='lat' dir='ltr'><strong><em>in</em></strong></span> <span class='ocrx_word' id='word_1_935' title='bbox 2977 5123 3191 5193; x_wconf 87' lang='lat' dir='ltr'><strong><em>spongia</em></strong></span> <span class='ocrx_word' id='word_1_936' title='bbox 3218 5124 3408 5177; x_wconf 87' lang='lat' dir='ltr'><strong><em>datum.</em></strong></span> <span class='ocrx_word' id='word_1_937' title='bbox 3443 5126 3594 5193; x_wconf 91' lang='lat' dir='ltr'><strong><em>Quod</em></strong></span> 
     </span>
    </p>
   </div>
   <div class='ocr_carea' id='block_1_116' title="bbox 2005 5204 3595 5290">
    <p class='ocr_par' dir='ltr' id='par_1_116' title="bbox 2005 5204 3595 5290">
     <span class='ocr_line' id='line_1_116' title="bbox 2005 5204 3595 5290; baseline 0.008 -31"><span class='ocrx_word' id='word_1_938' title='bbox 2005 5204 2173 5270; x_wconf 88' lang='lat' dir='ltr'><strong><em>dixit,</em></strong></span> <span class='ocrx_word' id='word_1_939' title='bbox 2204 5204 2370 5271; x_wconf 80' lang='lat' dir='ltr'><strong><em>Sitio;</em></strong></span> <span class='ocrx_word' id='word_1_940' title='bbox 2402 5206 2557 5261; x_wconf 90' lang='lat' dir='ltr'><strong><em>ﬁdem</em></strong></span> <span class='ocrx_word' id='word_1_941' title='bbox 2586 5210 2853 5277; x_wconf 78' lang='lat' dir='ltr'><strong><em>quaerebat</em></strong></span> <span class='ocrx_word' id='word_1_942' title='bbox 2881 5226 2908 5263; x_wconf 90' lang='lat' dir='ltr'><strong><em>a</em></strong></span> <span class='ocrx_word' id='word_1_943' title='bbox 2936 5212 3045 5266; x_wconf 90' lang='lat' dir='ltr'><strong>suis</strong></span> <span class='ocrx_word' id='word_1_944' title='bbox 3077 5230 3089 5267; x_wconf 92' lang='lat'><strong>:</strong></span> <span class='ocrx_word' id='word_1_945' title='bbox 3118 5214 3211 5269; x_wconf 90' lang='lat' dir='ltr'><strong><em>sed</em></strong></span> <span class='ocrx_word' id='word_1_946' title='bbox 3234 5216 3354 5285; x_wconf 88' lang='lat' dir='ltr'><strong><em>quia</em></strong></span> <span class='ocrx_word' id='word_1_947' title='bbox 3388 5218 3442 5271; x_wconf 87' lang='lat' dir='ltr'><strong><em>in</em></strong></span> <span class='ocrx_word' id='word_1_948' title='bbox 3473 5234 3595 5290; x_wconf 87' lang='lat' dir='ltr'><strong><em>pro-</em></strong></span> 
     </span>
    </p>
   </div>
   <div class='ocr_carea' id='block_1_117' title="bbox 2014 5298 3599 5382">
    <p class='ocr_par' dir='ltr' id='par_1_117' title="bbox 2014 5298 3599 5382">
     <span class='ocr_line' id='line_1_117' title="bbox 2014 5298 3599 5382; baseline 0.011 -34"><span class='ocrx_word' id='word_1_949' title='bbox 2014 5299 2130 5366; x_wconf 82' lang='lat' dir='ltr'><strong><em>pria</em></strong></span> <span class='ocrx_word' id='word_1_950' title='bbox 2156 5298 2285 5351; x_wconf 80' lang='lat' dir='ltr'><strong><em>venit</em></strong></span> <span class='ocrx_word' id='word_1_951' title='bbox 2306 5340 2320 5364; x_wconf 95' lang='lat'><strong><em>,</em></strong></span> <span class='ocrx_word' id='word_1_952' title='bbox 2354 5310 2399 5352; x_wconf 89' lang='lat' dir='ltr'><strong><em>et</em></strong></span> <span class='ocrx_word' id='word_1_953' title='bbox 2429 5300 2507 5353; x_wconf 89' lang='lat' dir='ltr'><strong><em>sui</em></strong></span> <span class='ocrx_word' id='word_1_954' title='bbox 2532 5317 2640 5353; x_wconf 87' lang='lat' dir='ltr'><strong><em>eum</em></strong></span> <span class='ocrx_word' id='word_1_955' title='bbox 2670 5317 2770 5353; x_wconf 92' lang='lat' dir='ltr'><strong><em>non</em></strong></span> <span class='ocrx_word' id='word_1_956' title='bbox 2798 5312 3087 5372; x_wconf 84' lang='lat' dir='ltr'><strong><em>receperunt</em></strong></span> <span class='ocrx_word' id='word_1_957' title='bbox 3116 5304 3224 5376; x_wconf 88' lang='lat' dir='ltr'><strong><em>(Id.</em></strong></span> <span class='ocrx_word' id='word_1_958' title='bbox 3264 5322 3314 5374; x_wconf 87' lang='grc' dir='ltr'><strong><em>ι,</em></strong></span> <span class='ocrx_word' id='word_1_959' title='bbox 3347 5307 3472 5382; x_wconf 85' lang='grc'>11);</span> <span class='ocrx_word' id='word_1_960' title='bbox 3502 5326 3599 5381; x_wconf 91' lang='lat' dir='ltr'><strong><em>pro</em></strong></span> 
     </span>
    </p>
   </div>
   <div class='ocr_carea' id='block_1_118' title="bbox 2015 5390 3597 5467">
    <p class='ocr_par' dir='ltr' id='par_1_118' title="bbox 2015 5390 3597 5467">
     <span class='ocr_line' id='line_1_118' title="bbox 2015 5390 3597 5467; baseline 0.009 -26"><span class='ocrx_word' id='word_1_961' title='bbox 2015 5390 2275 5443; x_wconf 88' lang='lat' dir='ltr'><strong><em>suavitate</em></strong></span> <span class='ocrx_word' id='word_1_962' title='bbox 2320 5390 2479 5457; x_wconf 88' lang='lat' dir='ltr'><strong><em>lidei,</em></strong></span> <span class='ocrx_word' id='word_1_963' title='bbox 2511 5398 2717 5445; x_wconf 86' lang='lat' dir='ltr'><strong><em>acetum</em></strong></span> <span class='ocrx_word' id='word_1_964' title='bbox 2756 5394 2991 5461; x_wconf 70' lang='lat' dir='ltr'><strong><em>perﬁdia:</em></strong></span> <span class='ocrx_word' id='word_1_965' title='bbox 3042 5394 3337 5467; x_wconf 89' lang='lat' dir='ltr'><strong><em>dederunt,</em></strong></span> <span class='ocrx_word' id='word_1_966' title='bbox 3395 5410 3449 5455; x_wconf 91' lang='lat' dir='ltr'><strong><em>et</em></strong></span> <span class='ocrx_word' id='word_1_967' title='bbox 3495 5401 3597 5457; x_wconf 90' lang='lat' dir='ltr'><strong><em>hoc</em></strong></span> 
     </span>
    </p>
   </div>
   <div class='ocr_carea' id='block_1_119' title="bbox 2004 5481 3597 5557">
    <p class='ocr_par' dir='ltr' id='par_1_119' title="bbox 2004 5481 3597 5557">
     <span class='ocr_line' id='line_1_119' title="bbox 2004 5481 3597 5557; baseline 0.008 -22"><span class='ocrx_word' id='word_1_968' title='bbox 2004 5481 2056 5535; x_wconf 88' lang='lat' dir='ltr'><strong><em>in</em></strong></span> <span class='ocrx_word' id='word_1_969' title='bbox 2076 5482 2311 5551; x_wconf 85' lang='lat' dir='ltr'><strong><em>spongia.</em></strong></span> <span class='ocrx_word' id='word_1_970' title='bbox 2338 5482 2470 5537; x_wconf 86' lang='lat' dir='ltr'><strong><em>Vere</em></strong></span> <span class='ocrx_word' id='word_1_971' title='bbox 2490 5484 2723 5552; x_wconf 66' lang='lat' dir='ltr'><strong><em>spongia:</em></strong></span> <span class='ocrx_word' id='word_1_972' title='bbox 2746 5488 3119 5555; x_wconf 87' lang='lat' dir='ltr'><strong><em>comparandi,</em></strong></span> <span class='ocrx_word' id='word_1_973' title='bbox 3151 5504 3258 5544; x_wconf 83' lang='lat' dir='ltr'><strong><em>non</em></strong></span> <span class='ocrx_word' id='word_1_974' title='bbox 3285 5490 3473 5557; x_wconf 86' lang='lat' dir='ltr'><strong><em>solidi,</em></strong></span> <span class='ocrx_word' id='word_1_975' title='bbox 3504 5493 3597 5548; x_wconf 87' lang='lat' dir='ltr'><strong><em>sed</em></strong></span> 
     </span>
    </p>
   </div>
   <div class='ocr_carea' id='block_1_120' title="bbox 2007 5572 3595 5650">
    <p class='ocr_par' dir='ltr' id='par_1_120' title="bbox 2007 5572 3595 5650">
     <span class='ocr_line' id='line_1_120' title="bbox 2007 5572 3595 5650; baseline 0.008 -23"><span class='ocrx_word' id='word_1_976' title='bbox 2007 5572 2195 5627; x_wconf 88' lang='lat' dir='ltr'><strong><em>tumidi</em></strong></span> <span class='ocrx_word' id='word_1_977' title='bbox 2220 5588 2234 5637; x_wconf 88' lang='lat'><strong>;</strong></span> <span class='ocrx_word' id='word_1_978' title='bbox 2265 5588 2369 5625; x_wconf 93' lang='lat' dir='ltr'><strong><em>non</em></strong></span> <span class='ocrx_word' id='word_1_979' title='bbox 2398 5581 2541 5627; x_wconf 88' lang='lat' dir='ltr'><strong><em>recto</em></strong></span> <span class='ocrx_word' id='word_1_980' title='bbox 2570 5574 2921 5632; x_wconf 89' lang='lat' dir='ltr'><strong><em>confessionis</em></strong></span> <span class='ocrx_word' id='word_1_981' title='bbox 2967 5578 3112 5633; x_wconf 86' lang='lat' dir='ltr'><strong><em>aditu</em></strong></span> <span class='ocrx_word' id='word_1_982' title='bbox 3141 5582 3348 5650; x_wconf 83' lang='lat' dir='ltr'><strong><em>aperti,</em></strong></span> <span class='ocrx_word' id='word_1_983' title='bbox 3390 5583 3482 5638; x_wconf 82' lang='lat' dir='ltr'><strong><em>sed</em></strong></span> <span class='ocrx_word' id='word_1_984' title='bbox 3512 5583 3595 5638; x_wconf 86' lang='lat' dir='ltr'><strong><em>in-</em></strong></span> 
     </span>
    </p>
   </div>
   <div class='ocr_carea' id='block_1_121' title="bbox 2006 5663 3583 5734">
    <p class='ocr_par' dir='ltr' id='par_1_121' title="bbox 2006 5663 3583 5734">
     <span class='ocr_line' id='line_1_121' title="bbox 2006 5663 3583 5734; baseline 0.01 -14"><span class='ocrx_word' id='word_1_985' title='bbox 2006 5663 2260 5720; x_wconf 86' lang='lat' dir='ltr'><strong><em>sidiarum</em></strong></span> <span class='ocrx_word' id='word_1_986' title='bbox 2309 5666 2560 5720; x_wconf 89' lang='lat' dir='ltr'><strong><em>tortuosis</em></strong></span> <span class='ocrx_word' id='word_1_987' title='bbox 2594 5665 2920 5722; x_wconf 90' lang='lat' dir='ltr'><strong><em>anfractibus</em></strong></span> <span class='ocrx_word' id='word_1_988' title='bbox 2962 5672 3255 5730; x_wconf 82' lang='lat' dir='ltr'><strong><em>cavernosi.</em></strong></span> <span class='ocrx_word' id='word_1_989' title='bbox 3311 5673 3451 5732; x_wconf 82' lang='lat' dir='ltr'><strong><em>Sane</em></strong></span> <span class='ocrx_word' id='word_1_990' title='bbox 3495 5675 3583 5734; x_wconf 79' lang='lat' dir='ltr'><strong><em>ille</em></strong></span> 
     </span>
    </p>
   </div>
   <div class='ocr_carea' id='block_1_122' title="bbox 2069 5752 3020 5823">
    <p class='ocr_par' dir='ltr' id='par_1_122' title="bbox 2069 5752 3020 5823">
     <span class='ocr_line' id='line_1_122' title="bbox 2069 5752 3020 5823; baseline 0.009 -19"><span class='ocrx_word' id='word_1_991' title='bbox 2069 5752 2089 5786; x_wconf 73' lang='grc'>⁸</span> <span class='ocrx_word' id='word_1_992' title='bbox 2106 5754 2181 5805; x_wconf 83' lang='lat' dir='ltr'><strong><em>sic</em></strong></span> <span class='ocrx_word' id='word_1_993' title='bbox 2200 5756 2376 5811; x_wconf 69' lang='lat' dir='ltr'><strong><em>Bestius</em></strong></span> <span class='ocrx_word' id='word_1_994' title='bbox 2394 5762 2477 5807; x_wconf 76' lang='lat' dir='ltr'><strong><em>Ms.</em></strong></span> <span class='ocrx_word' id='word_1_995' title='bbox 2503 5762 2560 5810; x_wconf 77' lang='lat' dir='ltr'><strong><em>At</em></strong></span> <span class='ocrx_word' id='word_1_996' title='bbox 2580 5764 2714 5823; x_wconf 72' lang='grc' dir='ltr'>ιον..</span> <span class='ocrx_word' id='word_1_997' title='bbox 2733 5764 3020 5815; x_wconf 59' lang='lat' dir='ltr'><strong><em>monstrate.</em></strong></span> 
     </span>
    </p>
   </div>
  </div>
