3996 6454
471 332 612 395 1087

474 462 630 524 potus
656 450 882 506 habebat
904 457 957 504 et
977 449 1264 520 hyssopum
1296 443 1474 518 (Joan.
1503 459 1597 498 xxx
1620 485 1636 512 ,
1659 441 1730 498 28
1755 483 1772 509 ,
1795 441 1907 512 29),
1930 453 2050 510 quae

474 543 687 599 humilis
716 543 880 598 herba
919 541 1098 596 radice
1146 540 1428 596 fortissima
1453 545 1617 609 petrae
1659 535 1852 591 dicitur
1877 533 2048 589 iulia:-

473 652 611 692 rere.
642 637 806 690 Erant
832 635 1098 705 quippein
1126 635 1214 689 illo
1243 632 1467 704 populo,
1495 631 1686 702 quibus
1720 629 1823 685 hoc
1850 628 2052 684 facinus

473 726 541 781 ad
567 726 944 780 humiliandam
983 725 1288 796 paenitendo
1329 724 1559 778 animam
1604 729 1725 793 post
1755 718 2054 788 abjiciendo

475 817 806 871 servabatur.
841 815 1076 871 Noverat
1119 831 1211 871 eos
1265 815 1413 886 ipse,
1456 814 1554 884 qui.
1599 813 1886 884 hyssopum
1932 824 2053 864 cum

472 892 626 962 aceto
655 908 964 977 accipiebat.
1011 907 1144 963 Nam
1187 916 1243 963 et
1266 923 1360 978 pro
1385 908 1464 963 eis
1490 906 1690 970 oravit,
1739 905 1876 959 sicut
1919 903 2055 959 alius

475 999 796 1070 evangelista
851 1009 1073 1055 testatur
1096 1043 1111 1066 ,
1144 1015 1266 1054 cum
1312 984 1546 1069 pendens
1589 999 1642 1051 in
1673 1011 1830 1051 cruce
1866 994 1998 1049 dixit
2038 1011 2052 1049 :

477 1089 638 1144 Pater
659 1133 674 1158 ,
700 1093 903 1162 ignosce
928 1090 1062 1160 illis,
1093 1092 1213 1162 quia
1248 1092 1476 1145 nesciunt
1513 1089 1635 1160 quid
1658 1088 1850 1161 faciunt
1903 1085 2052 1158 (Luc.

476 1196 638 1248 χχιιι,
665 1182 783 1250 54).

546 1272 774 1328 CAPUT
800 1271 913 1327 Xll.
943 1303 1015 1313 —-
1042 1271 1130 1326 l2.
1166 1271 1278 1327 Vox
1301 1271 1480 1326 ultima
1498 1279 1547 1325 et
1569 1269 1830 1325 inclinatio
1857 1267 2053 1338 capitis.

473 1365 623 1432 Quod
649 1367 756 1430 ait,
807 1365 1095 1437 Perfectum
1144 1374 1249 1432 est,
1281 1374 1326 1419 et
1353 1365 1596 1418 inclinato
1645 1363 1808 1433 capite
1837 1360 2059 1416 reddidit

475 1455 724 1526 Spiritum
750 1455 928 1528 (lam.
956 1473 1045 1510 XIX
1068 1499 1082 1523 ,
1107 1455 1229 1527 30);
1258 1471 1363 1509 non
1392 1454 1760 1509 necessitatem
1778 1493 1793 1517 ,
1828 1451 1920 1506 sed
1961 1465 2060 1520 p0-

475 1557 717 1604 teslatem
747 1563 858 1604 sua:
885 1550 1072 1604 mortis
1098 1549 1363 1612 ostendit,
1404 1547 1573 1601 donec
1599 1545 1773 1600 omnia
1803 1560 1920 1614 qure
1965 1558 2059 1612 pro

474 1641 564 1696 illo
609 1643 923 1712 prophetata
950 1652 1104 1697 erant
1145 1641 1528 1712 perﬁcerentur
1555 1647 1867 1708 exspectans
1893 1654 1906 1691 :
1938 1635 2060 1707 quia

475 1733 655 1787 ethoc
678 1733 936 1802 scriptum
967 1741 1114 1799 erat,
1149 1732 1215 1785 Et
1257 1732 1311 1785 in
1345 1731 1428 1785 siti
1482 1747 1592 1784 mea
1645 1736 1935 1800 potaverunt
1983 1743 2060 1780 me

474 1833 610 1877 aceto
641 1823 811 1894 (Psal.
843 1841 1036 1889 vam,
1060 1824 1152 1894 22)
1186 1841 1198 1876 :
1230 1830 1481 1892 tanquam
1504 1829 1818 1891 potestatem
1857 1819 2060 1873 habens

476 1916 706 1984 ponendi
762 1917 991 1970 animam
1049 1931 1234 1980 suam,
1281 1915 1416 1969 sicut
1459 1923 1513 1969 et
1558 1915 1670 1984 ipse
1715 1922 1932 1966 testatus
1979 1920 2062 1966 est

479 2006 655 2075 (Joan.
682 2023 716 2061 χ
741 2049 754 2072 ,
790 2008 900 2078 18).
931 2008 997 2062 Et
1024 2007 1256 2062 reddidit
1282 2005 1535 2076 Spiritum
1557 2021 1652 2075 per
1671 2005 2020 2060 humilitatem
2041 2045 2057 2071 ,

475 2097 578 2154 hoc
598 2109 679 2154 est
703 2140 718 2165 ,
747 2100 922 2170 capite
945 2100 1231 2166 inclinato;
1263 2107 1574 2168 recepturus
1603 2115 1726 2154 eum
1765 2114 1858 2168 per
1885 2113 2064 2152 resur-

475 2191 767 2246 rectionem
788 2234 802 2258 ,
830 2194 1002 2262 capite
1023 2192 1317 2247 sublevato.
1351 2191 1511 2247 Istam
1534 2201 1757 2246 mortem
1796 2200 1850 2245 et
1874 2191 2060 2260 capitis

478 2283 876 2340 inclinationem
907 2300 1112 2354 magnae
1132 2285 1408 2354 potestatis
1438 2283 1601 2339 fuisse
1620 2325 1636 2350 ,
1659 2283 1824 2338 Jacob
1852 2283 1942 2338 ille
1969 2297 2063 2353 pa-

478 2374 708 2430 triarcha
739 2377 790 2429 in
821 2374 970 2430 Judte
1016 2375 1388 2430 benedictione
1437 2374 1828 2445 przenuntians,
1877 2373 2064 2428 Ascen~

478 2463 597 2520 disti
617 2506 634 2532 ,
665 2465 1176 2534 inquit,.recumbens
1195 2508 1210 2531 ,
1239 2467 1464 2520 dormisti
1485 2465 1613 2520 sicut
1634 2465 1710 2520 leo
1731 2463 1885 2536 (Gen.
1911 2480 2061 2532 mx,

479 2556 535 2628 9)
562 2576 576 2612 :
609 2573 702 2628 per
725 2560 1093 2614 ascensionem
1121 2569 1347 2615 mortem
1369 2599 1384 2624 ,
1409 2574 1507 2629 per
1525 2559 1732 2615 leonem
1762 2557 2064 2629 signiﬁcans

478 2658 817 2720 potestatem.

548 2739 774 2796 CAPUT
799 2740 936 2795 Xlll.
962 2742 1142 2797 -15.
1173 2739 1336 2796 Crura
1378 2741 1687 2806 latronibus,
1717 2757 1818 2794 non
1865 2739 2064 2794 Christo

478 2834 762 2902 confracta.
795 2830 1043 2886 Jamvero
1072 2831 1213 2901 quod
1245 2831 1349 2885 illis
1372 2829 1580 2886 duobus
1605 2845 1760 2885 crura
1796 2829 2063 2886 confracta

481 2932 635 2989 sunt,
660 2923 732 2978 illi
760 2932 936 2978 autem
959 2937 1094 2986 non,
1127 2923 1248 2993 quia
1270 2921 1550 2977 defunctus
1579 2931 1698 2988 est;
1740 2938 1905 2993 quare
1952 2921 2064 2977 fac-

482 3021 592 3068 tum
614 3015 702 3079 sit,
729 3015 898 3083 ipsum
924 3013 1265 3083 Evangelium
1286 3013 1588 3067 declaravit.
1611 3013 1900 3083 Oportebat
1922 3015 2064 3070 enim

482 3113 542 3158 ut
565 3105 667 3158 isto
691 3105 853 3159 etiam
879 3106 1032 3176 signo
1060 3105 1451 3160 demonstraret
1481 3105 1532 3158 in
1561 3105 1674 3174 ejus
1713 3107 2063 3175 praenuntiata

483 3197 760 3268 prophetia
784 3198 804 3228 ¹
844 3197 1273 3252 commendatum
1319 3211 1439 3251 esse
1484 3197 1686 3252 Pascha
1716 3198 2022 3254 Judaaorum
2045 3243 2062 3266 ,

483 3288 572 3343 ubi
611 3287 712 3342 hoc
743 3299 1064 3358 praeceptum
1111 3296 1231 3355 est,
1283 3296 1340 3342 ut
1389 3288 1504 3343 ovis
1543 3302 1665 3343 ossa
1696 3303 1802 3343 non
1851 3290 2064 3362 frange-

484 3389 624 3436 rent.
1699 3425 1704 3430 .

552 3471 776 3528 CAPUT
805 3471 942 3530 XIV.
967 3501 1040 3513 ——
1065 3472 1150 3526 14.
1196 3471 1418 3542 Sanguis
1455 3480 1502 3528 et
1543 3489 1675 3541 aqua
1699 3488 1727 3526 e
1762 3473 1933 3527 lateris
1959 3473 2070 3528 vul-

483 3582 621 3620 nere.
649 3565 800 3632 Quod
823 3565 958 3619 latus
983 3565 1163 3619 lancea
1190 3577 1499 3632 percussum
1529 3562 1582 3617 in
1601 3573 1739 3618 terra
1756 3565 2066 3634 sanguinem

483 3666 537 3713 et
563 3672 755 3727 aquam
803 3655 1072 3719 manavit;
1129 3654 1310 3724 procul
1354 3653 1515 3708 dubio
1564 3662 1895 3709 sacramenta
1944 3663 2069 3710 sunt

483 3749 675 3820 quibus
703 3748 959 3803 formatur
987 3747 1259 3811 Ecclesia;
1292 3755 1540 3816 tanquam
1573 3745 1681 3800 Eva
1725 3747 1861 3802 facta
1886 3747 1954 3803 de
1986 3748 2068 3802 la-

485 3830 595 3896 tere
617 3838 931 3893 dormientis
957 3837 1125 3891 Adam
1144 3878 1158 3901 ,
1187 3837 1278 3907 qui
1299 3846 1414 3892 erat
1438 3836 1606 3890 forma
1633 3836 1814 3891 futuri.

554 3929 779 3988 CAPUT
804 3928 1099 3983 XV.——15.
1122 3928 1313 3996 Joseph
1341 3938 1388 3981 et
1420 3926 1728 3982 Nicodemus
1755 3929 2065 3999 sepelientes.

484 4023 636 4090 Quod
663 4022 860 4092 Joseph
888 4031 938 4077 et
964 4020 1284 4076 Nicodemus
1309 4037 1429 4076 eum
1461 4022 1724 4090 sepeliunt
1751 4020 1930 4091 (Joan.
1955 4037 2064 4089 nx,

485 4115 678 4187 Eii—J2)
704 4131 719 4180 ;
746 4117 881 4169 sicut
911 4114 1150 4168 nonnulli
1176 4113 1386 4167 nomina
1419 4113 1744 4182 interpretati
1770 4122 1934 4180 sunt,
1973 4113 2068 4168 Jo-

487 4206 616 4275 seph
646 4207 1021 4275 interpretatur
1047 4205 1248 4258 Auctus
1273 4221 1286 4269 ;
1316 4203 1639 4258 Nicodenius
1695 4214 1872 4258 autem
1898 4246 1913 4270 ,
1946 4205 2067 4273 quia

486 4313 678 4352 nomen
700 4305 781 4352 est
837 4311 1067 4367 graecum
1087 4338 1102 4362 ,
1133 4296 1372 4366 pluribus
1394 4305 1576 4350 notum
1603 4305 1685 4350 est
1707 4296 1846 4365 quod
1881 4311 1944 4350 ex
1989 4296 2068 4350 vi-

485 4385 651 4445 ctoria
676 4396 731 4442 et
784 4387 976 4456 populo
1002 4388 1071 4440 sit
1097 4389 1483 4456 compositum;
1518 4387 1640 4456 quia
1686 4402 1805 4448 νῐκος
1849 4386 2068 4442 victoria

487 4490 606 4545 est,
637 4483 779 4546 δῆμος
808 4477 1050 4547 populus.
1082 4475 1212 4543 Quis
1237 4484 1320 4533 est
1345 4491 1472 4546 ergo
1513 4476 1788 4531 moriendo
1835 4486 2020 4532 auctus
2049 4517 2065 4543 ,

487 4576 587 4630 nisi
617 4574 707 4645 qui
731 4573 898 4638 dixit,
928 4570 1155 4625 Granum
1184 4571 1335 4624 tritici
1374 4572 1419 4624 si
1449 4586 1550 4623 non
1579 4571 1859 4637 moriatur,
1903 4570 2069 4625 solum

485 4679 738 4733 remanet;
765 4669 808 4722 si
832 4675 997 4720 autem
1025 4665 1294 4727 moriatur,
1325 4664 1688 4733 multiplicatur
1713 4662 1821 4736 (Id.
1844 4679 1948 4730 xu,
1973 4664 2063 4731 2i,

483 4763 575 4835 26)
598 4765 621 4818 ?
647 4764 710 4817 Et
733 4762 852 4832 quis
879 4761 1039 4816 etiam
1074 4757 1346 4812 moriendo
1383 4765 1778 4826 persecutorem
1815 4757 2067 4827 populum

485 4856 650 4922 vicit,
683 4854 784 4908 nisi
811 4853 902 4923 qui
932 4866 1028 4907 eos
1052 4848 1379 4918 resurgendo
1417 4847 1711 4917 judicabit?
1834 4841 1836 4845 ⁷

956 4983 1186 5040 SERMO
1212 4979 1459 5038 ccxrx'
1492 4979 1588 5056 (α).

964 5130 1013 5172 ιιι
1030 5122 1211 5185 vigiliis
1226 5121 1430 5181 Pascha},
1455 5127 1468 5168 I
1487 5118 1578 5184 (b).

569 5232 766 5306 Vigilia:
811 5247 986 5285 same.
1021 5229 1340 5284 Celebrandw
1393 5229 1658 5298 quomodo.
1707 5229 1896 5284 Beatus
1934 5229 2071 5284 Pau-

491 5325 572 5382 lus
620 5325 890 5395 apostolus
944 5321 1234 5378 cxhortans
1287 5335 1383 5374 nos
1412 5320 1476 5373 ad
1518 5319 1863 5376 imitationem
1894 5335 2066 5388 suam,

554 5531 572 5562 ⁸
598 5529 774 5592 Regius
812 5529 964 5577 codex
993 5561 1008 5587 ,
1044 5525 1426 5591 pramantiamla.

553 5613 570 5634 ⁰
595 5613 880 5662 Emendatus
905 5621 979 5662 est
1001 5613 1058 5659 ad
1082 5626 1123 5660 r.
1143 5618 1177 5659 t.
1205 5626 1249 5661 v.
1273 5617 1324 5660 et
1346 5617 1452 5660 ων.

572 5697 627 5761 ίᾳ)
650 5694 1202 5761 alias,de_pivcrsis:i7.
1355 5755 1400 5761 η
1462 5751 1476 5761 Ι
1549 5754 1559 5761 _
1775 5758 1798 5761 _
1920 5750 1930 5760 .
1971 5751 1980 5761 ο

572 5709 606 5746 ,a
652 5697 790 5752 Alias,
813 5697 875 5742 de
900 5697 1110 5743 Diversis
1125 5697 1202 5742 77.
1920 5750 1930 5760 _
1971 5751 1980 5761 ο

555 5697 698 5872 ἔξω
737 5756 928 5806 Possidii
965 5754 1189 5828 Indicum,
1215 5768 1319 5817 cap.
1349 5755 1423 5816 l0,
1462 5751 1680 5820 legitur:
1729 5769 1752 5799 ι
1774 5758 1862 5802 Per
1887 5749 2077 5816 Vigillas

562 5835 575 5842 "
621 5833 682 5872 ia:
706 5827 934 5872 tractatus
958 5825 1125 5872 Viginti
1149 5825 1269 5868 tres.
1290 5832 1313 5864 ι

562 5825 682 5872 scita:
706 5827 934 5872 tractatus
958 5825 1125 5884 viginti
1149 5825 1269 5868 tres.
1290 5832 1313 5864 ι

1704 327 1760 384 S.
1800 315 2162 384 AUGUSTINI
2203 317 2503 382 EPISCOPI

3603 339 3737 399 1088

2157 437 2293 516 inter
2333 441 2434 496 alia
2459 441 2623 496 multa
2661 458 2774 500 sua:
2818 445 3028 504 virtutis
3078 447 3304 520 insignia
3331 491 3348 520 ,
3373 449 3502 507 dicit
3532 454 3689 510 etiam
3715 474 3735 513 ε

2157 527 2224 582 1η
2277 530 2460 601 vigiliis
2505 535 2690 605 saepius
2732 535 2801 604 (ll
2851 535 2970 594 Cor.
3039 555 3097 594 ιι
3120 580 3137 606 ,
3192 540 3307 614 27).
3355 542 3569 612 Quanto
3616 562 3738 619 ergo

2157 621 2384 679 alacrius
2431 624 2484 680 in
2538 625 2638 683 hac
2684 628 2886 700 vigilia,
2916 631 3066 688 velut
3102 643 3275 690 matre
3323 638 3563 694 omnium
3593 655 3740 697 sancp

2160 721 2329 772 tarum
2373 718 2700 789 vigiliarnm,
2755 722 2971 794 vigilare
3003 725 3298 794 debemus,
3347 728 3400 785 in
3444 745 3550 801 qua
3604 741 3739 790 totus

2159 807 2342 877 vigilat
2370 811 2642 866 mundus?
2672 813 2787 868 Non
2814 815 2902 871 ille
2931 818 3159 874 mundus
3180 861 3195 886 ,
3237 820 3306 876 de
3340 837 3445 893 quo
3483 825 3737 897 scriptum

2159 907 2243 953 est
2273 919 2288 953 :
2319 900 2380 956 Si
2403 904 2514 972 quis
2530 905 2761 960 dilexerit
2784 909 3027 964 mundum
3045 952 3061 978 ,
3088 928 3190 966 non
3212 923 3285 968 est
3308 914 3532 971 charitas
3572 916 3742 975 Patris

2159 991 2213 1044 in
2238 993 2327 1047 illo
2360 1010 2378 1048 :
2402 999 2640 1065 quoniam
2663 1002 2834 1055 omnia
2854 1017 2967 1074 qua:
2989 1003 3044 1057 in
3069 1006 3260 1060 mundo
3308 1018 3460 1075 sunt,
3502 1013 3741 1068 concupi-

2161 1086 2350 1138 scentia
2375 1093 2543 1144 carnis
2568 1099 2660 1157 est,
2677 1101 2726 1145 et
2745 1094 3147 1163 concupiscentia
3176 1098 3460 1165 oculorum,
3484 1109 3534 1154 et
3579 1102 3740 1155 ambi-

2162 1174 2230 1227 tio
2255 1178 2467 1243 saeculi,
2492 1196 2604 1249 quis
2624 1197 2725 1236 non
2753 1191 2824 1236 est
2867 1199 2901 1236 a
2930 1182 3084 1239 Patre
3106 1186 3149 1256 (l
3168 1185 3322 1241 Joan.
3349 1204 3384 1243 rt
3404 1229 3418 1253 ,
3456 1190 3525 1245 15
3548 1202 3599 1245 et
3632 1191 3738 1263 16).

2162 1263 2344 1320 Talem
2373 1269 2566 1339 quippe
2591 1271 2846 1327 mundum
2871 1315 2886 1340 ,
2913 1274 2964 1329 id
2987 1288 3071 1330 est
3099 1275 3236 1332 ﬁlios
3268 1277 3599 1336 inﬁdelitatis
3617 1325 3631 1349 ,
3663 1299 3745 1338 re-

2161 1368 2292 1426 gunt
2338 1359 2532 1415 diaboli
2563 1371 2617 1418 et
2641 1366 2812 1435 angeli
2844 1365 2997 1436 ejus:
3028 1377 3216 1433 contra
3259 1387 3395 1440 quos
3446 1375 3743 1440 nobisesse

2163 1449 2593 1508 colluctationem
2617 1455 2760 1510 idem
2783 1457 2912 1511 dicit
2936 1460 3240 1528 apostolus,
3266 1463 3352 1518 ubi
3381 1465 3456 1518 ait
3479 1507 3494 1530 ,
3532 1465 3656 1521 Non
3675 1478 3744 1523 est

2164 1541 2305 1596 nobis
2329 1542 2615 1600 colluctatio
2663 1547 2903 1603 adversus
2945 1567 3146 1606 carnem
3203 1563 3249 1607 et
3299 1557 3597 1627 sanguinem
3619 1598 3633 1623 ,
3660 1560 3745 1614 sed

2163 1629 2400 1686 adversus
2451 1636 2701 1707 principes
2746 1647 2791 1692 et
2821 1647 3116 1708 potestates,
3162 1654 3209 1697 et
3249 1656 3466 1702 rectores
3522 1650 3742 1718 mundi,

2163 1723 2476 1778 tenebrarum
2499 1727 2680 1782 harum
2704 1729 2915 1801 (Ep/ws.
2945 1732 3150 1804 vr,12).
3177 1735 3328 1803 Quod
3358 1749 3409 1794 et
3433 1755 3532 1794 nos
3552 1740 3746 1798 fuimus

2162 1815 2482 1884 aliquando,
2514 1835 2655 1875 nunc
2678 1830 2853 1876 autem
2884 1824 2974 1878 lux
3003 1826 3055 1879 in
3095 1827 3339 1882 Domino.
3386 1829 3532 1886 Luce
3570 1833 3746 1902 itaque

2164 1906 2488 1976 vigiliarum,
2538 1910 2851 1966 resistamus
2895 1916 3191 1970 rectoribus
3240 1919 3600 1977 tenebrarum.
3632 1922 3744 1978 Non

2164 2010 2291 2065 ergo
2321 1998 2408 2052 ille
2435 2001 2662 2056 ninndus
2687 2002 2738 2055 in
2767 2002 2866 2058 hac
2902 2005 3238 2062 solemnitate
3264 2008 3442 2078 vigilat
3470 2028 3483 2064 :
3511 2011 3606 2066 sed
3664 2013 3748 2070 ille

2166 2087 2233 2143 de
2261 2104 2366 2158 quo
2391 2091 2585 2146 dicitur
2603 2133 2618 2158 ,
2648 2093 2784 2148 Deus
2810 2107 2916 2150 erat
2937 2096 2990 2150 in
3011 2096 3208 2154 Christo
3239 2102 3487 2155 mundum
3521 2106 3748 2158 reconci-

2167 2178 2297 2256 lians
2326 2181 2420 2234 sibi
2441 2223 2454 2246 ,
2483 2199 2582 2236 non
2604 2195 2842 2253 reputans
2862 2187 2968 2241 illis
3007 2187 3192 2242 delicta
3215 2206 3389 2244 eorum
3415 2191 3484 2263 (ll
3537 2194 3659 2248 Cor.
3681 2211 3746 2264 v,

2168 2269 2278 2340 19).
2309 2271 2619 2344 Quanquam
2651 2284 2756 2329 tam
2781 2276 2924 2332 clara
2953 2278 3023 2333 sit
3047 2279 3238 2350 vigilia;
3287 2280 3444 2352 hujus
3469 2284 3748 2342 celebritas

2167 2372 2278 2419 toto
2302 2367 2431 2420 orbe
2451 2374 2712 2422 terrarum
2733 2410 2750 2435 ,
2781 2379 2838 2424 ut
2860 2371 3021 2425 etiam
3039 2372 3160 2427 illos
3180 2374 3398 2445 vigilare
3422 2391 3582 2432 carne
3601 2393 3749 2434 com-

2167 2457 2370 2526 pellat,
2401 2460 2490 2529 qni
2515 2461 2709 2525 corde,
2743 2475 2847 2515 non
2875 2461 3045 2518 dicam
3073 2505 3088 2528 ,
3119 2464 3426 2535 dormiunt,
3465 2468 3561 2524 sed
3590 2477 3753 2525 tarta-

2168 2565 2257 2604 rea
2284 2551 2553 2621 impietate
2594 2553 2788 2622 sepulti
2839 2563 2981 2608 sunt.
3015 2555 3243 2626 Vigilant
3267 2558 3427 2614 etiam
3454 2561 3553 2630 ipsi
3592 2570 3752 2618 nocte

2169 2641 2303 2710 ista,
2332 2643 2397 2698 de
2424 2659 2526 2714 qua
2573 2645 2734 2700 etiam
2763 2645 3040 2702 visibiliter
3086 2648 3364 2716 redditur,
3415 2653 3559 2721 quod
3601 2662 3753 2710 tanto
3807 2637 3810 2639 Δ

2169 2744 2292 2790 ante
2319 2738 2638 2806 promissum
2661 2747 2743 2793 est
2769 2756 2785 2791 :
2817 2738 2885 2792 Et
2909 2755 3011 2794 nox
3047 2749 3286 2812 tanquam
3309 2743 3414 2798 dies
3448 2745 3756 2801 illuminabi-

2172 2837 2254 2882 tur
2281 2827 2452 2901 (Psal.
2481 2845 2754 2895 cxxxvm,
2788 2831 2901 2902 l2).
2935 2830 3020 2886 Fit
3043 2831 3146 2887 hoc
3176 2833 3226 2888 in
3252 2835 3498 2891 cordibus
3517 2837 3752 2906 piorum,

2170 2918 2362 2988 quibus
2387 2918 2587 2974 dictum
2614 2929 2696 2975 est
2726 2936 2742 2976 :
2783 2919 2981 2975 Fuistis
3029 2923 3305 2992 aliquando
3334 2925 3588 2989 τελώνας.
3619 2943 3754 2982 nunc

2171 3020 2337 3064 autent
2367 3009 2458 3065 lux
2478 3011 2531 3065 in
2550 3009 2771 3066 Domino
2792 3011 3006 3084 (Ephes.
3040 3029 3070 3067 ν
3091 3056 3107 3080 ,
3130 3015 3208 3086 8).
3237 3015 3322 3070 Fit
3354 3014 3457 3072 hoc
3487 3017 3657 3074 etiam
3701 3019 3755 3075 in

2170 3102 2378 3156 aemulis
2401 3102 2639 3157 omnium
2673 3104 2725 3169 ί,
2757 3111 2810 3158 et
2838 3104 2928 3174 qui
2949 3105 3130 3159 vident
3177 3106 3230 3160 in
3271 3107 3532 3172 Domino,
3569 3119 3628 3164 et
3668 3110 3756 3181 qui

2172 3192 2410 3249 invident
2436 3193 2680 3248 Domino.
2712 3193 2906 3263 Vigilat
2933 3209 3061 3266 ergo
3088 3197 3190 3252 ista
3236 3207 3394 3254 nocte
3436 3209 3489 3254 et
3523 3201 3756 3256 mundus

2172 3283 2453 3352 inimicus,
2497 3294 2552 3339 et
2593 3284 2822 3338 mundus
2865 3286 3254 3342 reconciliatus.
3301 3287 3488 3360 Vigilat
3516 3290 3653 3359 iste,
3701 3299 3757 3347 ut

2070 3399 2075 3404 ~
2172 3374 2352 3430 laudet
2373 3376 2638 3431 medicum
2657 3376 2911 3432 liberatus
2941 3395 2954 3430 :
2989 3378 3169 3448 vigilat
3195 3379 3316 3448 ille,
3344 3389 3402 3434 ut
3423 3381 3758 3452 blasphemet

2167 3467 2402 3536 judicem
2452 3467 2857 3524 condemnatus.
2913 3469 3100 3540 Vigilat
3144 3471 3286 3538 iste,
3346 3472 3620 3529 mentibus
3661 3475 3757 3546 piis

2175 3557 2388 3614 fervens
2413 3571 2469 3616 et
2494 3561 2770 3617 lucescens
2799 3580 2814 3615 :
2847 3560 3027 3632 vigilat
3045 3563 3136 3618 ille
3153 3604 3167 3629 ,
3190 3563 3438 3620 dentibus
3471 3567 3587 3621 suis
3614 3566 3758 3623 fren-

2172 3649 2305 3706 dens
2331 3661 2386 3708 et
2412 3653 2708 3709 tabescens.
2736 3654 2974 3725 Denique
3002 3655 3161 3711 istum
3184 3655 3417 3714 cbaritas
3433 3699 3449 3725 ,
3473 3659 3628 3715 illum
3657 3662 3758 3716 ini-

2175 3747 2350 3813 quitas
2379 3761 2394 3796 :
2435 3745 2596 3800 istum
2626 3745 2947 3801 christianus
2972 3747 3124 3817 vigor
3148 3787 3163 3812 ,
3194 3735 3345 3804 illum.
3365 3748 3668 3808 diabolicus
3697 3753 3760 3808 li-

2175 3851 2273 3889 vor
2300 3851 2634 3906 nequaquam
2663 3836 2899 3892 dormire
2928 3837 2980 3892 in
3011 3837 3112 3894 hac
3133 3839 3442 3898 celebritate
3475 3844 3760 3912 permittit.

2177 3925 2330 3982 Unde
2377 3929 2444 3982 ab
2502 3928 2630 3997 ipsis
2675 3929 2833 3982 etiam
2881 3929 3077 3983 nostris
3127 3931 3354 3987 inimicis
3397 3933 3761 3990 nescientibus

2180 4017 2531 4073 admonemur
2567 4019 3014 4088 quemadmodum
3067 4021 3354 4078 debeamus
3400 4025 3624 4095 vigilare
3666 4040 3760 4097 pro

2175 4109 2330 4163 nobis
2352 4151 2367 4174 ,
2400 4110 2443 4163 si
2474 4118 2688 4180 propter
2715 4125 2813 4164 nos
2835 4111 3224 4181 vigilantetiam
3247 4114 3342 4184 qui
3379 4113 3626 4171 invident
3666 4130 3763 4171 no-

2176 4199 2278 4253 bis.
2306 4198 2502 4253 Eorum
2533 4201 2728 4270 quippe
2755 4200 2846 4270 qui
2873 4202 3018 4256 nullo
3068 4202 3226 4258 modo
3250 4203 3446 4259 Christi
3483 4217 3616 4261 sunt
3664 4222 3763 4263 no-

2177 4291 2318 4346 mine
2368 4293 2701 4362 consignati,
2759 4301 2935 4349 tamen
2992 4294 3091 4349 ista
3135 4303 3293 4351 nocte
3337 4297 3486 4352 multi
3527 4299 3758 4367 dolore,

2175 4384 2328 4438 multi
2360 4384 2600 4453 pudore;
2639 4385 2878 4439 nonnulli
2901 4386 3060 4440 etiam
3085 4387 3178 4456 qui
3205 4386 3326 4442 ﬁdei
3361 4390 3759 4460 propinquant,

2175 4476 2271 4531 Dei
2291 4477 2400 4546 jam
2426 4477 2614 4532 timore
2639 4493 2744 4532 non
2767 4477 3058 4534 dormiunt.
3091 4480 3324 4536 Diversis
3347 4484 3520 4538 causis
3557 4485 3764 4542 excitat

2173 4583 2265 4625 eos
2295 4570 2390 4624 ista
2414 4571 2746 4626 soleninitas.
2794 4571 3071 4640 Quomodo
3116 4588 3243 4644 ergo
3279 4574 3440 4631 debet
3476 4563 3763 4647 gaudendo

2175 4661 2402 4733 vigilare
2420 4663 2615 4719 Christi
2646 4665 2886 4731 amicus,
2929 4664 3142 4735 quando
3188 4675 3242 4722 et
3292 4667 3523 4725 dolendo
3580 4672 3766 4743 vigilat

2175 4755 2458 4810 inimicus?
2481 4756 2760 4824 Quomodo
2785 4758 2841 4812 in
2863 4765 3006 4812 tanta
3031 4756 3228 4814 Christi
3254 4759 3421 4829 gloria
3462 4762 3766 4819 inardescat

2176 4848 2393 4918 vigilare
2420 4847 2739 4903 christianus
2758 4890 2774 4915 ,
2801 4849 3014 4919 quando
3037 4849 3304 4904 erubescit
3335 4851 3573 4908 dormire
3597 4869 3764 4925 paga-

2175 4939 2317 4998 nus?
2345 4940 2622 5009 Quomodo
2647 4939 2801 4996 decet
2825 4956 2948 4997 eum
2971 4981 2986 5006 ,
3009 4941 3098 5010 qui
3121 4940 3257 4997 hanc
3275 4941 3490 4997 domum
3511 4960 3762 5015 magnam

2175 5034 2425 5101 intravit,
2466 5035 2518 5088 in
2568 5044 2709 5088 tanta
2756 5035 2872 5104 ejus
2926 5034 3212 5090 festivitate
3252 5037 3508 5107 vigilare,
3540 5038 3764 5109 quando

2175 5129 2283 5197 jam
2314 5127 2493 5198 vigilat
2520 5128 2610 5198 qui
2638 5128 2872 5198 disponit
2899 5128 3140 5184 intrare?
3171 5127 3460 5200 Vigilemus
3495 5146 3630 5202 ergo
3652 5173 3671 5198 ,
3708 5138 3766 5188 et

2179 5235 2428 5286 oremus;
2459 5227 2515 5273 ut
2537 5227 2591 5273 et
2613 5218 2906 5274 forinsecus
2927 5226 2986 5274 et
3017 5219 3334 5275 intrinsecus
3367 5221 3502 5276 hanc
3524 5222 3767 5292 vigiliam

2179 5311 2530 5367 celebremus.
2549 5310 2688 5366 Deus
2716 5311 2870 5365 nobis
2896 5311 3139 5381 loquatur
3161 5311 3214 5366 in
3237 5310 3548 5368 lectionibus
3601 5315 3721 5369 suis
3746 5329 3763 5379 ;

2181 5404 2290 5457 Deo
2339 5403 2618 5472 loquamur
2661 5402 2712 5455 in
2745 5402 2988 5470 precibus
3027 5403 3241 5457 nostris.
3297 5402 3351 5458 Si
3398 5404 3610 5474 eloquia
3650 5404 3770 5475 ejus

2177 5495 2492 5551 obedienter
2540 5495 2818 5551 audiamus
2846 5537 2862 5562 ,
2911 5495 2964 5550 in
3017 5496 3170 5552 nobis
3219 5496 3423 5551 habitat
3462 5513 3622 5567 quem
3670 5512 3767 5553 ro-

2177 5603 2380 5658 gamus.

2246 5813 2263 5844 ι
2289 5806 2692 5860 Theodericensis
2713 5815 2815 5874 Ms.,
2831 5820 2998 5860 ovium.
