4070 6330
775 436 1005 495 SERMO
1041 402 1223 495 ecxx
1261 440 1282 463 ο
1311 435 1412 510 (α).

803 557 855 602 ιιι
876 552 1058 615 Vigiliis
1075 552 1267 603 paschae
1281 587 1296 613 ,
1318 567 1369 602 ιι.

443 654 568 721 Quis
595 664 822 711 mortuus
847 674 939 728 pro
967 656 1128 712 nobis.
1166 656 1472 725 Solemnitas
1502 653 1739 711 Pascha.

365 770 597 836 Scimus,
627 769 821 827 fratres
840 814 856 839 ,
887 780 942 827 et
970 771 1071 828 ﬁde
1102 771 1405 826 ﬁrmissima
1433 771 1725 826 retinemus
1746 812 1761 839 ,
1791 784 1883 826 se-

296 862 401 918 mel
431 861 702 917 Christum
742 871 1010 919 mortuum
1048 877 1171 919 esse
1197 877 1294 933 pro
1342 862 1533 929 nobis;
1566 878 1661 933 pro
1690 877 1880 933 pecca-

294 955 501 1011 toribus
522 954 746 1026 justum,
774 970 871 1025 pro
896 956 1064 1011 servis
1095 955 1376 1011 Dominum
1399 997 1413 1020 ,
1446 952 1794 1026 pro‘captivis
1820 954 1884 1008 li-

296 1048 505 1115 berum,
538 1063 636 1119 pro
666 1048 881 1119 aegrotis
920 1050 1184 1104 medicum
1205 1091 1220 1117 ,
1251 1063 1348 1120 pro
1373 1048 1583 1103 miseris
1620 1048 1835 1102 beatum
1862 1088 1876 1113 ,

292 1156 389 1212 pro
417 1141 602 1212 egenis
626 1141 933 1211 opulentum
953 1182 970 1209 ,
998 1156 1095 1211 pro
1124 1141 1347 1212 perditis
1374 1141 1712 1212 quaesitorem
1733 1180 1748 1206 ,
1781 1153 1879 1209 pro

291 1232 521 1288 venditis
547 1233 942 1303 redemptorem
962 1276 978 1301 ,
1008 1250 1108 1306 pro
1133 1250 1292 1305 grege
1317 1244 1586 1306 pastorem
1608 1275 1624 1299 ,
1656 1243 1710 1289 et
1734 1235 1877 1305 quod

289 1333 372 1381 est
420 1325 668 1381 omnibus
713 1325 1007 1381 mirabilius
1033 1368 1046 1392 ,
1096 1342 1194 1396 pro
1237 1336 1485 1382 creatura
1528 1334 1871 1382 creatorem:

287 1423 591 1469 servantem
618 1423 794 1471 tamen
839 1415 982 1487 quod
1012 1431 1224 1487 semper
1251 1424 1334 1472 est
1359 1458 1373 1484 ,
1410 1416 1706 1472 tradentem
1733 1417 1877 1488 quod

284 1504 455 1561 factus
484 1513 607 1573 est;
646 1506 813 1562 Deum
854 1506 1105 1562 latentem
1128 1549 1143 1573 ,
1198 1507 1466 1563 hominem
1498 1519 1870 1578 apparentem;

284 1599 479 1653 virtute
500 1597 876 1666 viviﬁcantem,
906 1598 1212 1654 inﬁrmitate
1234 1599 1571 1666 morientem,
1598 1600 1873 1656 divinitate

282 1690 668 1747 immutabilem
694 1733 711 1759 ,
755 1707 916 1748 carne
942 1693 1251 1763 passibilem
1282 1710 1294 1747 :
1327 1702 1388 1747 ut
1424 1692 1499 1747 ait
1541 1694 1829 1763 Apostolus
1852 1736 1869 1759 ,

284 1783 387 1850 Qui
428 1785 643 1839 traditus
686 1793 759 1839 est
792 1794 997 1854 propter
1040 1785 1224 1839 delicta
1252 1795 1458 1852 nostra,
1510 1795 1556 1839 et
1598 1787 1871 1841 resurrexit

280 1887 492 1949 propter
506 1877 923 1947 justiﬁcationem
945 1888 1168 1932 nostram
1194 1877 1367 1944 (Rom.
1392 1895 1466 1946 iv,
1497 1877 1611 1951 25).
1645 1879 1756 1934 Hoc
1787 1895 1873 1934 se-

278 1968 389 2023 mel
417 1968 614 2022 factum
642 1982 781 2033 esse,
806 1968 1005 2037 optime
1036 1969 1222 2023 nostis.
1259 1969 1323 2022 Et
1351 1978 1529 2023 tamen
1561 1968 1870 2023 solemnitas

280 2068 531 2130 tanquam
553 2059 747 2129 saepius
771 2059 880 2127 ﬁat,
904 2059 1158 2115 revolutis
1178 2058 1508 2129 temporibus
1528 2058 1704 2125 iterat,
1727 2059 1869 2129 quod

277 2154 478 2210 veritas
498 2154 663 2208 semel
684 2152 880 2209 factum
902 2161 980 2208 tot
1000 2152 1392 2222 Scripturarum
1416 2152 1634 2208 vocibus
1650 2152 1865 2208 clamat.

275 2247 390 2304 Nec
416 2256 593 2302 tamen
627 2247 890 2302 contraria
935 2256 1058 2302 sunt
1101 2247 1298 2300 veritas
1333 2256 1388 2301 et
1431 2247 1741 2302 solemnitas
1768 2288 1783 2312 ,
1812 2257 1871 2303 ut

276 2339 382 2395 ista
412 2339 735 2404 mentiatur,
784 2337 874 2392 illa
918 2353 1105 2393 verum
1137 2336 1299 2391 dicat.
1327 2336 1477 2406 Quod
1518 2338 1659 2392 enim
1701 2338 1868 2393 semel

274 2429 475 2484 factum
504 2430 557 2484 in
584 2428 742 2483 rebus
767 2428 962 2483 veritas
994 2427 1210 2493 indicat,
1238 2427 1341 2483 hoc
1364 2429 1556 2499 sapius
1586 2430 1867 2485 celebran-

274 2522 409 2577 dum
438 2522 488 2575 in
516 2520 767 2576 cordibus
788 2520 889 2590 piis
910 2520 1219 2576 solemnitas
1244 2530 1486 2576 renovat.
1521 2522 1726 2577 Veritas
1750 2539 1868 2593 quae

272 2612 417 2668 facta
446 2622 587 2677 sunt,
617 2612 754 2666 sicut
780 2611 919 2667 facta
951 2622 1074 2666 sunt
1096 2613 1269 2682 aperit
1298 2630 1314 2664 :
1353 2614 1661 2669 solemnitas
1689 2626 1867 2671 autem

273 2720 391 2760 non
421 2719 483 2759 ea
511 2703 777 2770 faciendo,
807 2705 901 2758 sed
931 2704 1271 2769 celebrando,
1300 2719 1399 2758 nec
1428 2708 1696 2775 prteterita
1724 2723 1865 2778 prae-

275 2795 445 2850 terire
472 2794 744 2865 permittit.
794 2794 1029 2863 Denique
1073 2793 1274 2848 Pascha
1313 2805 1541 2849 nostrum
1579 2797 1869 2854 immolatus

272 2896 351 2942 est
381 2886 610 2942 Christus
637 2885 681 2959 (ι
708 2884 826 2940 Cor.
858 2902 921 2951 v,
959 2886 1037 2956 7).
1080 2885 1172 2943 llle
1201 2888 1385 2957 utique
1423 2890 1591 2945 semel
1618 2892 1826 2946 occisus
1849 2933 1863 2957 ,

271 2979 371 3051 qui
394 2980 506 3050 jam
533 2994 639 3033 non
668 2978 910 3044 moritur,
943 2993 1090 3033 mors
1118 2980 1167 3035 ei
1214 2980 1349 3034 ultra
1378 2995 1485 3035 non
1506 2981 1868 3038 dominabitur

271 3071 455 3147 (Rom.
478 3086 551 3137 vn,
580 3068 657 3141 9).
688 3070 917 3125 Proinde
948 3070 1241 3125 secundum
1270 3086 1454 3127 vocem
1480 3073 1740 3141 veritatis,
1773 3090 1864 3129 se-

271 3164 385 3221 mel
406 3162 608 3219 Pascha
629 3162 854 3219 dicimus
875 3162 1093 3226 factum,
1122 3172 1177 3218 et
1204 3164 1423 3219 ulterius
1448 3180 1554 3219 non
1578 3164 1821 3220 futurum
1848 3184 1863 3222 :

271 3255 569 3312 secundum
597 3264 775 3310 autem
804 3270 990 3309 vocem
1023 3254 1380 3310 solemnitatis
1400 3298 1414 3323 ,
1441 3257 1585 3311 omni
1614 3272 1755 3311 anno
1780 3257 1865 3312 di-

269 3350 450 3406 cimus
478 3350 681 3405 Pascha
710 3360 1013 3405 venturum.
1044 3350 1133 3404 Sic
1152 3351 1372 3422 intelligi
1394 3352 1625 3407 arbitror
1644 3354 1784 3423 quod
1812 3354 1865 3409 in

268 3440 492 3496 Psalmo
532 3439 787 3508 scriptum
837 3448 920 3493 cst
948 3458 960 3492 :
991 3439 1242 3510 Cogitatio
1291 3440 1507 3495 hominis
1549 3443 1869 3511 conﬁtebitur

268 3534 389 3599 tibi,
418 3544 465 3587 et
491 3532 716 3601 reliquie:
740 3531 1056 3602 cogitationis
1083 3532 1215 3586 diem
1245 3532 1519 3587 solemnem
1543 3534 1867 3589 celebrabant

266 3625 367 3679 tibi
394 3622 566 3695 (Psal.
592 3639 755 3688 Lxxv,
785 3622 897 3692 Η).
924 3622 1034 3677 Nisi
1055 3624 1197 3677 enim
1219 3623 1359 3692 quod
1385 3625 1452 3679 de
1472 3626 1631 3679 rebus
1659 3634 1867 3697 tempo-

266 3714 463 3771 raliter
494 3713 658 3783 gestis
699 3712 894 3768 dicitur
931 3713 1182 3783 cogitatio
1210 3716 1483 3769 memoriae
1517 3719 1865 3773 commenda-

266 3816 381 3873 ret,
404 3804 578 3860 nullas
598 3813 719 3874 post
745 3814 953 3874 tempus
981 3804 1230 3876 reliquias
1256 3806 1540 3863 inveniret.
1573 3807 1698 3864 ldeo
1722 3811 1867 3882 cogi-

270 3897 409 3952 tatio
436 3895 667 3950 hominis
695 3895 908 3951 intuens
945 3896 1223 3952 veritatem
1272 3898 1496 3953 Domino
1534 3900 1863 3957 conﬁtetur:

270 3987 520 4058 reliquiae
543 4001 671 4041 vero
694 3987 1031 4058 cogitationis
1057 4004 1176 4058 quae
1203 3998 1328 4043 sunt
1353 3990 1406 4044 in
1438 3992 1695 4047 memoria
1715 4035 1730 4058 ,
1762 4010 1864 4050 no-

269 4082 345 4136 tis
377 4080 702 4149 temporibus
748 4094 857 4133 uon
899 4089 1111 4135 cessant
1154 4081 1427 4137 celebrare
1453 4082 1710 4138 solemnia
1737 4127 1753 4152 ,
1798 4101 1866 4141 ne

272 4174 482 4244 ingrata
503 4174 754 4245 cogitatio
772 4174 1057 4245 judicetur.
1082 4175 1164 4230 Ad
1190 4175 1293 4231 hoe
1318 4177 1548 4247 pertinet
1568 4180 1741 4235 noctis
1766 4180 1866 4235 liu-

266 4264 363 4335 jus
389 4275 495 4319 tam
528 4265 779 4334 praeclara
810 4266 1119 4321 solemnitas
1143 4307 1160 4335 ,
1193 4267 1281 4321 ubi
1310 4268 1579 4338 vigilando
1614 4280 1861 4342 tanquam

271 4358 727 4413 resnrrectionem
755 4359 965 4413 Domini
989 4375 1087 4429 per
1115 4362 1451 4430 cogitationis
1472 4364 1723 4433 reliquias
1745 4382 1864 4437 ope-

272 4462 477 4515 remur,
521 4464 680 4519 quam
708 4451 875 4505 semel
903 4449 1094 4506 factam
1119 4453 1404 4523 cogitando
1442 4455 1619 4510 verius
1644 4457 1864 4514 conﬁte-

271 4554 421 4595 mur.
450 4539 597 4608 Quos
620 4555 748 4611 ergo
776 4541 902 4596 fecit
929 4542 1116 4598 doctos
1146 4543 1435 4614 prmdicata
1464 4548 1662 4602 veritas
1682 4589 1697 4613 ,
1725 4549 1863 4605 absit

270 4638 335 4686 ut
374 4630 533 4687 iaciat
558 4632 883 4703 irreligiosos
925 4632 1134 4688 deserta
1176 4635 1503 4692 solemnitas.
1541 4637 1665 4693 Haec
1706 4639 1859 4693 istam

270 4733 486 4779 noctem
514 4740 613 4796 per
651 4734 820 4780 totum
849 4727 1105 4781 mundum
1146 4726 1273 4783 fecit
1302 4729 1583 4785 illustrem.
1617 4732 1742 4787 ﬂare
1768 4732 1862 4788 de-

272 4824 538 4874 monstrat
589 4817 1013 4872 Christianorum
1063 4819 1274 4889 agmina
1335 4822 1690 4891 populorum,
1748 4825 1861 4880 haec

269 4907 554 4964 confundit
583 4910 833 4965 tenebras
861 4910 1189 4977 Judaeorum,
1230 4911 1345 4969 hrec
1373 4915 1566 4970 evertit
1591 4915 1728 4971 idola
1760 4916 1861 4971 Pa-

270 5016 552 5072 ganorum.

738 5093 970 5151 δεκΜο
993 5094 1204 5151 οοΧΧι
1233 5097 1393 5170 “(1’).

704 5213 756 5255 In
787 5206 971 5270 vigiliis
1002 5208 1217 5269 Pascha,
1250 5224 1296 5258 ut
1336 5208 1425 5273 (ο).

273 5288 422 5356 Quod
444 5290 499 5344 in
528 5289 710 5345 Genesi
741 5292 846 5347 dies
873 5310 907 5345 a
935 5292 1074 5356 luce,
1103 5310 1235 5346 nunc
1258 5311 1289 5346 a
1318 5304 1463 5350 nocte
1486 5307 1854 5367 computentur.

344 5380 643 5438 Dicendum
668 5391 753 5439 est
779 5398 878 5439 cur
905 5393 1045 5439 tanta
1069 5384 1384 5441 celebritate
1410 5386 1664 5445 hodierna
1690 5392 1857 5462 potis-

336 5556 356 5579 ⁶
381 5557 591 5609 Collatus
615 5567 694 5609 est
714 5560 774 5609 ad
790 5567 851 5610 ct.
872 5575 914 5610 r.
935 5568 972 5611 t.
994 5575 1042 5609 v.
1061 5569 1171 5611 ων.

334 5619 378 5638 "
402 5618 609 5670 Collatus
634 5630 711 5672 est
734 5623 792 5671 ad
811 5624 932 5673 duos
960 5636 1007 5672 e.
1028 5624 1087 5672 ad
1110 5636 1153 5673 r.
1185 5630 1221 5673 t.
1255 5638 1303 5674 v.
1337 5633 1391 5676 et
1413 5633 1521 5677 Lov.

356 5682 407 5740 a)
431 5682 574 5740 Alias,
596 5682 661 5730 de
686 5687 895 5734 Diversis
915 5685 993 5734 78.

360 5741 409 5804 b)
434 5742 575 5804 Alias,
590 5746 655 5793 de
677 5747 889 5797 Diversis
908 5748 987 5796 79.

358 5810 407 5871 c)
428 5812 575 5857 Totus
597 5816 755 5863 exstat
773 5810 902 5861 inter
924 5810 1119 5873 Eugypii
1143 5820 1391 5875 excerpta.

1679 323 1910 383 SERMO
1949 324 2154 384 CCXX.

3433 343 3576 403 1090

1997 440 2187 495 simum
2220 450 2376 500 nocte
2411 443 2708 515 vigilemus.
2739 445 2890 515 Quod
2928 448 3015 506 die
3042 450 3200 507 tertio
3222 457 3578 514 resurrexerit

1989 546 2021 587 a
2048 535 2274 589 mortuis
2299 536 2555 592 Dominus
2581 538 2843 608 Christus,
2877 542 3052 597 nullus
3077 544 3297 615 ambigit
3321 546 3574 602 christia-

1989 642 2113 682 nus.
2164 628 2276 683 Hac
2321 639 2499 685 autem
2554 645 2710 690 noete
2752 634 2856 690 hoc
2899 635 3096 692 factum
3143 654 3283 705 esse,
3331 651 3572 698 sanctum

1989 716 2334 788 Evangelium
2361 731 2707 779 contestatur.
2738 726 2925 782 Totum
2964 729 3106 783 enim
3147 729 3287 785 diem
3313 747 3343 786 a
3368 748 3572 803 praece-

1986 809 2146 866 dente
2176 822 2333 868 nocte
2355 817 2649 885 computari
2694 834 2797 872 non
2838 819 3055 875 dubium
3086 831 3169 876 est
3201 840 3214 877 :
3244 838 3350 878 non
3379 840 3571 881 secun-

1986 902 2113 957 dum
2143 903 2350 958 dierum
2381 905 2621 962 ordinem
2652 909 2739 978 qui
2764 922 3209 968 commemoratur
3234 914 3289 968 iu
3319 913 3522 970 Genesi
3553 934 3567 970 :

1984 1011 2285 1066 quanquam
2309 1006 2363 1052 et
2402 998 2508 1053 illic
2543 1000 2776 1056 tenebrae
2801 1013 3209 1071 praecesserunt.
3249 1005 3380 1059 Nam
3423 1016 3572 1063 tene-

1981 1088 2094 1144 bras
2119 1098 2273 1145 erant
2301 1106 2464 1161 super
2487 1092 2760 1163 abyssum,
2788 1110 2907 1149 cum
2937 1096 3069 1150 dixit
3095 1098 3256 1164 Deus,
3285 1097 3406 1152 Fiat
3434 1101 3563 1166 lux;

1972 1190 2029 1234 'et
2054 1184 2192 1253 facta
2217 1192 2289 1237 est
2320 1182 2426 1237 lux.
2456 1182 2559 1239 Sed
2598 1185 2720 1255 quia
2748 1184 2853 1239 illre
2880 1188 3113 1242 tenebras
3140 1189 3377 1265 nondum
3414 1200 3565 1246 erant

1982 1286 2111 1337 nox,
2141 1273 2379 1328 nondum
2406 1274 2547 1329 enim
2587 1285 2936 1344 praecesserat
2974 1278 3088 1333 dies
3120 1297 3132 1332 :
3165 1280 3347 1334 divisit
3374 1284 3568 1352 quippe

1981 1363 2123 1418 Deus
2151 1364 2288 1419 inter
2318 1365 2490 1420 lucem
2517 1374 2572 1421 et
2598 1367 2869 1435 tenebras,
2897 1380 2953 1423 et
2977 1370 3125 1438 prius
3153 1371 3320 1426 lucem
3358 1374 3568 1429 vocavit

1978 1453 2119 1510 diem
2143 1496 2159 1523 ,
2197 1455 2389 1512 deinde
2430 1458 2677 1513 tenebras
2706 1467 2948 1524 noctem;
2991 1469 3046 1514 et
3082 1460 3215 1516 facta
3244 1462 3360 1517 luce
3401 1479 3567 1534 usque

1978 1546 2045 1603 ad
2070 1548 2296 1604 alterum
2325 1565 2484 1605 mane
2514 1562 2963 1607 commemoratus
2995 1562 3077 1608 est
3104 1553 3220 1608 dies
3248 1572 3383 1610 unus
3411 1556 3561 1629 (Gen.

1977 1653 2015 1706 ι,
2048 1638 2172 1710 5-5)
2210 1657 2222 1693 :
2256 1640 2593 1695 manifestum
2623 1651 2706 1697 est
2731 1642 2851 1696 illos
2874 1642 2993 1697 dies
3021 1660 3049 1697 a
3077 1643 3197 1699 luce
3222 1645 3472 1714 cmpisse,
3511 1657 3566 1701 et

1976 1739 2241 1787 transacta
2292 1734 2408 1788 luce
2457 1749 2625 1804 usque
2665 1734 2732 1790 ad
2765 1751 2923 1790 mane
2950 1736 3185 1807 singulos
3230 1739 3562 1798 terminatos.

1974 1821 2079 1879 Sed
2108 1832 2458 1895 posteaquam
2485 1835 2696 1883 creatus
2726 1828 2888 1883 homo
2913 1843 2942 1881 a
2969 1830 3087 1884 lucc
3110 1829 3329 1899 justitiae
3355 1831 3419 1885 ad
3448 1846 3565 1900 pec-

1974 1915 2078 1969 cati
2103 1916 2356 1972 tenebras
2378 1917 2684 1984 declinavit,
2713 1934 2743 1973 a
2770 1922 2966 1989 quibus
3000 1934 3123 1976 eum
3168 1920 3366 1977 Christi
3392 1924 3560 1993 gratia

1974 2004 2183 2072 liberat,
2208 2008 2404 2062 factum
2432 2018 2514 2064 est
2542 2018 2599 2063 ut
2622 2025 2764 2065 nunc
2799 2010 2915 2065 dies
2949 2026 2978 2064 a
3007 2013 3251 2068 noctibus
3277 2024 3557 2084 compute-

1973 2113 2094 2153 mus
2124 2115 2137 2151 :
2166 2100 2289 2169 quia
2316 2116 2422 2155 non
2451 2117 2481 2155 a
2510 2102 2629 2158 luce
2652 2102 2719 2159 ad
2747 2104 3015 2173 tenebras,
3046 2105 3143 2161 sed
3173 2122 3203 2161 a
3230 2107 3466 2163 tenebris
3492 2108 3558 2163 ad

1973 2189 2147 2246 lucem
2169 2192 2351 2248 venire
2370 2204 2724 2261 conamur,et
2745 2196 2971 2251 Domino
2991 2198 3272 2267 adjuvaule
3298 2200 3410 2254 ﬁeri
3441 2217 3562 2270 spe-

1972 2297 2174 2337 ramus.
2204 2282 2352 2338 Sicut
2376 2295 2431 2340 et
2459 2286 2746 2355 Apostolus
2773 2286 2904 2342 dicit
2937 2305 2950 2341 :
2982 2288 3107 2343 Nox
3136 2292 3388 2359 princessit
3412 2334 3425 2357 ,
3454 2292 3560 2345 dies

1972 2381 2142 2425 autem
2185 2375 2604 2445 appmpinquavit
2632 2393 2651 2430 :
2679 2378 2977 2443 abiiciamus
3017 2380 3186 2450 itaque
3228 2397 3382 2450 opera
3421 2393 3559 2436 tene-

1972 2461 2176 2516 brarum
2198 2504 2213 2525 ,
2241 2475 2287 2517 et
2315 2465 2588 2521 induamus
2616 2485 2708 2521 nos
2733 2486 2877 2522 arma
2906 2470 3033 2525 lucis
3063 2471 3240 2540 (Rom.
3284 2488 3379 2527 xui
3401 2516 3415 2540 ,
3447 2470 3556 2545 12).

1973 2554 2099 2610 Dies
2145 2556 2308 2626 igitur
2337 2558 2625 2614 Dominicaa
2654 2561 2919 2630 passionis
2960 2578 3066 2633 quo
3105 2564 3390 2621 cruciﬁxus
3435 2579 3517 2621 εει
3541 2609 3556 2633 ,

1968 2645 2078 2717 jam
2110 2656 2430 2704 transactam
2473 2660 2686 2707 noctem
2725 2655 2994 2723 propriam
3024 2657 3376 2726 sequebatur;
3408 2659 3558 2715 ideo-

1972 2754 2076 2809 que
2101 2740 2311 2797 clausus
2349 2752 2403 2798 et
2431 2746 2746 2801 terminatus
2784 2756 2867 2802 est
2903 2763 3072 2818 usque
3099 2749 3166 2804 ad
3193 2751 3520 2807 Parasceven
3541 2794 3557 2821 ,

1973 2846 2130 2900 quam
2154 2832 2323 2889 Judmi
2350 2836 2510 2890 etiam
2531 2837 2751 2893 Cmnam
2772 2854 2959 2909 puram
2981 2852 3194 2909 vocant,
3224 2843 3292 2898 ab
3319 2845 3436 2914 ejus
3463 2860 3561 2899 no-

1972 2926 2072 2981 ctis
2136 2928 2357 2983 exordio
2424 2930 2739 3000 incipientes
2810 2931 3017 2987 sabbati
3100 2934 3553 2991 observationem.

1972 3016 2177 3073 Deinde
2196 3018 2400 3073 sabbati
2430 3018 2544 3073 dies
2575 3034 2605 3072 a
2634 3034 2729 3074 sua
2760 3032 2917 3077 nocte
2943 3022 3201 3093 incipiens
3221 3064 3237 3091 ,
3270 3024 3451 3080 ﬁnitus
3475 3037 3560 3081 est

1970 3121 2196 3178 vespere
2238 3108 2538 3178 incipientis
2580 3110 2754 3165 noctis
2778 3151 2793 3177 ,
2838 3127 2957 3181 quas
2993 3113 3226 3182 pertinet
3254 3113 3321 3168 ad
3351 3115 3558 3171 initium

1971 3197 2224 3255 dominici
2274 3199 2379 3255 diei
2415 3219 2428 3254 :
2459 3200 2710 3271 quoniam
2736 3217 2859 3257 eum
2890 3202 3145 3259 Dominus
3171 3219 3280 3259 suae
3317 3221 3559 3261 resurre-

1971 3289 2163 3345 ctionis
2185 3290 2351 3361 gloria
2379 3292 2740 3347 consecravit.
2784 3292 2930 3348 Illius
2955 3294 3133 3364 itaque
3161 3297 3332 3351 noctis
3360 3298 3426 3351 ad
3454 3298 3559 3352 iui-

1974 3381 2105 3435 tium
2131 3380 2385 3436 dominici
2411 3381 2515 3436 diei
2543 3382 2879 3451 pertinentis,
2911 3399 3053 3439 nunc
3092 3385 3191 3440 ista
3224 3387 3560 3445 solemnitate

1970 3471 2285 3526 memoriam
2324 3471 2658 3527 celebramus
2692 3489 2703 3525 :
2736 3473 2879 3527 illam
2919 3484 3131 3529 noctem
3176 3477 3383 3546 agimus
3422 3480 3558 3549 vigi-

1972 3561 2132 3616 lando
2152 3603 2168 3627 ,
2199 3576 2301 3631 qua
2334 3561 2593 3616 Dominus
2618 3564 2945 3630 resurrexit;
2980 3575 3033 3619 et
3061 3566 3203 3620 illam
3249 3568 3411 3623 vitam
3435 3610 3450 3636 ,
3490 3570 3560 3626 de

1972 3669 2075 3724 qua
2103 3652 2262 3722 paulo
2287 3662 2412 3707 aute
2438 3653 2765 3719 dicebamus,
2795 3656 3134 3725 meditamur,
3168 3658 3255 3714 ubi
3285 3676 3385 3716 nec
3411 3677 3558 3718 mors

1972 3744 2100 3811 ulla,
2120 3758 2220 3798 nec
2244 3759 2467 3799 somnus
2486 3753 2589 3811 est,
2612 3761 2771 3816 quam
2791 3746 2845 3801 in
2871 3761 2965 3802 sua
2985 3763 3146 3803 carne
3168 3750 3323 3805 nobis
3341 3751 3560 3807 inchoa-

1970 3837 2067 3904 vit,
2097 3852 2257 3907 quam
2286 3838 2364 3892 sic
2392 3839 2643 3894 excitavit
2669 3855 2698 3893 a
2724 3842 2971 3906 mortuis,
3003 3853 3062 3896 ut
3084 3843 3194 3912 jam
3231 3860 3336 3899 non
3365 3847 3556 3902 moria-

1972 3938 2078 3997 tur,
2104 3939 2159 3984 et
2178 3945 2322 3986 mors
2349 3931 2397 3986 ei
2426 3932 2561 3986 ultra
2590 3947 2697 3987 non
2723 3932 3046 3991 dominetur.
3068 3935 3202 3992 Nam
3229 3939 3440 4008 quando
3463 3956 3559 3996 ve-

1970 4022 2178 4078 nientes
2224 4022 2292 4078 ad
2338 4024 2640 4094 sepulcrum
2680 4026 2839 4097 ejus,
2890 4044 2921 4083 a
2973 4029 3166 4099 quibus
3221 4032 3559 4102 diligentibus

1969 4116 2328 4184 qumrebatur,
2359 4116 2591 4173 diluculo
2613 4133 2807 4189 corpus
2834 4135 2941 4176 non
2968 4122 3302 4192 invenerunt,
3336 4142 3560 4197 respon-

1967 4220 2194 4277 sumque
2219 4218 2542 4278 acceperunt
2564 4210 2632 4265 ab
2657 4212 2894 4281 Angelis,
2936 4214 3076 4283 quod
3104 4214 3214 4284 jam
3244 4231 3563 4273 resurrexe-

1968 4308 2087 4363 rat;
2117 4300 2454 4354 manifestum
2482 4310 2563 4355 est
2599 4302 2741 4371 quod
2768 4318 2832 4357 ea
2862 4315 3016 4359 nocte
3043 4309 3337 4367 resurrexit
3362 4351 3376 4372 ,
3408 4309 3559 4379 cujus

1968 4393 2281 4447 extremitas
2308 4392 2437 4447 illud
2463 4393 2751 4448 diluculum
2773 4394 2891 4449 fuit.
2919 4396 3127 4452 Deinde
3146 4399 3231 4452 cui
3258 4402 3557 4469 resurgenti

1966 4483 2127 4552 paulo
2153 4483 2349 4539 diutius
2376 4484 2643 4555 vigilando
2666 4487 3019 4553 concinimus,
3049 4490 3323 4558 praestabit
3352 4500 3409 4545 ut
3435 4507 3555 4546 cum

1966 4575 2058 4631 illo
2086 4578 2205 4632 sine
2233 4577 2340 4631 ﬁne
2383 4578 2610 4633 vivendo
2646 4594 2952 4650 regnemus.
2994 4581 3101 4638 Sed
3131 4591 3187 4638 et
3210 4584 3253 4637 si
3293 4584 3427 4639 forte
3470 4584 3557 4641 his

1965 4664 2134 4733 horis,
2156 4666 2348 4739 quibus
2373 4683 2471 4722 nos
2489 4668 2737 4725 ducimus
2760 4671 2916 4726 istam
2939 4672 3191 4743 vigiliam,
3218 4673 3361 4729 illius
3382 4675 3557 4732 adhuc

1964 4775 2159 4831 corpus
2202 4754 2255 4815 in
2287 4763 2534 4831 sepulcro
2563 4771 2717 4828 erat,
2766 4765 3110 4835 nondumque
3148 4777 3552 4835 resurrexerat;

1965 4866 2066 4907 nec
2090 4852 2168 4907 sic
2192 4852 2460 4931 vigilando
2489 4868 2672 4910 sumus
2714 4856 2991 4927 incongrui
3022 4874 3033 4911 :
3066 4857 3189 4927 quia
3220 4856 3310 4911 ille
3346 4857 3553 4913 dormi-

1964 4943 2040 5000 vit
2067 4952 2127 4999 ut
2146 4930 2448 5014 vigilemus,
2478 4947 2570 5016 qui
2595 4956 2679 5002 est
2703 4957 2947 5003 mortuus
2970 4956 3027 5003 ut
3049 4950 3371 5004 viveremus.

2416 5079 2649 5136 SERMO
2685 5080 2916 5137 CCXXII
2955 5085 2974 5107 α
3013 5083 3110 5156 (α).

2422 5196 2475 5242 In
2495 5191 2670 5255 vigiliis
2690 5193 2897 5257 Pascha,
2919 5210 2968 5246 tv
2981 5194 3069 5259 (b).

1970 5293 2300 5367 Vigilandum
2324 5295 2560 5351 adversus
2586 5297 2863 5354 diabolum.
2902 5298 3136 5355 Rectores
3160 5302 3337 5357 mundi
3364 5304 3547 5359 diabo-

2034 5388 2115 5443 lus
2140 5397 2189 5441 et
2214 5388 2382 5460 angeli
2405 5389 2534 5456 ejus.
2568 5387 2635 5443 In
2664 5390 2940 5445 caelestibus
2968 5392 3265 5462 quibusnam
3302 5394 3547 5451 habitant.

2032 5476 2287 5534 Diabolus
2307 5498 2333 5534 e
2360 5479 2592 5534 cordibus
2613 5482 2808 5551 piorum
2836 5484 3038 5553 cjectus.

2024 5634 2040 5652 ⁶
2058 5632 2344 5681 Emendatus
2361 5639 2437 5681 est
2459 5633 2517 5681 ad
2535 5646 2577 5681 r.
2604 5641 2639 5683 t.
2661 5649 2707 5683 v.
2726 5640 2834 5684 Lov.

2043 5695 2094 5753 α)
2120 5694 2255 5753 Alias,
2283 5694 2346 5742 de
2369 5696 2581 5744 Diversis
2601 5696 2679 5746 80.

2046 5755 2093 5815 b)
2120 5755 2282 5833 Florus
2301 5756 2429 5833 huius
2450 5769 2727 5809 sermonem
2748 5761 2865 5811 citat
2881 5760 2939 5812 ad
2960 5762 3128 5833 Ephesi.
3151 5776 3258 5829 cap.
3278 5778 3343 5828 γι,
3367 5764 3529 5819 attito

1960 5826 2251 5881 sequentem
2273 5817 2334 5866 ad
2350 5818 2520 5880 Ephes.
2547 5836 2590 5870 ν.
