4070 6330
555 460 689 518 Cum
715 473 838 526 vos,
877 457 1245 525 dilectissimi,
1274 455 1340 513 ad
1366 454 1686 527 vigilandum
1721 462 1776 508 et
1804 451 2062 506 orandum

486 538 598 626 ipsa
625 554 936 610 solemnitas
968 563 1166 609 sanetae
1197 551 1355 619 hujus
1392 550 1563 604 noctis
1595 548 1870 611 hortetur;
1903 546 2064 598 etiam

469 658 722 706 nostrum
765 648 915 702 vobis
947 656 1122 702 tamen
1151 644 1462 699 solemniter
1500 642 1724 698 debetur
1750 639 2062 710 alloquium,

479 752 536 796 ut
563 743 820 797 adversus
843 739 1142 796 contrarias
1171 745 1224 792 ct
1251 736 1458 791 invidus
1481 744 1778 805 potestates
1803 741 2068 788 rectores-

477 849 580 906 que
608 835 970 896 tenebrarum,
999 832 1141 887 velut
1166 839 1350 885 contra
1394 838 1682 885 nocturnas
1709 828 1937 893 bestias,
1955 825 2064 880 «do-

477 928 730 984 minicum
751 942 962 998 gregem
979 926 1138 980 etiam
1168 941 1269 978 vox
1298 924 1578 993 pastoralis
1607 924 1913 979 exsuscitet.
1943 919 2065 975 Non

478 1030 551 1076 est
593 1022 725 1075 enim
763 1021 904 1074 nobis
947 1019 1236 1073 colluctatio
1271 1018 1510 1074 adversus
1548 1027 1751 1072 carnem
1777 1027 1823 1070 et
1851 1015 2064 1086 εωηιίέ

478 1131 611 1180 nem,
637 1115 777 1168 sicut
812 1113 1102 1182 Apomolus
1127 1112 1287 1178 dicit;
1316 1112 1367 1165 id
1397 1123 1503 1176 est,
1537 1111 1793 1166 adversus
1819 1108 2065 1162 homines

479 1207 688 1262 mortali
727 1220 953 1276 corpore
992 1205 1236 1259 inﬁrmos
1266 1221 1280 1257 :
1309 1203 1395 1256 sed
1437 1203 1676 1257 adversus
1719 1201 1971 1272 principes
2019 1208 2065 1252 et

477 1307 766 1366 potestates,
789 1306 835 1350 et
857 1306 1072 1351 rectores
1098 1295 1273 1349 mundi
1289 1295 1610 1348 tenebrarum
1650 1295 1850 1357 harum,
1882 1291 2064 1342 adaer-

475 1403 562 1442 sus
599 1388 890 1457 spiritantia
929 1387 1163 1458 nequitia:
1200 1387 1253 1440 iu
1281 1385 1558 1440 coelestibus
1587 1383 1804 1455 (Ephes.
1844 1399 1916 1447 vr,
1953 1382 2062 1452 12).

476 1481 586 1536 Nec
615 1481 732 1536 ideo
762 1496 891 1536 sane
931 1481 1200 1534 diabolum
1237 1490 1289 1533 et
1329 1480 1548 1548 angelos
1578 1479 1714 1546 ejus,
1747 1491 1880 1546 quos
1926 1477 2068 1543 Apo-

477 1573 645 1627 stolus
674 1572 756 1626 his
784 1571 961 1627 verbis
1003 1572 1288 1642 signiﬁcat,
1331 1570 1516 1623 mundi
1559 1568 1717 1637 hujus
1751 1565 2068 1620 existimetis

480 1679 602 1719 esse
653 1673 910 1726 rectores,
942 1663 1011 1717 de
1034 1677 1138 1731 quo
1181 1662 1436 1731 scriptum
1467 1669 1581 1724 est,
1613 1658 1678 1712 Et
1723 1658 1941 1710 mundus
1975 1671 2068 1727 per

477 1774 589 1812 eum
614 1760 777 1829 {actus
800 1765 870 1811 est
898 1754 1076 1826 (Joan.
1103 1771 1138 1822 ι,
1166 1753 1291 1825 10).
1321 1753 1454 1808 Nam
1485 1768 1584 1808 eos
1611 1763 1845 1806 rectores
1882 1750 2064 1805 mundi

477 1865 599 1904 cum
626 1849 784 1904 etiam
809 1849 922 1918 ipse
939 1848 1182 1911 dixisset,
1217 1863 1283 1901 ne
1307 1847 1424 1916 quis
1442 1845 1698 1900 mundum
1727 1845 2063 1914 intelligeret,

476 1941 564 2010 qui
609 1940 876 2010 plerisque
914 1939 1308 2007 Scripturarum
1341 1937 1472 1992 locis
1512 1937 1632 1990 caeli
1673 1944 1726 1989 et
1771 1945 1926 1990 terrae
1971 1948 2070 1988 no-

478 2031 620 2085 mine
660 2037 1036 2098 nuncupatur;
1068 2029 1321 2084 continuo
1363 2037 1612 2098 tanquam
1639 2026 1955 2096 exponendo
1975 2025 2070 2079 ad-

479 2125 634 2190 didit,
665 2125 982 2177 tenebrarum
1009 2123 1211 2186 Itarum,
1243 2122 1344 2176 hoc
1367 2129 1470 2188 est,
1497 2120 1814 2174 inﬁdelium.
1841 2121 2070 2187 Propter

477 2218 616 2288 quod
642 2217 752 2287 jam
782 2216 1025 2270 ﬁdelibus
1063 2215 1223 2281 dicit,
1270 2215 1462 2269 Fuistis
1505 2215 1780 2284 aliquando
1809 2214 2063 2278 tenebrae,

479 2325 611 2364 nunc
653 2318 820 2362 autem
860 2308 950 2360 tua:
982 2309 1037 2360 in
1064 2305 1283 2360 Domino
1307 2307 1324 2375 (
1344 2305 1535 2374 Ephes.
1565 2319 1616 2368 v,
1648 2306 1739 2375 8).
1771 2306 1905 2358 Su’nt
1941 2317 2070 2370 ergo

477 2401 577 2456 ista
595 2400 889 2470 opiritualia
919 2399 1168 2469 nequitiae
1185 2399 1245 2452 in
1264 2398 1613 2462 'cmlcstibus;
1640 2412 1744 2450 non
1769 2397 1857 2450 ubi
1891 2397 2066 2450 sidera

477 2491 734 2562 disposita
755 2491 1027 2561 eﬁ‘ulgent,
1054 2503 1110 2546 et
1126 2492 1294 2545 sancti
1313 2491 1498 2560 Angeli
1519 2498 1948 2552 commorantur;
1975 2487 2069 2543 sed

478 2583 533 2640 in
561 2584 716 2654 hujus
740 2583 880 2637 aeris
910 2583 1077 2637 inﬁmi
1107 2582 1398 2652 caliginoso
1429 2582 1747 2647 habitacula,
1767 2580 1860 2635 ubi
1888 2588 1942 2634 et
1971 2594 2070 2632 ue-

478 2675 600 2733 bula
633 2675 982 2746 conglobatur
1020 2691 1035 2729 :
1065 2685 1116 2729 et
1139 2683 1313 2728 tamen
1341 2673 1596 2742 scriptum
1625 2683 1725 2738 est,
1760 2673 1860 2740 Qui
1886 2685 2069 2742 coope-

477 2770 545 2824 rit
564 2770 751 2824 -ccelum
795 2768 1010 2823 nubibus
1029 2767 1207 2840 *(Psal.
1235 2783 1422 2832 exui,
1457 2768 1536 2837 8).
1563 2765 1666 2821 Ubi
1697 2775 1752 2820 et
1787 2779 1914 2818 aves
1939 2765 2072 2818 voii-

480 2872 598 2921 tant
619 2883 633 2919 ε
657 2873 712 2919 et
727 2873 900 2918 tamen
919 2863 1172 2917 dicuntur
1193 2861 1420 2915 volatilia
1439 2861 1557 2914 steti
1577 2859 1748 2931 (Psal.
1776 2872 1926 2924 xux,
1957 2857 2067 2926 11).

478 2955 538 3011 ln
567 2955 648 3010 his
672 2953 1153 3024 ergo-celestibus,
1184 2967 1291 3006 non
1321 2952 1371 3005 in
1395 2951 1489 3006 illa
1519 2950 1795 3019 superiore
1815 2948 2073 3017 tranquil-

480 3044 631 3100 litate
673 3044 1008 3111 cmlestium,
1056 3043 1308 3098 habitant
1341 3041 1433 3096 isti
1479 3040 1790 3110 nequissimi
1831 3040 2069 3109 spiritus,

480 3146 666 3213 cutura
680 3150 814 3206 quos
833 3135 1300 3191 nobiscolluctatio
1315 3134 1603 3204 spiritualis
1617 3129 1867 3187 indicitur
1886 3150 1899 3186 :
1921 3132 2077 3187 utde-

481 3229 1152 3301 victisangelismalisﬁllo
1167 3229 1391 3299 praemio
1411 3227 1766 3300 perfruamur,
1784 3241 1890 3297 quo
1909 3229 2076 3296 Ange-

481 3327 549 3383 lis
567 3325 721 3380 bonis
742 3325 1047 3394 iucorrupsa
1060 3323 1360 3378 aeternitate
1378 3320 1823 3378 sociemur.llnde
1839 3320 1944 3375 alio
1956 3321 2075 3377 loco

482 3417 628 3474 idem
661 3416 966 3487 apostolus,
994 3428 1115 3470 cum
1147 3414 1472 3486 signiﬁcaret
1506 3411 1846 3472 tenebrosum
1878 3411 2074 3466 diaboli

485 3511 836 3583 principatum
863 3525 877 3563 :
907 3508 1199 3564 Secundum
1220 3508 1453 3578 spiritum
1469 3547 1484 3573 ,
1505 3507 1697 3576 inquit,
1720 3506 1896 3559 mundi
1923 3505 2075 3577 hujus

483 3603 760 3658 secundum
775 3602 1059 3673 principem
1079 3602 1337 3671 potestatis
1354 3601 1484 3653 neiis
1505 3601 1678 3669 hujus,
1703 3601 1788 3668 qui
1807 3615 1940 3653 nunc
1956 3613 2077 3669 ope-

483 3704 628 3749 ratur
647 3696 710 3748 'in
735 3695 858 3764 ﬁliis
875 3693 1193 3763 inﬁdelitatis
1223 3691 1438 3762 ('Epheo.
1469 3708 1525 3757 tt,
1557 3690 1636 3762 2).
1660 3691 1811 3758 Quod
1840 3705 1968 3760 ergo
1993 3698 2076 3745 est

485 3789 702 3858 spiritus
719 3787 912 3842 incudi
943 3788 1130 3856 huius,
1177 3789 1279 3840 hoc
1319 3793 1444 3840 sunt
1485 3794 1721 3840 rectores
1769 3783 1972 3839 mundi.
2005 3784 2076 3838 Et

486 3881 623 3936 sicut
643 3881 757 3934 illic
782 3882 1029 3950 exposuit
1055 3879 1180 3949 quiti
1208 3879 1401 3934 dixerit
1431 3878 1707 3944 muudu’m,
1737 3879 1788 3931 in
1813 3878 1933 3948 ﬁliis
1951 3877 2076 3947 inﬂi-

487 3975 710 4029 delitatis
739 3990 759 4028 :
788 3975 866 4029 sic
891 3976 1051 4030 etiam
1084 3973 1192 4040 hic,
1223 3986 1345 4026 cum
1378 3971 1599 4035 addidit,
1627 3971 1946 4025 tenebrarum
1978 3971 2075 4023 ha-

487 4083 623 4122 ram.
663 4067 732 4120 Et
757 4067 900 4137 quod
935 4065 1003 4119 ibi
1039 4066 1146 4128 ait,
1189 4064 1464 4136 principem
1495 4063 1751 4133 potestatis
1781 4064 1946 4130 aeris;
1975 4063 2079 4119 hoc

489 4159 594 4214 isto
619 4160 756 4226 loco,
796 4160 848 4213 in
874 4159 1174 4212 ctelestibus.
1212 4157 1428 4212 Gratias
1477 4156 1652 4225 itaque
1696 4156 1920 4210 Domino
1967 4154 2078 4211 Deo

489 4264 694 4319 nostro,
713 4253 802 4322 qui
820 4265 919 4307 nos
939 4251 1080 4306 eruit
1099 4251 1164 4305 de
1187 4255 1450 4319 potestate
1469 4248 1829 4315 tenebrarum,
1844 4259 1897 4304 et
1914 4257 2079 4304 trans-

489 4347 685 4401 tulit'in
718 4359 939 4416 regnum
960 4345 1085 4398 "F‘ilii
1110 4341 1384 4400 charitatis
1403 4355 1514 4398 suae
1547 4343 1762 4415 (Coloss.
1791 4361 1827 4407 ι,
1850 4343 1933 4410 12,
1961 4345 2076 4415 15).

489 4439 575 4495 Arb
603 4439 708 4494 iliis
733 4448 862 4507 ergo
890 4435 1456 4506 tenebrlsevangelica
1490 4437 1608 4490 luce
1644 4435 1875 4492 dlsﬁnc'ti
1896 4479 1909 4503 ,
1937 4447 1990 4493 et
2013 4439 2079 4493 ab

491 4530 595 4585 illis
617 4528 975 4600 poteStatilms
997 4530 1252 4599 sanguine
1290 4529 1522 4598 pretioso
1549 4527 1830 4598 redempti,
1869 4529 2080 4600 vigilate

490 4634 544 4680 et
559 4634 739 4692 orate,
760 4625 1067 4679 'neintretis
1099 4623 1148 4678 iu
1179 4624 1524 4678 tentationem
1558 4622 1768 4695 (Matth.
1793 4625 2076 4699 xxvt,tt).

489 4716 625 4772 Nam
655 4716 976 4788 quicuMqtte
1020 4707 1225 4770 habetis
1257 4713 1417 4771 ﬁdem
1455 4729 1574 4785 quae
1613 4725 1707 4784 per
1738 4712 2080 4773 dilectionem

491 4817 746 4880 operatur
784 4807 979 4879 (Colat.
1026 4819 1082 4873 v,
1122 4807 1214 4878 6),
1263 4808 1457 4862 missus
1503 4815 1586 4863 est
1627 4809 1874 4878 princeps
1923 4809 2081 4879 hujus

492 4901 676 4956 mundi
705 4896 851 4954 iuras
895 4913 924 4953 a
953 4899 1427 4954 cordibusVeSIris
1455 4897 1640 4972 (Joan.
1687 4911 1781 4964 xu,
1823 4902 1914 4972 51)
1941 4921 1954 4958 :
1986 4899 2079 4957 sed

490 4991 788 5047 forinsecus
803 4999 1053 5062 tanquam
1081 4991 1393 5060 leonigiens
1425 4990 1613 5045 circuit
1649 4999 1897 5060 quaerens
1917 4995 2080 5064 quem

491 5083 781 5154 devoret(l
805 5082 949 5139 Petr.
975 5099 1030 5151 ν,
1059 5084 1138 5154 8).
1171 5083 1288 5138 Non
1303 5098 1442 5154 ergo
1477 5083 1615 5139 detis
1642 5085 1816 5141 locum
1843 5086 2078 5154 diabolo,

492 5191 828 5249 quacumque
854 5191 920 5232 ex
959 5175 1108 5246 parte
1139 5185 1418 5246 penetrare
1452 5177 1650 5232 volenti
1677 5196 1689 5230 :
1722 5177 1817 5233 sed
1844 5179 1931 5249 qui
1959 5193 2082 5234 eum

493 5267 637 5325 foras
666 5269 815 5324 misit
841 5267 1090 5338 patiemlo
1121 5262 1217 5337 prb
1248 5269 1418 5335 vobis,
1449 5269 1703 5323 adversus
1734 5284 1854 5323 eum
1884 5269 2084 5325 habitet

495 5362 642 5417 intus
663 5360 718 5415 in
741 5357 912 5415 vobis.
941 5359 1076 5414 Cui‘it
1104 5359 1255 5414 vobis
1281 5355 1366 5415 ille
1395 5355 1778 5426 dominaretur,
1803 5359 1968 5430 fuistis
1987 5359 2084 5414 ali-

493 5453 698 5526 quando
724 5452 972 5518 tenebrtt’;
993 5453 1128 5506 nunc
1157 5453 1323 5506 autem
1348 5451 1438 5505 lux
1461 5453 1516 5505 in
1546 5447 1764 5505 Domino
1796 5467 1814 5506 :
1839 5453 1966 5506 sicut
1989 5445 2085 5520 ﬁlii

496 5546 626 5602 lucis
648 5544 922 5598 ambulate.
946 5543 1216 5598 Adversus
1255 5543 1502 5598 tenebras
1532 5559 1820 5612 earumque
1849 5553 2085 5599 rectores

504 5639 558 5695 in
583 5647 754 5692 matre
805 5637 923 5692 luce
958 5637 1195 5707 vigilate,
1229 5646 1284 5691 et
1322 5636 1536 5692 Patrem
1579 5635 1843 5690 luminum
1868 5637 1936 5690 de
1966 5637 2085 5690 sinu

497 5731 687 5788 matris
710 5728 842 5784 lucis
867 5737 1016 5784 orate
1043 5730 1080 5781 ι.

504 5883 523 5936 ι
557 5819 1018 5938 ἔξωτὴαηυεαφῑι.
1036 5819 1312 5884 Editiiero,
1342 5818 1394 5870 in
1415 5815 1523 5878 sinu
1544 5816 1713 5872 matris
1727 5825 1891 5885 orate;
1911 5822 2089 5874 omisso

523 5899 556 5936 υ
633 5923 646 5936 .

523 5899 646 5936 uas.

1707 359 1764 418 S.
1806 345 2175 417 AUGUSTlNI
2219 351 2511 410 El’lSCOPl

2604 443 2836 501 δεξιΜο
2869 440 3128 501 ecum
3159 440 3300 518 ιω.

2687 565 2736 608 tn
2761 558 2944 620 Vigiliis
2961 558 3172 617 Pascite,
3193 571 3244 608 ν.

2245 656 2299 710 1.
2325 654 2467 722 Dies,
2493 652 2666 724 ﬁdeles
2693 653 2952 723 baptismi.
2978 653 3224 708 Hortatur
3239 662 3294 706 ut
3314 652 3468 708 bona
3481 651 3762 720 imitentur,

2175 747 2381 802 tolerent
2410 746 2590 800 ntalos.
2628 745 2683 799 ln
2720 745 2854 798 libro
2881 745 2967 815 qui
3004 745 3299 814 appellatur
3325 744 3584 810 Genesis,
3617 743 3764 800 Seri-

2175 849 2326 909 ptura
2349 838 2514 894 dicit:
2548 835 2616 891 Et
2646 837 2770 891 vidit
2799 835 2936 890 Deus
2962 837 3124 890 lucem
3153 838 3270 908 quia
3301 836 3430 890 bona
3460 846 3551 890 est.
3590 835 3658 889 Et
3688 837 3766 890 di-

2172 930 2287 983 uisit
2316 927 2457 982 Deus
2496 929 2624 982 inter
2655 928 2813 982 lucem
2848 937 2892 982 et
2927 928 3151 982 tenebras
3176 944 3194 983 :
3221 937 3266 982 et
3293 929 3482 982 vocavit
3508 927 3654 982 Deus
3682 929 3765 981 lu-

2172 1037 2278 1089 cem
2317 1011 2469 1083 diem,
2497 1029 2543 1074 et
2571 1019 2794 1073 tenebras
2819 1020 3009 1073 vocavit
3034 1030 3224 1073 noctem
3261 1016 3408 1091 (Gen.
3441 1035 3479 1084 ι,
3512 1020 3565 1085 ι),
3599 1019 3676 1088 5).
3711 1018 3768 1073 Si

2173 1129 2301 1183 ergo
2336 1115 2471 1167 Deus
2498 1112 2706 1168 vocavit
2731 1113 2870 1167 diem
2909 1113 3102 1177 lucem,
3135 1112 3250 1166 sine
3276 1111 3436 1166 dubio
3468 1109 3541 1165 illi
3573 1111 3769 1180 quibus

2171 1197 2297 1261 dicit
2328 1207 2600 1276 apostolus
2625 1205 2838 1268 Paulus,
2861 1189 3052 1258 lt‘uistis
3075 1204 3348 1273 aliquando
3370 1203 3602 1269 tenebrtv,
3633 1219 3766 1256 num

2169 1310 2336 1352 autem
2368 1299 2457 1353 lux
2486 1301 2536 1352 in
2572 1289 2784 1351 Domino
2809 1297 3025 1367 (Ep/tes.
3055 1312 3108 1362 v,
3141 1296 3223 1364 8),
3256 1294 3372 1350 dies
3398 1303 3551 1350 erant
3592 1313 3605 1348 :
3636 1309 3774 1363 quo-

2172 1393 2313 1446 niam
2345 1393 2431 1446 ille
2458 1392 2546 1460 qui
2571 1392 2729 1460 jussit
2753 1389 2820 1444 de
2843 1389 3079 1444 tenebris
3104 1389 3282 1442 lumen
3310 1387 3630 1451 clarescere,
3656 1386 3774 1440 illu-

2175 1484 2396 1538 minavit
2419 1499 2509 1537 eos
2541 1483 2606 1554 (ll
2634 1481 2752 1537 Cor.
2777 1497 2850 1547 tv,
2883 1480 2959 1552 6).
2990 1479 3220 1534 Infantes
3248 1479 3331 1534 isti
3365 1477 3459 1550 (b),
3487 1494 3624 1548 quos
3652 1492 3775 1532 cer-

2176 1569 2302 1630 nitis
2345 1574 2579 1629 exterius
2620 1573 2926 1639 dealbatos,
2966 1573 3294 1642 interiusque
3333 1572 3650 1636 mundatus,
3679 1570 3774 1640 qui

2173 1659 2406 1721 candore
2443 1667 2666 1720 vestium
2712 1665 3050 1735 splendorem
3097 1664 3354 1718 mentium
3402 1663 3770 1733 prmﬁgurant,
3843 1659 3850 1664 ’

2174 1774 2294 1814 cum
2320 1765 2662 1829 peccatorum
2685 1774 2899 1812 suorum
2925 1766 3081 1812 nocte
3117 1765 3511 1828 premerentur,
3536 1756 3776 1810 teneer

2179 1849 2412 1906 fuerunt.
2449 1851 2600 1905 Nunc
2639 1859 2816 1904 autem
2847 1849 2969 1918 quia
3010 1845 3246 1902 mundati
3290 1855 3412 1902 sunt
3440 1847 3655 1901 lavacro
3686 1846 3776 1899 in-

2175 1941 2482 2013 dulgentiae,
2517 1941 2640 2012 quia
2671 1941 2870 2012 irrigati
2899 1937 3046 1994 fonte
3085 1941 3392 2008 sapientize,
3417 1940 3539 2008 quia
3571 1937 3776 2008 perfusi

2174 2037 2290 2091 luce
2312 2037 2528 2107 justitite
2558 2055 2570 2090 :
2606 2035 2703 2089 llic
2723 2046 2794 2088 est
2825 2035 2930 2088 dies
2955 2051 3098 2105 quem
3119 2033 3234 2106 fecit
3252 2031 3522 2098 Dominus,
3551 2033 3779 2087 exsulte-

2174 2149 2285 2184 mus
2307 2141 2350 2183 et
2372 2130 2598 2183 lwtemur
2623 2131 2676 2184 in
2706 2145 2762 2182 eo
2795 2127 2965 2200 (Psal.
2989 2142 3152 2193 cxvn,
3174 2125 3287 2196 24).
3316 2121 3511 2180 Audiat
3537 2140 3635 2179 nos
3655 2125 3778 2180 dies

2175 2222 2406 2286 Domini,
2442 2221 2618 2276 audiat
2663 2235 2761 2274 nos
2792 2219 2905 2272 dies
2931 2220 3098 2272 factus
3123 2233 3153 2270 a
3195 2218 3418 2271 Domino
3442 2232 3456 2269 :
3479 2217 3683 2282 audiat,
3717 2224 3778 2271 et

2175 2314 2456 2378 obaudiat;
2491 2322 2548 2366 ut
2581 2312 2910 2366 exsultemus
2940 2320 2994 2364 et
3025 2310 3264 2364 laetemur
3290 2309 3341 2362 in
3370 2323 3456 2363 eo.
3481 2307 3770 2375 Quoniam,

2175 2406 2315 2460 sicut
2336 2405 2404 2458 ait
2436 2403 2746 2472 Apostolus,
2765 2390 2868 2455 hoc
2889 2400 3233 2470 cstgaudium
3263 2409 3316 2455 et
3338 2414 3534 2454 corona
3565 2407 3776 2467 nostra,

2174 2497 2220 2551 si
2248 2511 2342 2551 vos
2371 2496 2523 2551 statis
2551 2496 2602 2548 in
2631 2495 2857 2548 Domino
2887 2492 3146 2564 (Philipp.
3179 2509 3254 2560 1v,
3286 2491 3372 2563 1).
3409 2491 3603 2546 Audite
3643 2506 3776 2562 ergo

2177 2604 2296 2654 nos,
2329 2605 2361 2642 ο
2387 2587 2578 2645 novelli
2611 2587 2702 2641 lilii
2732 2595 2891 2641 casta:
2925 2585 3109 2640 matris
3135 2602 3147 2638 :
3178 2585 3286 2640 imo
3326 2585 3504 2639 audite
3529 2600 3649 2648 nos,
3680 2584 3779 2640 ﬁlii

2175 2682 2395 2752 virginis
2435 2679 2642 2735 matris.
2687 2678 2948 2747 Quoniam
2993 2678 3162 2750 fuistis
3205 2675 3484 2749 aliquando
3522 2677 3774 2745 tenebrae,

2177 2793 2310 2830 nunc
2335 2784 2502 2829 autem
2527 2775 2615 2828 lux
2640 2774 2692 2826 in
2715 2758 2934 2826 Domino
2963 2787 2980 2826 :
3012 2779 3065 2824 ut
3088 2771 3182 2840 ﬁlii
3203 2769 3329 2824 lucis
3349 2771 3623 2835 ambulate,
3653 2769 3780 2824 ﬁliis

2178 2867 2314 2923 lucis
2349 2856 2652 2930 adluerete;
2693 2875 2854 2936 atque
2897 2873 2954 2919 ut
2996 2863 3097 2919 hoc
3129 2865 3301 2934 ipsum
3332 2863 3538 2934 planius
3562 2864 3775 2930 dicam,

2177 2959 2334 3015 bouis
2365 2958 2608 3012 ﬁdelibus
2631 2957 2915 3011 adluercte.
2945 2955 3080 3012 Sunt
3110 2957 3279 3022 enim,
3312 2956 3453 3027 quod
3486 2957 3638 3026 pejus
3664 2965 3773 3022 est,
3849 2960 3856 2966 ’

2180 3051 2363 3107 ﬁdeles
2395 3051 2540 3106 mali.
2584 3049 2719 3106 Sunt
2761 3050 2944 3105 ﬁdeles
2973 3051 3064 3120 qui
3100 3059 3380 3116 vocantur,
3410 3061 3463 3104 et
3490 3065 3597 3105 nou
3624 3033 3800 3106 sum.‘

2179 3141 2316 3198 Sunt
2349 3141 2554 3209 ﬁdeles,
2595 3141 2648 3197 in
2679 3142 2872 3212 quibus
2908 3152 3239 3196 sacramenta
3269 3141 3464 3196 Christi
3506 3142 3777 3211 patiantur

2179 3233 2429 3304 injuriam
2455 3251 2469 3288 :
2499 3233 2589 3303 qui
2619 3234 2696 3288 sic
2724 3233 2933 3300 vivunt,
2963 3242 3020 3288 ut
3039 3241 3092 3287 ct
3117 3232 3216 3304 ipsi
3240 3242 3478 3303 pereant,
3498 3241 3551 3287 et
3575 3233 3777 3290 alteros

2179 3325 2426 3396 perdant.
2450 3324 2686 3380 Pereunt
2705 3327 2901 3396 quippe
2928 3325 3049 3395 ipsi,
3080 3326 3218 3380 male
3245 3326 3474 3380 vivendo
3503 3344 3516 3378 :
3545 3326 3780 3396 perdunt

2177 3433 2306 3474 vero
2327 3418 2477 3480 alios.
2508 3419 2646 3473 male
2670 3419 2880 3473 vivendi
2901 3419 3142 3489 exempla
3159 3418 3473 3488 praebendo.
3498 3419 3604 3475 Vos
3621 3435 3774 3492 ergo,

2181 3505 2535 3574 dilectissimi,
2568 3511 2732 3565 nolite
2763 3509 2955 3566 talibus
2977 3510 3150 3582 jungi.
3179 3511 3361 3566 Bonos
3384 3513 3641 3582 quaerite,
3673 3513 3776 3568 bo-

2181 3602 2264 3656 nis
2293 3600 2561 3656 adlncrcte
2587 3620 2600 3655 :
2625 3601 2748 3656 boni
2778 3612 2968 3657 estote.

2252 3693 2305 3746 2.
2331 3691 2590 3747 Bonorum
2617 3703 2663 3746 et
2685 3694 2932 3748 malorum
2952 3695 3220 3766 permixtio
3239 3696 3290 3749 in
3315 3694 3561 3751 Ecclesia.
3593 3695 3779 3767 Neque

2182 3787 2450 3842 miremini
2490 3788 2882 3845 multitudinem
2909 3791 3322 3862 Christianorum
3355 3793 3613 3848 malorum
3634 3835 3650 3860 ,
3683 3794 3779 3865 qui

2183 3878 2464 3934 ecclesiam
2511 3880 2772 3948 implent,
2803 3880 2894 3950 qui
2923 3881 2988 3936 ad
3019 3882 3188 3938 altare
3221 3886 3655 3951 conuuuuicaut,
3685 3886 3780 3955 qui

2183 3970 2514 4040 episcopum,
2545 3973 2626 4026 vel
2656 3972 3024 4043 presbyterum
3052 3975 3119 4029 de
3141 3974 3294 4029 bonis
3323 3977 3563 4031 moribus
3589 3977 3780 4047 dispu-

2184 4068 2383 4116 tantem
2427 4064 2633 4132 magnis
2668 4064 2888 4118 vocibus
2928 4066 3145 4121 laudant
3187 4085 3201 4122 :
3239 4083 3333 4137 per
3358 4085 3493 4139 quos
3529 4071 3782 4140 impletur

2184 4153 2326 4222 quod
2355 4165 2707 4225 congregatur
2735 4165 2919 4211 noster
2949 4157 3195 4227 prmdixit
3215 4160 3275 4213 in
3302 4161 3538 4228 l’salmo,
3561 4163 3780 4217 Annuu-

2184 4243 2334 4310 tiavi,
2359 4254 2404 4298 et
2435 4246 2630 4299 loculus
2659 4263 2788 4311 sum,
2820 4247 3145 4319 multiplicati
3179 4260 3294 4304 sunt
3329 4269 3484 4322 super
3510 4270 3781 4310 numerum

2185 4335 2634 4412 (Psal.xxx1x,6).
2653 4339 2706 4394 lu
2732 4341 2969 4398 Ecclesia
2985 4342 3139 4413 hujus
3155 4346 3412 4414 temporis
3427 4357 3783 4416 possuntcsse

2185 4430 2462 4486 nobiscum
2491 4449 2505 4484 :
2537 4431 2588 4485 iu
2619 4432 2708 4485 illa
2738 4448 2887 4499 vero,
2919 4450 3038 4503 qua:
3071 4445 3190 4504 post
3211 4439 3671 4494 resurrectionem
3696 4439 3782 4496 fu-

2189 4530 2304 4575 tura
2332 4532 2435 4587 est,
2460 4524 2870 4592 cengregatiouc
2899 4537 3204 4580 sanctorum
3231 4543 3350 4582 esse
3379 4540 3782 4598 nonpoteruut.

2187 4611 2426 4670 Ecclesia
2455 4617 2600 4670 enim
2627 4615 2784 4686 hujus
2815 4619 3068 4687 temporis
3108 4634 3250 4674 arca:
3279 4631 3648 4690 comparatur,
3681 4623 3783 4678 ha~

2186 4707 2318 4762 bens
2347 4709 2509 4761 mixta
2535 4725 2697 4778 grana
2719 4725 2839 4764 cum
2869 4712 3051 4780 paleis,
3083 4713 3283 4768 habens
3304 4716 3596 4785 permixtos
3625 4718 3788 4774 bouis

2187 4799 2389 4866 malos;
2418 4799 2658 4856 habitura
2689 4813 2809 4872 post
2831 4803 3085 4872 judicium
3113 4807 3230 4860 sine
3260 4807 3382 4863 ullis
3411 4810 3564 4863 malis
3589 4825 3787 4866 ouines

2187 4890 2378 4948 bonos.
2406 4893 2530 4948 ΙΙωο
2559 4909 2681 4950 arca
2711 4897 2948 4952 continet
2971 4913 3198 4954 messem
3223 4901 3292 4954 ab
3323 4903 3590 4971 Apostolis
3616 4905 3785 4959 semio

2187 4995 2388 5052 natam,
2423 5000 2452 5038 a
2479 4988 2821 5056 sequentibus
2851 5005 3019 5059 usque
3041 4991 3093 5044 in
3125 5006 3362 5060 praesens
3389 5001 3600 5064 tempus
3629 4995 3788 5051 bonis

2189 5077 2498 5134 doctoribus
2535 5081 2826 5150 irrigatum,
2869 5098 2975 5137 non
3015 5098 3204 5154 parum
3239 5085 3398 5140 etiam
3441 5086 3785 5143 inimicorum

2191 5172 2563 5241 persecutione
2593 5173 2912 5240 contritam;
2945 5174 3040 5229 sed
3070 5176 3209 5242 quod
3232 5177 3406 5232 solum
3436 5187 3622 5245 restat,
3657 5195 3788 5234 non-

2191 5263 2318 5319 dum
2366 5280 2593 5336 superna
2633 5263 2979 5324 ventilatione
3025 5279 3324 5339 purgatam.
3366 5268 3559 5326 Veniet
3599 5280 3788 5327 autem

2192 5355 2284 5413 ille
2307 5353 2374 5413 de
2395 5371 2499 5428 quo
2529 5347 2834 5414 reddidistis
2873 5361 2925 5415 in
2958 5345 3233 5434 Symbolo,
3265 5362 3392 5418 Inde
3419 5373 3675 5420 venturus
3703 5375 3792 5421 at

2190 5443 2432 5520 judicare
2469 5451 2616 5505 vivos
2645 5460 2700 5506 et
2739 5463 3014 5509 mortuos:
3044 5463 3116 5519 et,
3147 5439 3286 5508 sicut
3314 5454 3664 5526 Evangelium
3708 5457 3790 5514 lo-

2196 5541 2395 5611 quitur,
2422 5543 2617 5596 habebit
2646 5545 2976 5598 ventilabrum
3006 5545 3060 5599 in
3088 5562 3251 5600 manu
3275 5562 3389 5613 sua,
3420 5556 3467 5602 et
3490 5551 3793 5620 expurgem

2259 5699 2278 5718 ‘
2304 5700 2590 5749 Emendatus
2611 5702 2668 5750 ad
2709 5702 2757 5751 d.
2784 5717 2824 5752 r.
2847 5711 2881 5754 t.
2903 5718 2949 5754 v.
2976 5709 3086 5755 ιον.

2261 5761 2334 5884 En;
2359 5761 2498 5822 Alias,
2521 5764 2584 5811 de
2609 5767 2817 5814 Diversis
2831 5768 2906 5814 8i.

2287 5822 2313 5870 b
2374 5831 2468 5871 Hoc
2500 5827 2693 5874 nomine
2734 5831 2906 5878 vomitu

2259 5822 2960 5907 “nomineItamirum
2994 5831 3236 5893 ωρυαηο
3275 5832 3536 5887 nume
3569 5835 3802 5907 renatos,

2205 5891 2392 5936 etiamsi
2415 5893 2560 5938 aetate
2583 5903 2748 5940 senes.
