4070 6330
474 313 612 374 1095

477 437 653 505 Quare
677 435 701 488 ?
725 430 858 500 Quia
883 442 1039 500 neque
1077 423 1165 498 qui
1210 423 1406 495 plantat
1428 425 1500 474 est
1525 414 1718 488 aliquid
1736 457 1751 481 ,
1774 429 1931 480 neque
1971 410 2056 505 qui

1697 296 1756 352 S.
1796 290 2162 351 AUGUSTINI
2203 289 2507 349 EPISCOPl

3609 297 3748 358 1096

2164 411 2525 465 carnalionem.
2559 411 2913 468 Commendat
2935 413 3092 470 nobis
3120 413 3314 470 divinae
3337 417 3476 472 circa
3505 431 3606 473 nos
3623 417 3748 488 alti;

682 485 902 593 sed—qui
935 485 1294 575 incrementum
1337 514 1426 568 dat
1470 485 1676 578 Deus-(1
1702 508 1820 562 Cor.
1869 521 1944 572 ιιι,
1977 504 2055 575 7).
2126 485 2139 526 ⁸
2167 501 2400 558 tudinem
2425 504 2608 573 gratiae
2624 505 2787 560 Filius
2815 507 2910 562 Dei
2933 508 3050 563 sine
3069 515 3310 578 tempore
3323 500 3556 566 natusex
3571 485 3750 570 Patre.

476 594 634 680 Modo
662 619 782 690 quia
803 617 1013 686 loquor,
1043 611 1165 682 quia
1201 621 1395 664 moneo
1417 646 1432 670 ,
1461 602 1586 675 quid
1631 615 1765 671 opus
1809 607 1911 664 est,
1959 594 2060 650 nisi

481 689 727 770 exaudiat
749 723 835 764 me
860 707 1004 762 Deus
1023 718 1121 774 pro
1147 701 1321 767 vobis,
1350 707 1404 753 et
1428 705 1548 767 agat
1575 692 1773 764 aliquid
1803 692 1856 746 in
1884 689 2054 754 vobis,

479 803 579 861 hoc
601 810 683 858 est
705 843 721 869 ,
752 801 806 856 in
832 797 1082 855 cordibus
1101 792 1336 850 vestris?
1362 788 1601 846 Breviter
1639 786 1758 841 dico
1774 826 1788 851 ,
1815 795 1870 840 et
1905 781 2062 837 vobis

473 891 812 958 commendo,
840 897 896 945 et
919 887 1106 943 ﬁdeles
1135 893 1332 949 terreo,
1357 889 1412 937 et
1440 894 1536 934 vos
1569 876 1794 933 aediﬁco.
1822 872 2060 930 Membra

471 985 670 1043 Christi
699 983 828 1038 estis
855 999 870 1038 :
897 979 1064 1035 nolite
1087 992 1193 1043 me,
1221 975 1317 1031 sed
1339 972 1653 1044 Apostolum
1680 967 1866 1023 audire
1890 983 1903 1020 :
1930 963 2059 1018 Tot-

475 1078 602 1144 iens,
635 1073 826 1145 inquit,
855 1069 1076 1125 membra
1103 1066 1320 1130 Christi,
1352 1063 1537 1131 faciam
1576 1057 1796 1114 membra
1833 1054 2058 1109 meretri-

473 1171 544 1225 cis
570 1167 590 1242 (
618 1165 706 1222 Id.
730 1181 805 1231 vi,
827 1164 915 1235 15)
938 1163 962 1216 ?
984 1159 1088 1218 Sed
1114 1159 1244 1214 dicit
1262 1156 1442 1212 nescio
1462 1154 1580 1224 quis
1613 1169 1626 1205 :
1663 1148 1914 1246 hieretrix
1952 1161 2058 1246 non

472 1269 556 1317 est
584 1241 752 1329 quam
799 1254 1004 1329 habeo,
1026 1248 1319 1306 concubina
1366 1260 1484 1300 mea
1513 1251 1614 1298 est.
1655 1241 1701 1296 Ο
1733 1247 1914 1295 sancte
1947 1241 2060 1306 epi-

473 1327 654 1419 scope,
684 1327 1020 1403 meretricem
1058 1339 1231 1396 fecisti
1271 1336 1624 1393 concubinam
1654 1331 1861 1387 meam!
1889 1329 2058 1384 Num-

471 1442 597 1513 quid
625 1455 723 1512 ego
748 1438 897 1495 dixi?
924 1434 1212 1506 Apostolus
1235 1431 1448 1496 clamat,
1478 1436 1532 1483 et
1560 1441 1660 1498 ego
1684 1424 1883 1480 incurri
1913 1424 2060 1478 calu-

471 1535 691 1591 mniam.
735 1533 846 1602 Ego
868 1538 923 1584 te
961 1527 1083 1583 volo
1122 1539 1243 1581 esse
1277 1537 1466 1577 sanum
1495 1537 1507 1572 :
1533 1520 1585 1573 in
1617 1535 1703 1573 me
1735 1532 1899 1587 quare
1927 1515 2060 1570 furis

472 1628 610 1682 sicut
635 1619 887 1680 insanus?
910 1619 1086 1674 Habes
1121 1629 1365 1679 uxorem,
1385 1612 1473 1681 qui
1505 1609 1610 1665 hoc
1634 1607 1806 1664 dicis?
1834 1606 2015 1663 Habeo
2040 1646 2056 1672 ,

471 1716 666 1788 inquis.
707 1713 851 1768 Bene
882 1729 894 1764 :
925 1709 1060 1764 velis
1101 1707 1269 1770 nolis,
1315 1704 1402 1758 illa
1443 1717 1562 1772 quae
1606 1709 1802 1771 praeter
1836 1711 2059 1752 uxorem

474 1819 648 1866 tecum
675 1805 889 1872 dormit,
912 1803 1022 1874 jam
1051 1801 1162 1856 dixi
1185 1797 1484 1866 ,meretrix
1513 1804 1612 1850 est.
1642 1793 1782 1850 Ecce
1805 1790 1939 1846 vade
1961 1831 1977 1854 ,
2006 1797 2061 1844 et

473 1902 559 1960 dic
588 1901 639 1957 ei
663 1899 785 1970 quia
815 1896 1063 1966 injuriam
1094 1891 1188 1946 tibi
1226 1889 1350 1946 fecit
1377 1889 1680 1958 episcOpus.
1719 1883 1894 1938 Habes
1930 1895 2062 1936 uxo—

474 2010 587 2051 rem
615 2002 758 2048 tuam
783 1989 1092 2060 legitimam,
1122 1994 1176 2040 et
1198 1983 1301 2037 alia
1331 1989 1506 2036 tecum
1531 1976 1729 2033 dormit
1751 1993 1766 2030 :
1787 1988 2060 2045 quiecum-

474 2101 578 2158 que
619 2093 702 2139 est
742 2081 831 2137 illa
852 2120 867 2143 ,
895 2079 1004 2148 jam
1030 2075 1172 2141 dixi,
1198 2073 1458 2129 meretrix
1485 2078 1586 2126 est.
1618 2067 1724 2123 Sed
1754 2073 1932 2121 servat
1965 2063 2061 2118 tibi

475 2192 610 2233 uxor
633 2185 722 2230 tua
746 2173 927 2238 ﬁdem,
957 2185 1055 2225 nec
1078 2170 1226 2223 novit
1250 2167 1410 2222 alium
1438 2163 1541 2218 nisi
1571 2171 1624 2218 te
1652 2160 1845 2224 solum,
1875 2168 1929 2214 et
1953 2172 2058 2212 non

475 2269 709 2340 disponit
733 2283 792 2322 se
808 2281 968 2322 nosse
988 2266 1238 2320 alterum.
1270 2259 1402 2315 Cum
1441 2257 1510 2314 sit
1535 2270 1663 2327 ergo
1693 2253 1780 2309 illa
1806 2261 1975 2317 casta,
2005 2261 2062 2306 tu

475 2376 639 2433 quare
667 2357 984 2414 fornicaris?
1011 2355 1066 2411 Si
1094 2355 1180 2408 illa
1216 2362 1266 2408 te
1277 2357 1473 2416 unum,
1497 2358 1552 2404 tu
1578 2362 1745 2418 quare
1764 2345 1934 2400 duas?
1955 2341 2062 2399 Sed

474 2456 608 2512 dicis
653 2472 666 2508 :
708 2452 911 2508 Ancilla
937 2464 1057 2505 mea
1091 2447 1383 2504 concubina
1422 2458 1542 2497 mea
1570 2450 1686 2508 est,
1715 2436 1970 2508 numquid
1996 2434 2061 2490 ad

476 2564 696 2606 uxorem
739 2547 966 2601 alienam
1010 2535 1455 2608 vado‘inumquid
1481 2535 1548 2590 ad
1588 2532 1923 2589 meretricem
1960 2545 2062 2599 pu-

475 2643 667 2699 blicam
693 2637 867 2692 vado?
896 2637 978 2690 An
1001 2648 1107 2690 non
1139 2631 1268 2686 licet
1302 2629 1430 2684 mihi
1455 2628 1506 2683 in
1533 2626 1695 2682 domo
1730 2639 1848 2678 mea
1888 2621 2063 2678 facere

477 2731 618 2804 quod
646 2728 808 2784 volo?
830 2728 958 2783 Dico
983 2724 1100 2788 tibi,
1127 2737 1236 2777 non
1260 2721 1404 2775 licet.
1437 2719 1492 2773 ln
1519 2717 1820 2788 gehennam
1841 2712 2059 2781 vadunt,

476 2823 567 2896 qui
591 2823 694 2876 hoc
715 2819 937 2884 faciunt,
970 2817 1023 2870 in
1053 2814 1380 2884 sempiterno
1410 2811 1530 2880 igne
1550 2807 1833 2864 ardebunt.

548 2913 773 2970 CAPUT
814 2911 902 2965 ιγ.
940 2939 1014 2950 --
1048 2909 1102 2963 4.
1137 2906 1341 2961 Marum
1370 2903 1609 2957 correctio
1631 2919 1729 2955 non
1759 2899 2060 2967 (ii/ferenda.

479 3007 578 3064 Vel
618 3006 706 3061 hic
743 3005 898 3059 liceat
937 2999 1067 3055 mihi
1106 2997 1269 3068 loqui,
1298 3006 1353 3052 et
1371 2996 1566 3049 dicere.
1591 2993 1869 3063 Corrigant
1896 3007 1954 3046 se
1973 2991 2063 3060 qui

478 3102 614 3156 tales
636 3105 779 3160 sunt,
811 3095 936 3148 dum
964 3093 1176 3155 vivunt;
1196 3105 1261 3143 ne
1283 3096 1463 3157 postea
1493 3085 1658 3140 velint
1681 3127 1695 3149 ,
1728 3094 1783 3139 et
1805 3099 1910 3138 non
1941 3098 2066 3153 pos-

477 3193 622 3249 sint:
654 3191 773 3261 quia
805 3185 980 3243 subito
1007 3183 1152 3236 venit
1188 3195 1362 3244 mors,
1396 3187 1449 3233 et
1469 3192 1574 3232 non
1599 3176 1793 3246 estqui
1829 3175 2063 3245 corriga-

480 3293 585 3351 tur,
610 3283 702 3338 sed
733 3281 822 3350 qui
852 3281 904 3335 in
934 3279 1110 3350 ignem
1138 3274 1395 3332 mittatur.
1424 3271 1493 3329 Et
1516 3268 1728 3344 quando
1747 3268 1925 3327 veniat
1951 3268 2063 3341 ipsa

478 3374 765 3432 novissima
796 3372 947 3433 hora,
973 3370 1226 3436 nescitur,
1255 3377 1308 3422 et
1326 3367 1538 3432 dicitur,
1570 3363 1811 3434 Corrigo.
1839 3363 2064 3430 Quando

479 3466 720 3536 corrigis,
751 3461 962 3534 quando
987 3460 1246 3515 mutaris?
1275 3459 1432 3522 Cras,
1464 3457 1658 3527 inquis.
1691 3455 1831 3510 Ecce
1856 3456 2065 3525 quoties

481 3556 646 3622 dicis,
675 3556 838 3619 Cras,
864 3568 1013 3616 cras;
1046 3550 1216 3605 factus
1253 3564 1313 3603 es
1356 3563 1569 3604 corvus.
1613 3546 1755 3601 Ecce
1792 3545 1913 3600 dico
1947 3544 2061 3610 tibi,

480 3665 600 3703 cum
628 3646 757 3702 facis
787 3661 971 3701 vocem
1006 3643 1279 3699 cervinam
1305 3684 1321 3708 ,
1349 3641 1580 3696 occurrit
1605 3639 1698 3695 tibi
1728 3639 1899 3694 ruina.
1930 3637 2063 3693 Nam

480 3739 570 3794 ille
599 3751 825 3802 corvus,
857 3735 1006 3805 cujus
1044 3749 1230 3788 vocem
1269 3731 1524 3796 imitaris,
1547 3731 1677 3785 exiit
1717 3729 1784 3785 de
1823 3744 1948 3783 arca
1969 3770 1983 3795 ,
2012 3737 2067 3783 et

480 3848 585 3887 non
625 3829 782 3885 rediit
827 3827 976 3899 (Gen.
1008 3843 1120 3895 vui,
1152 3826 1228 3896 7).
1268 3825 1345 3879 Tu
1387 3811 1587 3889 autem,
1634 3823 1824 3889 frater,
1852 3821 1968 3877 redi
2012 3821 2064 3876 in

479 3923 798 3987 Ecclesiam,
829 3935 987 3992 quam
1015 3928 1139 3974 tunc
1170 3918 1259 3972 illa
1296 3931 1418 3972 arca
1448 3914 1796 3986 signiﬁcabat.
1840 3913 1946 3970 Sed
1971 3929 2068 3969 vos

480 4031 568 4071 me
595 4014 803 4080 audite,
834 4027 868 4067 o
909 4011 1155 4080 baptizati
1177 4027 1191 4076 ;
1217 4007 1394 4063 audite
1425 4024 1540 4072 me,
1572 4021 1668 4061 vos
1711 4022 1806 4079 per
1851 4005 2066 4076 sangui-

480 4122 605 4162 nem
645 4104 841 4160 Christi
890 4102 1058 4158 renati
1104 4120 1118 4156 :
1163 4100 1388 4155 obsecro
1426 4114 1523 4152 vos
1557 4114 1652 4168 per
1694 4113 1888 4152 nomen
1926 4096 2066 4167 quod

480 4218 642 4274 super
664 4216 761 4255 vos
790 4202 1092 4254 invocatum
1119 4205 1222 4263 est,
1252 4211 1348 4266 per
1376 4193 1502 4248 illud
1528 4195 1693 4248 altare
1715 4192 1779 4247 ad
1807 4191 1948 4262 quod
1975 4207 2067 4246 ac-

481 4294 720 4351 cessistis
745 4294 785 4358 ¹,
816 4307 914 4362 per
936 4291 1280 4348 Sacramenta
1316 4303 1436 4358 quae
1474 4287 1752 4356 accepistis
1772 4327 1786 4350 ,
1810 4301 1906 4356 per
1926 4285 2069 4354 judi-

480 4387 622 4442 cium
653 4385 890 4440 futurum
932 4383 1172 4437 vivorum
1203 4390 1258 4436 et
1301 4390 1630 4434 mortuorum
1651 4395 1665 4444 ;
1690 4378 1914 4432 obsecro
1939 4392 2064 4444 vos,

481 4477 756 4548 obstringo
778 4491 875 4532 vos
905 4491 999 4547 per
1015 4491 1208 4530 nomen
1224 4473 1442 4538 Christi,
1465 4481 1522 4527 ut
1547 4487 1650 4525 non
1677 4469 1955 4524 imitemini
1977 4485 2070 4525 eos

482 4584 616 4640 quos
643 4569 776 4624 tales
814 4583 936 4624 esse
975 4566 1328 4637 cognoscitis;
1361 4563 1454 4620 sed
1495 4563 1636 4618 illius
1676 4569 2068 4616 sacramentum

482 4672 697 4718 maneat
724 4663 778 4718 in
807 4661 980 4728 vobis,
1008 4662 1098 4732 qui
1121 4661 1188 4716 de
1218 4660 1362 4730 ligno
1383 4656 1726 4714 .descendere
1754 4654 1943 4722 noluit,
1972 4653 2069 4709 sed

484 4757 728 4815 voluitde
754 4756 998 4828 sepulcro
1021 4768 1320 4824 resurgere.

946 4889 1178 4946 SERMO
1214 4884 1476 4942 ccxxv-
1497 4883 1596 4954 (a).

1007 4995 1056 5038 ιιι
1077 4989 1159 5038 die
1179 4987 1388 5047 Pascha,
1404 5001 1438 5035 ll
1460 4983 1548 5048 (b).

1096 5091 1176 5145 Ad
1200 5089 1452 5160 Infantes.

553 5206 785 5264 CAPUT
823 5204 1106 5263 PRIMUM.
1136 5234 1209 5244 —
1240 5204 1292 5257 1.
1325 5200 1552 5256 Christus
1575 5199 1697 5271 quid
1715 5209 1820 5252 erat
1852 5208 1966 5250 ante
1993 5197 2072 5250 in-

547 5323 562 5354 ²
585 5324 635 5367 in
675 5319 950 5383 Bemlgiano
988 5316 1346 5378 manuscripto,
1380 5309 1640 5371 acceditis;
1681 5319 1732 5360 et
1765 5308 1885 5358 infra
1905 5345 1918 5369 ,
1947 5307 2074 5358 acci-

552 5397 610 5434 ιδ.

481 5389 690 5506 μιξδᾷοη
713 5449 944 5506 repertus
967 5448 1045 5491 est
1060 5440 1216 5506 nisi_in
1236 5444 1316 5487 Ms.
1336 5437 1560 5487 Vaticano
1591 5442 1643 5484 et
1674 5437 1724 5484 in
1753 5441 1861 5483 Lov.

568 5523 597 5558 a
641 5503 789 5562 Alias,
806 5505 870 5554 de
889 5504 1098 5553 Diversis
1113 5503 1190 5551 53.

572 5503 621 5627 bi
645 5569 774 5627 Apud
799 5568 1120 5616 Lovanienses
1154 5564 1232 5627 hic
1263 5571 1424 5612 sermo
1443 5559 1737 5627 inscribitur.
1773 5574 1796 5603 α
1817 5557 1881 5605 de
1905 5557 2050 5627 Νειιὶγὶ

568 5523 597 5558 a
641 5508 783 5562 Alias,
806 5508 870 5554 de
889 5508 1098 5553 Diversis
1113 5508 1190 5551 53.

546 5508 621 5633 ibi
645 5568 1120 5633 Apudwvanienses
1154 5564 1232 5633 hic
1263 5571 1424 5612 sermo
1443 5559 1737 5633 inscribitur.
1773 5574 1796 5603 α
1817 5557 2075 5633 denisfa‘tivi:

483 5619 824 5688 tat‘e'Do'tnini;
847 5645 870 5672 ιν
920 5631 969 5678 in
1012 5633 1095 5676 Ms.
1123 5626 1357 5689 Vaticano,
1389 5641 1412 5669 «
1432 5623 1497 5689 de
1534 5623 1782 5689 Trinitatis.
1809 5636 1831 5662 ιι
1884 5619 1976 5666 Sed
2009 5631 2071 5689 ex

484 5683 644 5753 capue
665 5683 837 5753 quarto
858 5691 1014 5753 liquet
1035 5688 1264 5753 habiturn
1287 5698 1400 5753 esse
1433 5687 1489 5753 in
1517 5683 1846 5753 die_Pascha;_;
1873 5693 1970 5753 quo
1999 5683 2074 5750 ni-

686 5742 778 5803 'die
822 5742 1071 5816 bap'ttratis
1107 5750 1367 5814 legebatur
1389 5747 1577 5797 initium
1601 5742 1842 5808 Evangelii
1881 5742 2075 5792 Joannis

2163 592 2300 660 Quid
2326 595 2468 649 enim
2491 607 2602 651 erat
2624 607 2906 668 antequam
2929 609 3074 656 esset
3098 601 3149 656 in
3175 600 3424 658 homine?
3446 604 3636 660 Putate
3657 622 3754 662 vos

2164 687 2421 756 quaesisse
2456 696 2616 759 atque
2662 689 2880 746 dixisse.
2915 692 3167 748 Putamus
3205 691 3376 761 enim,
3401 695 3593 751 fratres
3624 698 3754 765 mei,

2165 786 2446 849 antequam
2469 779 2713 836 Christus
2738 781 2807 838 de
2833 782 2995 838 Maria
3023 785 3228 855 virgine
3256 797 3586 855 nasceretur,
3614 799 3752 857 erat,

2163 884 2229 924 an
2261 885 2367 926 non
2413 872 2567 926 erat?
2597 872 2787 929 Putate
2828 889 2928 930 nos
2967 891 3245 946 quaerere,
3286 877 3426 933 unde
3475 895 3583 934 non
3632 881 3758 936 licet

2163 960 2427 1017 dubitare.
2480 963 2570 1018 llis
2619 965 2798 1034 itaque
2868 965 3278 1036 cogitationibus
3331 967 3446 1038 ipse
3492 970 3756 1025 Dominus

2163 1055 2457 1124 reSpondit,
2483 1056 2697 1126 quando
2721 1056 2771 1112 ei
2802 1056 3001 1112 dictum
3030 1067 3113 1112 est
3137 1077 3148 1112 :
3183 1058 3563 1130 Quinquaginta
3591 1077 3756 1116 annos

2164 1147 2390 1200 nondum
2411 1147 2582 1215 habes,
2611 1158 2658 1202 et
2677 1149 2934 1202 Abraham
2960 1150 3128 1203 vidisti
3149 1150 3174 1202 ?
3199 1149 3496 1219 Respondit
3513 1152 3679 1215 enim,
3702 1161 3760 1207 et

2163 1237 2296 1294 dixit
2323 1257 2334 1292 :
2366 1238 2548 1308 Amen,
2574 1257 2721 1295 amen
2749 1241 2862 1294 dico
2882 1242 3018 1294 vobis
3036 1281 3050 1305 ,
3080 1250 3348 1314 antequam
3376 1241 3632 1294 Abraham
3664 1243 3760 1311 ﬁe-

2162 1339 2257 1394 ret,
2287 1347 2377 1401 ego
2395 1347 2511 1384 cum
2535 1330 2711 1404 (Joun.
2739 1347 2852 1398 Vill,
2881 1331 2971 1400 57,
3001 1329 3114 1404 58).
3145 1331 3286 1402 Ergo
3311 1341 3445 1397 erat,
3473 1331 3569 1388 sed
3592 1331 3761 1388 homo

2163 1423 2400 1477 nondum
2438 1432 2572 1478 erat.
2603 1424 2680 1479 Ne
2719 1423 2858 1480 forte
2897 1424 3092 1494 aliquis
3135 1424 3298 1493 dicat,
3340 1425 3576 1496 Angelus
3599 1435 3754 1492 erat;

2162 1523 2404 1568 sanctum
2433 1514 2778 1584 Evangelium
2820 1513 2954 1569 dixit
2993 1514 3144 1569 vobis
3177 1515 3298 1585 quia
3336 1515 3582 1570 Christus
3614 1527 3756 1573 erat.

2162 1605 2231 1660 Et
2271 1605 2508 1676 quwritis
2552 1606 2677 1677 quid
2705 1605 2859 1661 erat?
2883 1605 2951 1660 In
2981 1607 3229 1678 principio
3267 1617 3373 1662 erat
3427 1606 3643 1663 Verbum
3667 1651 3684 1678 ,
3705 1619 3759 1665 et

2172 1695 2388 1750 Verbum
2416 1709 2523 1751 erat
2550 1699 2688 1768 apud
2715 1697 2896 1752 Deum.
2935 1700 3071 1754 Ecce
3109 1698 3250 1768 quod
3285 1709 3431 1764 erat,
3464 1699 3530 1753 In
3559 1701 3760 1772 princi-

2164 1787 2248 1856 pio
2268 1798 2374 1841 erat
2413 1787 2645 1845 Verbum.
2671 1789 2786 1844 Non
2813 1800 2891 1844 est
2915 1789 2966 1843 in
2991 1789 3248 1860 principio
3273 1789 3469 1847 factum
3495 1791 3757 1860 Verbum,

2163 1878 2258 1934 sed
2285 1889 2392 1933 erat
2430 1879 2664 1934 Verbum.
2697 1881 2772 1936 De
2809 1881 2914 1935 isto
2936 1892 3115 1936 autem
3149 1881 3349 1936 mundo
3369 1883 3492 1936 audi
3517 1883 3647 1954 quid
3675 1883 3764 1938 di-

2163 1971 2237 2026 cit
2257 1971 2530 2042 Scriptura
2558 1991 2570 2026 :
2601 1971 2668 2026 In
2694 1974 2944 2043 principio
2983 1974 3100 2044 fecit
3121 1973 3258 2028 Deus
3284 1975 3465 2029 caelum
3488 1986 3536 2029 et
3566 1986 3759 2031 terram

2169 2063 2319 2134 (Gen.
2351 2082 2390 2131 ι,
2425 2065 2503 2136 1).
2537 2067 2784 2134 Quaeritis
2810 2083 2907 2138 per
2937 2067 3077 2137 quod
3103 2068 3262 2122 fecit?
3284 2067 3350 2123 In
3373 2069 3625 2139 principio
3649 2082 3761 2125 erat

2174 2155 2409 2221 Verbum,
2440 2172 2537 2226 per
2563 2157 2704 2228 quod
2735 2161 2886 2213 ﬁeret
2909 2159 3106 2214 caelum
3138 2170 3194 2214 et
3220 2169 3379 2215 terra.
3409 2160 3526 2216 Non
3558 2173 3643 2218 est
3673 2163 3758 2217 fa-

2164 2255 2345 2313 ctum,
2374 2247 2468 2302 sed
2504 2258 2609 2302 erat
2656 2247 2890 2304 Verbum.
2932 2250 3050 2304 lam
3097 2260 3264 2306 restat
3305 2265 3548 2322 quaerere
3600 2255 3763 2324 quale

2166 2337 2397 2393 Verbum
2430 2356 2441 2392 :
2470 2340 2595 2409 quia
2625 2341 2785 2396 verba
2825 2340 3075 2395 dicuntur
3093 2350 3147 2396 et
3172 2353 3372 2396 nostra.
3411 2343 3607 2399 Nostra
3637 2347 3761 2416 qui-

2167 2427 2287 2485 dem
2315 2430 2478 2486 verba
2504 2432 2826 2501 cogitatione
2845 2433 3246 2502 concipiuntur,
3279 2450 3411 2490 voce
3444 2437 3758 2506 pariuntur;

2166 2530 2219 2576 et
2246 2532 2420 2577 tamen
2465 2523 2695 2593 cogitata
2739 2533 2794 2578 et
2833 2523 3036 2593 prolata
3064 2533 3359 2580 transeunt.
3393 2526 3524 2580 Illud
3575 2539 3756 2585 autem

2167 2613 2324 2682 quid?
2353 2611 2420 2666 Et
2460 2612 2676 2667 Verbum
2702 2624 2808 2669 erat
2851 2614 2989 2684 apud
3035 2613 3221 2668 Deum.
3249 2615 3345 2671 Dic
3375 2615 3465 2671 ubi
3494 2627 3609 2672 erat
3631 2661 3646 2686 ,
3673 2619 3766 2675 dic

2167 2705 2293 2776 quid
2313 2715 2446 2761 erat.
2479 2705 2594 2760 Jam
2621 2705 2749 2760 dixi.
2791 2707 3042 2762 Sanctum
3085 2706 3430 2776 Evangelium
3453 2707 3587 2763 dixit
3615 2711 3710 2767 tibi
3743 2729 3759 2764 :

2167 2795 2235 2851 In
2262 2799 2509 2868 principio
2539 2808 2643 2852 erat
2668 2797 2904 2852 Verbum.
2929 2799 3025 2853 Dic
3050 2799 3138 2854 ubi
3159 2808 3308 2866 erat,
3340 2799 3427 2855 dic
3466 2802 3596 2872 quid
3619 2815 3760 2860 erat.

2168 2887 2238 2944 Et
2275 2889 2490 2944 Verbum
2520 2901 2624 2944 erat
2665 2891 2804 2961 apud
2841 2890 3026 2945 Deum.
3059 2890 3167 2946 Sed
3213 2907 3314 2962 ego
3347 2894 3569 2962 quaesivi
3604 2897 3764 2964 quale

2169 2983 2420 3038 Verbum.
2453 2983 2626 3038 Vultis
2663 2984 2847 3040 audire
2887 2983 3013 3055 quid
3045 2985 3200 3039 erat?
3227 2985 3291 3038 Et
3332 2984 3473 3039 Deus
3495 2996 3601 3040 erat
3636 2987 3766 3042 Ver-
3801 3032 3806 3037 .

2168 3076 2305 3129 bum.
2335 3076 2378 3131 Ο
2403 3076 2629 3130 Verbum
2657 3077 2670 3130 !
2703 3077 2861 3146 quale
2904 3075 3139 3132 Verbum
3158 3067 3188 3131 ’ἶ
3206 3076 3337 3144 Quis
3379 3080 3609 3149 esplicet
3635 3096 3764 3136 ver-

2168 3168 2293 3222 bum
2320 3185 2332 3222 :
2356 3165 2424 3221 Et
2444 3168 2583 3222 Deus
2610 3177 2715 3221 erat
2748 3167 2986 3224 Verbum.
3025 3167 3131 3223 Sed
3167 3168 3305 3226 forte
3333 3169 3530 3228 [ιεωιιι
3553 3187 3584 3228 a
3612 3172 3722 3229 Deo
3739 3177 3766 3228 ?

2169 3257 2340 3316 Absit.
2370 3256 2506 3315 Audi
2533 3257 2658 3331 quid
2684 3257 2813 3315 dicit
2855 3270 3098 3316 sanctum
3144 3261 3492 3332 Evangelium
3523 3284 3536 3316 :
3573 3263 3765 3318 Omnia

2169 3369 2261 3425 per
2285 3355 2449 3424 ipsum
2469 3357 2606 3425 facta
2632 3361 2745 3408 sunt
2777 3352 2953 3424 (Joan.
2983 3337 3024 3420 ἰ,
3052 3354 3188 3424 1-5).
3217 3353 3354 3422 Quid
3383 3363 3466 3410 est
3485 3397 3499 3421 ,
3531 3355 3717 3409 Omnia
3737 3358 3767 3411 .’

2169 3445 2433 3515 Quidquid
2463 3445 2656 3500 factum
2689 3455 2770 3501 est
2790 3462 2819 3499 a
2848 3446 2980 3513 Deo,
3006 3461 3100 3516 per
3129 3445 3304 3516 ipsum
3341 3445 3535 3500 factum
3558 3457 3658 3501 est.
3696 3448 3766 3502 Et

2169 3538 2435 3608 quomodo
2475 3539 2588 3608 ipse
2620 3537 2789 3592 factus
2827 3545 2941 3604 est,
2965 3537 3049 3608 qui
3089 3539 3265 3592 omnia
3304 3537 3467 3592 fecit?
3492 3537 3760 3609 Numquid

2169 3631 2283 3701 ipse
2311 3647 2369 3686 se
2389 3631 2553 3686 fecit?
2580 3631 2858 3686 Postremo
2879 3630 2923 3685 si
2955 3631 3070 3700 ipse
3095 3646 3153 3686 se
3174 3630 3320 3698 fecit,
3341 3631 3434 3701 qui
3468 3647 3528 3686 se
3562 3631 3768 3687 faceret

2170 3732 2303 3778 erat.
2359 3723 2417 3779 Si
2477 3738 2606 3794 ergo
2657 3731 2773 3778 erat
2822 3723 2911 3793 qui
2945 3738 3005 3778 se
3061 3722 3298 3788 faceret,
3341 3738 3609 3793 nunquam
3655 3739 3764 3780 non

2171 3825 2285 3871 erat
2307 3818 2346 3871 ’.

2241 3908 2466 3964 CAPUT
2506 3907 2570 3962 ll.
2598 3936 2670 3948 -—
2695 3906 2750 3961 2.
2782 3904 3077 3961 Incarnatio
3115 3905 3300 3961 Chriin
3339 3922 3465 3977 Opus
3502 3914 3577 3960 est
3613 3906 3769 3960 totius

2171 3999 2457 4056 Trinitatis.
2475 3999 2785 4069 Virginitatis
2821 3998 3136 4069 propositum
3170 3997 3224 4051 in
3253 3996 3443 4050 Maria.
3485 3997 3769 4065 Quomodo

2172 4093 2227 4147 in
2255 4093 2460 4162 virgine
2492 4091 2593 4144 tale
2620 4089 2889 4145 Verbum?
2919 4087 3104 4143 Omnia
3139 4105 3226 4158 per
3252 4089 3421 4159 ipsum
3461 4087 3598 4158 facta
3620 4098 3764 4144 sunt.

2172 4183 2307 4251 Quid
2346 4191 2446 4246 est,
2491 4181 2712 4234 Omnia?
2752 4178 3016 4249 Quidquid
3062 4178 3258 4234 factum
3306 4185 3392 4233 est
3431 4194 3462 4234 a
3503 4179 3636 4245 Deo,
3667 4195 3767 4249 per

2174 4276 2347 4346 ipsum
2391 4275 2585 4330 factum
2631 4283 2729 4329 est.
2775 4272 2913 4336 Noli,
2957 4272 3140 4337 frater,
3189 4271 3256 4326 ab
3282 4271 3386 4326 isto
3413 4280 3562 4326 tanto
3600 4287 3769 4341 opere

2175 4382 2424 4438 separare
2451 4365 2707 4435 Spiritum
2737 4373 3001 4418 sanctum.
3034 4363 3077 4417 A
3105 4377 3212 4433 quo
3241 4370 3390 4417 tanto
3415 4363 3620 4433 opere?
3643 4363 3765 4418 Non

2175 4479 2394 4534 parvum
2441 4475 2594 4532 Opus,
2641 4473 2892 4528 magnum
2934 4472 3071 4527 opus
3115 4465 3241 4511 sunt
3275 4457 3460 4528 Angeli
3502 4472 3767 4513 :carnem

2177 4555 2375 4610 Christi
2405 4553 2676 4606 sedentem
2706 4549 2772 4604 ad
2800 4549 3073 4604 dexteram
3103 4547 3276 4603 Patris
3300 4549 3526 4604 adorant
3553 4551 3766 4620 Angeli.

2177 4647 2305 4701 Tale
2328 4660 2454 4715 ergo
2479 4658 2614 4713 opus
2638 4650 2888 4712 operatus
2907 4651 2989 4696 est
3017 4641 3254 4696 maxime
3273 4641 3503 4710 Spiritus
3528 4651 3768 4697 sanctus.

2175 4738 2232 4793 In
2260 4739 2360 4794 isto
2385 4751 2547 4806 opere
2571 4735 2972 4806 cognominatus
2993 4745 3095 4798 est,
3119 4734 3330 4805 quando
3343 4743 3542 4790 sanctae
3555 4734 3764 4804 Virgini

2175 4846 2272 4901 per
2308 4830 2556 4900 angelum
2601 4829 2806 4882 futurus
2852 4827 3126 4882 nuntiatus
3173 4835 3255 4881 est
3306 4826 3466 4880 ﬁlius.
3511 4827 3600 4880 illa
3638 4826 3766 4897 quia

2176 4931 2527 4995 proposuerat
2556 4922 2940 4992 virginitatem,
2981 4927 3038 4976 et
3069 4929 3184 4975 erat
3222 4920 3443 4974 maritus
3481 4920 3616 4989 ejus,
3659 4935 3769 4974 non

2177 5017 2401 5083 ablator,
2450 5015 2542 5070 sed
2585 5024 2767 5069 custos
2816 5013 3035 5084 pudoris
3068 5031 3081 5067 :
3111 5013 3217 5066 imo
3256 5027 3362 5066 non
3399 5021 3598 5077 custos,
3641 5015 3770 5082 quia

2178 5109 2318 5162 Deus
2363 5104 2724 5169 custodiebat;
2778 5103 2872 5158 sed
2916 5104 3065 5158 testis
3107 5101 3324 5172 pudoris
3359 5103 3631 5173 virginalis
3667 5103 3771 5157 fuit

2177 5200 2422 5262 maritus,
2470 5213 2537 5252 ne
2569 5197 2637 5251 de
2662 5195 2923 5250 adulterio
2950 5193 3164 5264 gravida
3208 5203 3480 5262 putaretur
3510 5213 3522 5248 :
3553 5196 3771 5264 quando

2179 5293 2227 5348 ei
2251 5292 2511 5347 nuntiavit
2537 5289 2776 5360 angelus,
2807 5288 2902 5354 ait,
2934 5286 3199 5354 Quomodo
3228 5287 3315 5357 ﬁet
3345 5288 3498 5352 istud,
3528 5290 3794 5371 quoniam

2177 5478 2232 5520 ut.
2252 5483 2312 5519 ex
2341 5483 2400 5518 eo
2414 5461 2644 5531 caperent
2660 5464 2961 5531 altitudinem
2981 5463 3171 5531 divinae
3193 5463 3382 5525 gratiae,
3405 5474 3502 5531 qua
3523 5461 3774 5531 [aliusper

2178 5541 2320 5581 natus
2342 5523 2547 5580 hominis
2568 5529 2694 5577 ﬁlius
2713 5530 2843 5589 ipsos
2865 5523 3628 5589 bominesregeneratos‘fecerat
3649 5523 3776 5573 ﬁlios

2179 5595 2281 5643 Dei.
2307 5601 2419 5641 Sunt
2441 5596 2487 5640 in
2527 5586 2747 5639 eamdem
2769 5601 2875 5636 rem
2899 5599 3062 5648 supra,
3087 5587 3237 5634 habiti
3263 5586 3437 5634 eodem
3461 5587 3560 5646 die,
3583 5599 3774 5637 sermov

2179 5669 2270 5706 nes
2295 5657 2398 5712 lli),
2428 5655 2516 5703 120
2536 5662 2585 5702 et
2610 5652 2714 5700 121.

2246 5740 2263 5770 ί
2289 5740 2360 5789 Sic
2383 5739 2630 5788 Vaticanus
2655 5742 2735 5787 Ms.
2763 5741 2818 5785 At
2841 5733 2987 5791 editi,
3012 5729 3244 5795 mtmquid
3263 5744 3356 5784 non
3377 5735 3520 5785 erat?
