4070 6330
372 278 504 335 1097

369 396 533 448 virum
576 409 679 452 non
716 396 1000 468 cogam!
1038 396 1095 454 Si
1127 410 1450 469 cognoscere
1473 396 1798 473 disponeret,
1843 417 1950 458 non

368 489 674 543 miraretur.
716 486 812 543 Illa
857 487 1170 557 admiratio,
1215 492 1471 564 propositi
1510 501 1593 550 est
1628 493 1951 562 testiﬁcatio,

373 578 639 646 Quomodo
668 579 756 650 ﬁet
802 580 940 637 ittud
966 622 980 647 ,
1019 583 1258 653 quoniam
1311 585 1474 639 virum
1514 603 1616 642 non
1658 603 1906 660 cognosco
1931 588 1958 642 ?

372 673 639 740 Quantulo
667 674 793 742 net!
834 675 901 731 Et
940 677 1159 748 angelus
1195 676 1263 734 ad
1300 694 1456 736 eam:
1486 680 1712 755 Spiritus
1752 693 1957 740 sanctus

366 776 677 838 superveniet
696 783 750 822 in
777 776 842 822 te.
874 768 1011 825 Ecce
1039 770 1306 842 quomodo
1328 772 1418 830 ﬁet
1444 774 1586 845 quod
1621 776 1818 847 quaeris
1846 792 1859 830 :
1889 775 1959 831 Et

368 858 527 912 virtus
550 858 801 914 Altissimi
824 858 1136 917 obumbrabit
1161 863 1269 919 tibi.
1306 863 1529 937 Ideoque
1563 868 1698 939 quod
1724 878 1959 924 nascetur

367 964 431 1003 ea:
468 958 519 1003 te
550 947 816 1017 Sanctum,
843 950 1101 1008 vocabitur
1141 953 1308 1011 Filius
1329 955 1428 1012 Dei
1473 956 1623 1028 (Luc.
1655 975 1694 1025 ι,
1721 960 1811 1025 51,
1842 961 1932 1031 55)

365 1039 435 1096 Et
480 1041 619 1097 bene
656 1041 829 1109 dixit,
880 1043 1207 1101 Obumbrabit
1251 1049 1337 1103 tibi
1376 1064 1395 1103 :
1429 1064 1497 1105 ne
1540 1059 1629 1105 tua
1682 1051 1959 1123 virginitas

282 1110 285 1111 ν
366 1143 557 1188 aestum
583 1133 814 1190 libidinis
841 1139 1053 1192 sentiat.
1094 1139 1163 1194 Et
1199 1155 1319 1195 cum
1350 1157 1631 1213 praegnans
1656 1153 1827 1212 esset,
1872 1144 1957 1201 di-

365 1234 509 1281 ctum
533 1236 617 1282 est
634 1227 702 1283 de
723 1227 831 1297 illa,
861 1227 1073 1285 Inventa
1100 1241 1181 1288 est
1226 1231 1396 1287 Maria
1434 1234 1621 1291 habens
1659 1237 1721 1291 de
1759 1236 1959 1309 Spiritu

364 1327 539 1374 sancto
568 1319 619 1373 in
658 1329 797 1374 utero
824 1318 1035 1394 (Matth.
1073 1339 1110 1391 I,
1138 1324 1248 1396 18).
1277 1324 1541 1396 Operatus
1570 1339 1806 1400 estergo
1834 1328 1957 1400 Spi-

364 1412 499 1468 ritus
525 1423 740 1468 sanctus
767 1428 983 1470 carnem
1003 1415 1221 1472 Christi.
1243 1417 1504 1489 Operatus
1525 1430 1607 1477 est
1630 1430 1685 1478 et
1710 1422 1825 1494 ipse
1840 1425 1959 1479 uni-

364 1507 574 1577 genitus
622 1506 785 1562 Filius
835 1507 928 1562 Dei
972 1522 1188 1565 carnem
1232 1524 1404 1566 suam.
1434 1512 1585 1569 Unde
1633 1516 1958 1585 probamus?

363 1597 500 1667 Quia
530 1597 655 1652 inde
683 1598 757 1652 ait
783 1597 1057 1669 Scriptura
1085 1618 1099 1656 :
1136 1600 1403 1674 Sapientia
1430 1603 1706 1676 tediﬁcauit
1731 1605 1826 1662 sibi
1859 1607 1955 1661 do-

366 1707 506 1744 mum
529 1689 715 1763 (Prov.
744 1707 816 1758 Ix,
843 1692 920 1764 1).

433 1783 486 1839 3.
530 1781 891 1837 Incarnatione
913 1784 1162 1853 quomodo
1192 1784 1411 1841 Verbum
1430 1804 1532 1843 non
1548 1792 1750 1845 recessit
1779 1808 1810 1844 a
1845 1790 1954 1844 Pa-

360 1881 454 1929 tre.
502 1874 644 1945 Ergo
671 1875 1090 1933 animadvertite.
1141 1877 1343 1936 Tantus
1391 1880 1563 1947 Deus,
1620 1882 1761 1938 Deus
1808 1884 1949 1954 apud

360 1965 529 2021 Deum
549 2008 564 2033 ,
589 1966 823 2023 Verbum
867 1970 960 2025 Dei
983 1986 1078 2039 per
1095 1971 1236 2041 quod
1263 1971 1403 2029 facta
1431 1984 1555 2030 sunt
1583 1977 1781 2043 omnia,
1813 1994 1951 2048 quo-

360 2057 524 2112 modo
551 2058 603 2112 in
636 2054 793 2115 utero
842 2060 1160 2117 includitur?
1188 2063 1423 2119 Primum
1454 2075 1513 2121 ut
1548 2066 1619 2122 ibi
1645 2077 1788 2123 esset
1815 2068 1954 2125 Ver-

356 2146 507 2215 bum,
540 2149 776 2205 deserﬁit
794 2151 1026 2208 omium?
1049 2152 1115 2209 Ut
1139 2164 1281 2210 esset
1310 2156 1361 2211 in
1391 2166 1544 2213 utero
1570 2159 1792 2230 virginis
1815 2159 1951 2217 Ver-

357 2244 505 2310 bum,
538 2243 774 2300 deseruit
816 2245 1049 2302 cmlum?
1090 2247 1157 2303 Et
1201 2248 1341 2305 unde
1384 2252 1571 2321 Angeli
1610 2252 1871 2323 viverent,
1902 2256 1949 2311 si

358 2334 595 2391 Verbum
620 2336 857 2392 deseruit
900 2338 1136 2395 caelum?
1162 2338 1268 2395 Sed
1314 2350 1373 2396 ut
1398 2358 1589 2411 panem
1621 2345 1945 2416 Angelorum

355 2426 701 2483 manducaret
743 2427 925 2494 homo,
971 2430 1229 2487 Dominus
1273 2432 1599 2504 Angelorum
1646 2436 1820 2495 factus
1865 2449 1949 2497 est

356 2517 538 2575 homo.
590 2520 779 2576 Adhuc
826 2521 1079 2592 cogitatio
1121 2523 1352 2580 humana
1410 2536 1555 2583 erret
1601 2544 1698 2600 per
1725 2531 1948 2590 nebulas

352 2624 503 2677 suas,
534 2610 769 2679 deﬁciat,
825 2620 1049 2683 quaerat,
1096 2614 1257 2684 dicat,
1292 2625 1349 2672 ut
1397 2618 1652 2689 inveniat,
1678 2625 1947 2692 quomodo

354 2703 590 2759 Verbum
623 2703 721 2759 Dei
752 2705 805 2758 in
855 2713 1008 2761 utero
1032 2706 1272 2777 virginis,
1305 2724 1401 2779 per
1454 2711 1598 2782 quod
1646 2713 1781 2769 facta
1825 2723 1950 2772 sunt

356 2797 555 2863 omnia,
599 2797 831 2868 Angelos
862 2814 967 2854 non
996 2799 1251 2867 deseruit,
1284 2800 1497 2858 Patrem
1539 2819 1644 2859 non
1689 2805 1946 2863 deseruit.

354 2887 634 2956 Quomodo
659 2889 714 2943 in
738 2889 830 2944 illo
856 2899 1011 2946 utero
1034 2891 1232 2947 includi
1259 2892 1463 2963 potuit?
1490 2896 1621 2950 Esse
1645 2898 1834 2966 potuit,
1858 2899 1944 2953 in-

354 2980 500 3036 cludi
528 2994 636 3035 nou
666 2982 853 3051 potuit.
882 2982 1183 3051 Quomodo,
1204 2984 1395 3055 inquit,
1421 3000 1543 3043 esse
1575 2989 1744 3057 potuit
1767 2997 1947 3047 tantus

354 3071 555 3127 inloco
585 3071 829 3127 tantillo?
870 3074 1011 3145 Ergo
1062 3075 1204 3145 cepit
1234 3085 1435 3143 uterus,
1467 3078 1613 3148 quod
1658 3095 1766 3136 non
1803 3084 1947 3154 capit

354 3163 602 3219 mundus.
652 3163 760 3220 Nec
787 3164 1081 3222 minoratus
1128 3174 1231 3232 est,
1274 3175 1337 3221 ut
1378 3178 1522 3225 esset
1571 3170 1626 3224 in
1670 3181 1842 3229 utero.
1887 3174 1947 3230 In

353 3265 506 3313 utero
529 3264 666 3325 erat,
694 3265 749 3312 et
777 3265 960 3313 tantus
988 3267 1123 3315 erat.
1153 3260 1393 3329 Quantus
1422 3262 1571 3318 erat?
1599 3263 1695 3320 Dic
1713 3274 1947 3336 quantus

352 3360 489 3419 erat,
512 3350 609 3405 'dic
637 3350 781 3421 quod
809 3362 944 3407 erat.

420 3445 648 3502 CAPUT
686 3445 773 3501 Ill.
802 3476 871 3488 —
913 3447 981 3501 Et
1014 3445 1231 3502 Verbum
1280 3460 1390 3504 erat
1433 3452 1575 3522 apud
1611 3451 1797 3508 Deum.
1852 3456 1947 3512 Dic

351 3538 495 3609 quod
521 3545 656 3593 erat.
679 3535 749 3591 Et
777 3536 917 3593 Deus
941 3547 1048 3592 erat
1081 3536 1317 3593 Verbum.
1339 3540 1405 3595 Et
1425 3557 1526 3612 ego
1547 3544 1679 3612 scio,
1703 3545 1940 3617 inquam,

354 3630 447 3700 qui
476 3638 649 3684 tecum
676 3629 895 3699 loquor;
920 3645 1019 3686 nec
1036 3645 1136 3701 ego
1159 3632 1557 3703 comprehendo
1586 3652 1598 3688 :
1624 3637 1718 3691 sed
1744 3638 1946 3708 cogita-

358 3723 434 3779 tio
460 3723 584 3777 facit
609 3736 710 3778 nos
746 3722 983 3791 extendi,
1031 3726 1270 3780 extensio
1317 3725 1503 3781 dilatat
1528 3743 1646 3796 nos,
1700 3729 1943 3788 dilatatio

352 3830 453 3870 nos
478 3829 702 3884 capaces
726 3813 869 3870 facit.
902 3814 1011 3871 Nec
1049 3816 1171 3871 facti
1213 3832 1436 3887 capaces
1476 3827 1646 3875 totum
1693 3836 1942 3894 compre-

262 3928 271 3933 τ
353 3906 590 3963 hendere
633 3905 973 3978 poterimus:
1002 3907 1094 3962 sed
1123 3908 1287 3964 verbo
1331 3924 1454 3965 meo
1496 3911 1770 3969 vobiscum
1814 3932 1936 3987 ago.

354 3999 495 4054 Ecce
520 3998 663 4069 quod
691 3998 833 4065 dico,
858 3999 999 4069 quod
1029 3998 1268 4055 dicturus
1296 4016 1437 4068 sum,
1470 4002 1573 4058 hoc
1595 4004 1791 4072 audite,
1837 4006 1941 4064 hoc

352 4090 792 4161 comprehendite
820 4090 1043 4146 verbum
1087 4107 1286 4160 meum,
1320 4093 1423 4149 hoc
1459 4104 1545 4151 est
1584 4097 1806 4154 verbum
1836 4098 1940 4155 hu-

352 4199 589 4239 manum.
619 4183 676 4239 Si
711 4190 887 4238 autem
915 4197 1013 4240 nec
1044 4184 1143 4239 hoc
1183 4187 1641 4254 comprehendere
1670 4192 1936 4263 poteritis,

352 4276 529 4331 videte
554 4275 623 4331 ab
652 4275 743 4331 illo
785 4290 946 4346 quam
985 4275 1142 4347 longe
1167 4277 1302 4331 sitis.
1334 4277 1494 4335 Certe
1521 4281 1780 4338 miramur
1808 4300 1940 4355 quo-

352 4368 513 4423 modo
538 4367 783 4424 Christus
826 4382 1041 4423 carnem
1078 4369 1302 4439 accepit,
1332 4369 1400 4425 de
1423 4371 1628 4443 virgine
1650 4383 1804 4430 natus
1833 4386 1934 4444 est,

349 4468 406 4515 et
433 4476 462 4514 a
493 4460 651 4515 Patre
680 4474 785 4514 non
822 4460 1044 4516 recessit
1070 4476 1083 4513 :
1115 4475 1239 4516 ecce
1264 4476 1365 4532 ego
1406 4464 1496 4533 qui
1549 4465 1823 4521 vobiscum
1853 4468 1938 4523 lo-

350 4567 506 4623 quor,
537 4561 821 4623 antequam
849 4552 916 4607 ad
945 4567 1046 4608 vos
1074 4554 1331 4622 venirem,
1376 4556 1603 4624 cogitavi
1643 4569 1768 4615 ante
1792 4561 1935 4631 quod

356 4644 508 4699 vobis
534 4645 788 4699 dicerem.
815 4644 1041 4713 Quando
1072 4647 1301 4716 cogitavi
1329 4646 1475 4717 quod
1498 4647 1651 4705 vobis
1678 4650 1933 4721 dicerem,

349 4736 462 4807 jam
492 4737 546 4792 in
573 4736 736 4793 corde
763 4752 885 4793 meo
928 4736 1149 4793 verbum
1180 4747 1314 4794 erat.
1344 4738 1462 4795 Non
1490 4741 1635 4797 enim
1661 4744 1813 4801 vobis
1856 4746 1939 4802 di-

352 4846 551 4895 cerem,
567 4831 668 4886 nisi
690 4839 813 4886 ante
833 4830 1143 4902 cogitarem.
1160 4829 1345 4887 Inveni
1365 4841 1415 4887 te
1426 4833 1694 4901 Latinum,
1714 4837 1934 4896 latinum

354 4922 449 4977 tibi
466 4921 839 4993 proferendum
861 4930 944 4977 est
967 4921 1204 4977 verbum.
1227 4922 1282 4979 Si
1309 4931 1486 4978 autem
1516 4924 1737 4982 ercus
1755 4944 1903 4985 esses
1918 4973 1933 4999 ,

349 5029 523 5085 graece
567 5014 661 5069 tibi
696 5014 840 5085 loqui
865 5013 1146 5082 deberem,
1185 5023 1239 5069 et
1265 5014 1581 5086 proferread
1617 5025 1671 5073 te
1714 5021 1936 5079 verbum

353 5121 607 5177 graecum.
628 5105 761 5161 Illud
783 5105 1007 5161 verbum
1024 5106 1077 5160 in
1105 5106 1267 5162 corde
1286 5122 1387 5163 nec
1404 5108 1624 5164 latinum
1670 5120 1786 5180 est,
1836 5130 1937 5172 nec

350 5213 583 5268 grzecum
611 5216 624 5251 :
651 5212 869 5268 prorsus
912 5197 1179 5253 antecedit
1215 5198 1421 5269 linguas
1449 5201 1576 5257 istas
1596 5203 1737 5273 quod
1768 5214 1851 5261 est
1880 5206 1934 5262 in

350 5293 515 5349 corde
539 5308 678 5348 meo.
702 5292 895 5358 Quaero
911 5291 984 5346 illi
1010 5307 1222 5359 sonum,
1243 5308 1423 5363 quazro
1444 5296 1591 5365 quasi
1609 5296 1931 5368 vehiculum;

350 5403 534 5458 quaero
556 5386 696 5442 unde
714 5387 989 5457 perveniat
1013 5386 1079 5441 ad
1105 5397 1177 5454 te,
1195 5388 1410 5458 quando
1431 5407 1536 5444 non
1558 5378 1763 5447 recedi?
1779 5409 1808 5448 a
1826 5410 1933 5450 me.

350 5479 491 5535 Ecce
503 5479 726 5534 audistis
740 5479 879 5551 quod
894 5488 975 5535 est
992 5480 1045 5534 in
1054 5481 1217 5536 corde
1233 5496 1372 5549 meo,
1383 5481 1493 5552 jam
1511 5493 1592 5539 est
1607 5494 1659 5541 et
1672 5485 1930 5545 investro.
1994 5541 1999 5547 .

351 5570 415 5628 lu
428 5586 548 5627 meo
569 5581 651 5628 est
669 5581 726 5627 et
741 5573 792 5626 in
827 5580 1008 5627 vestro
1030 5580 1116 5629 est
1139 5590 1153 5628 :
1178 5581 1234 5628 et
1258 5588 1358 5630 vos
1378 5574 1575 5632 habere
1594 5578 1850 5650 coepistis,
1880 5592 1935 5639 et

349 5678 453 5735 ego
465 5678 569 5719 non
583 5663 809 5734 perdidi.
824 5661 973 5718 Sicut
989 5664 1207 5720 verbum
1222 5682 1395 5721 meum
1415 5672 1703 5741 assumpsit
1718 5687 1928 5743 sonum,

352 5770 451 5829 per
472 5771 633 5829 quem
676 5754 950 5813 audiretur
976 5774 989 5810 :
1017 5759 1094 5812 sic
1120 5757 1351 5815 Verbum
1376 5760 1471 5817 Dei
1499 5766 1783 5836 assumpsit
1808 5782 1928 5822 car-

629 5870 856 5938 Ssuc'r.
903 5877 1185 5937 Anaus'r.
1212 5872 1289 5939 V.

1754 286 1987 345 SERMO
2022 285 2294 355 CCXXVI.

3516 326 3655 386 1098

2070 421 2214 477 nem,
2246 424 2345 479 per
2380 427 2539 485 quam
2576 416 2868 479 videretur.
2893 423 3157 494 Quantum
3196 433 3363 502 potui,
3411 434 3541 492 dixi.
3585 441 3653 497 Et

2068 499 2193 568 quid
2220 500 2364 558 dixi?
2381 504 2641 573 Quoniam
2670 515 2790 586 quis
2836 515 2984 576 dixi?
3007 520 3178 578 Homo
3197 499 3364 597 vloqui
3390 530 3530 585 volui
3580 533 3649 591 de

2069 591 2179 648 Deo
2196 595 2237 649 ί.
2265 595 2465 657 Tantus
2502 613 2603 670 est,
2653 608 2775 664 talis
2797 619 2899 680 est,
2927 622 2987 669 ut
3012 629 3115 672 nec
3142 632 3264 673 eum
3292 591 3450 693 loqui
3475 626 3653 695 possi-

2067 701 2205 754 mus,
2232 705 2332 747 nec
2360 708 2482 751 eum
2509 706 2688 758 tacere
2712 700 3021 765 debeamus.
3152 713 3159 719 '

2138 780 2363 843 CAPUT
2400 789 2486 845 IV.
2509 823 2581 835 —
2607 794 2662 851 4.
2687 796 2763 852 Ab
2789 800 3023 858 ebrietate
3045 805 3205 861 caveri
3232 806 3394 863 debet.
3422 809 3654 871 Ebrietas

2066 886 2261 933 sancta.
2285 879 2495 942 Gratias
2514 887 2612 943 tibi
2634 905 2755 961 ago,
2786 894 3030 966 Domine,
3065 899 3185 971 quia
3225 904 3367 972 quod
3395 906 3537 976 dico,
3570 912 3653 966 vel

2065 965 2245 1026 dicere
2281 972 2445 1043 volui,
2479 986 2535 1033 tu
2574 981 2680 1037 scis
2730 993 2947 1043 :tamen
2997 988 3066 1046 de
3101 992 3255 1050 micis
3301 1011 3502 1054 mensae
3548 1008 3653 1059 tua:

2064 1060 2185 1128 pavi
2233 1076 2523 1124 conservos
2548 1085 2733 1141 meos;
2760 1091 2919 1145 pasce
2964 1089 3018 1136 et
3065 1090 3121 1138 tu
3163 1100 3225 1140 ac
3250 1089 3393 1143 nutri
3431 1090 3654 1149 interius

2065 1165 2199 1222 quos
2223 1163 2570 1228 regenerasti.
2604 1164 2746 1224 Ecce
2774 1170 3059 1228 multitudo
3098 1176 3197 1233 ista
3226 1180 3351 1249 quid
3381 1180 3517 1238 fuit?
3546 1183 3648 1239 Te-

2064 1243 2230 1301 nebra
2272 1263 2294 1301 :
2336 1266 2469 1306 nunc
2515 1263 2683 1311 autem
2727 1258 2819 1314 tua:
2857 1262 2911 1316 in
2957 1263 3201 1323 Domino.
3249 1270 3468 1330 Talibus
3507 1278 3649 1332 enim

2062 1332 2350 1404 Apostolus
2368 1340 2532 1399 dicit:
2557 1344 2753 1405 Fuistis
2775 1351 3048 1424 aliquando
3064 1360 3296 1431 tenebra,
3325 1381 3459 1421 nunc
3486 1379 3652 1425 autem

2064 1426 2158 1481 tua:
2175 1430 2228 1484 in
2257 1431 2477 1501 Domino
2497 1436 2714 1512 (Ep/tes.
2738 1460 2787 1511 v,
2821 1445 2899 1518 8).
2923 1447 2967 1504 Ο
2994 1465 3087 1506 vos
3113 1455 3202 1525 qui
3222 1426 3470 1527 ba'ptizati
3497 1463 3649 1532 estis,

2063 1520 2229 1591 fuistis
2265 1524 2539 1597 aliquando
2570 1534 2803 1607 tenebrae,
2831 1556 2967 1596 nunc
2987 1520 3155 1600 autem
3182 1546 3274 1603 lux
3325 1552 3377 1606 in
3410 1551 3649 1612 Domino.

2061 1608 2118 1667 Si
2147 1613 2254 1681 lux,
2287 1620 2468 1689 utique
2504 1624 2618 1682 dies
2646 1633 2891 1688 :vocavit
2938 1637 3084 1692 enim
3116 1638 3260 1697 Deus
3293 1643 3467 1701 lucem
3507 1649 3651 1706 diem
3700 1702 3705 1707 .

2062 1702 2215 1773 (Gen.
2260 1724 2299 1776 ι,
2350 1710 2429 1783 5).
2473 1714 2670 1776 Fuistis
2716 1724 2971 1793 tenebrae,
3005 1730 3128 1785 fecit
3156 1748 3253 1789 vos
3290 1702 3653 1807 lucem,

2060 1811 2157 1852 vos
2186 1799 2330 1856 diem
2365 1820 2380 1857 :
2422 1805 2491 1863 de
2530 1812 2682 1869 vobis
2730 1821 3079 1888 cantavimus,
3112 1822 3216 1879 Hic
3260 1838 3335 1883 est
3374 1831 3481 1887 aies
3506 1851 3653 1905 quem

2061 1892 2180 1961 fecit
2206 1892 2475 1963 Dominus,
2507 1905 2812 1964 exsultemus
2839 1921 2887 1965 et
2926 1914 3274 1983 jucundemur
3299 1922 3354 1976 in
3391 1940 3448 1979 eo
3479 1892 3648 1997 (Dsal.

2059 1995 2226 2050 cxvn,
2254 1985 2371 2058 24).
2392 1988 2581 2062 Fugite
2610 1998 2877 2056 tenebras.
2897 2002 3140 2063 Ebrietas
3169 2010 3234 2066 ad
3264 1985 3514 2072 tenebras
3533 2033 3654 2089 per-

2060 2077 2214 2135 tinet.
2244 2080 2419 2140 Nolite
2448 2086 2724 2148 discedere
2750 2095 2935 2166 sobrii,
2967 2108 3022 2155 et
3042 2102 3218 2159 redire
3243 2105 3378 2163 ebrii
3408 2126 3422 2164 :
3452 2119 3504 2165 et
3528 2077 3651 2183 post

2058 2171 2337 2229 meridiem
2364 2177 2666 2241 videbimus
2691 2201 2807 2242 vos.
2868 2188 3096 2259 Spiritus
3145 2209 3360 2255 sanctus
3409 2171 3651 2261 habitare

2060 2264 2245 2335 coepit,
2275 2282 2382 2323 non
2409 2271 2604 2342 migret
2639 2293 2653 2331 :
2690 2278 2854 2334 nolite
2880 2281 3027 2338 illum
3056 2288 3341 2346 excludere
3377 2293 3444 2349 de
3469 2299 3648 2352 cordi-

2056 2355 2158 2414 bus
2208 2363 2418 2419 vestris.
2472 2366 2651 2424 Bonus
2694 2370 2909 2445 hospes,
2960 2378 3150 2437 inanes
3191 2382 3416 2454 invenit,
3464 2388 3653 2460 implet

2054 2467 2153 2509 vos
2195 2473 2209 2509 :
2242 2458 2541 2517 esurientes
2585 2464 2818 2533 invenit,
2874 2472 3044 2539 pascit
3082 2489 3177 2530 vos
3212 2487 3526 2547 :postremo
3577 2483 3651 2539 si-

2057 2545 2252 2604 tientes
2280 2549 2503 2622 invenit,
2532 2555 2760 2615 inebriat
2784 2576 2901 2617 vos.
2935 2562 3053 2635 Ipse
3087 2583 3183 2624 vos
3208 2545 3436 2630 inebriet
3464 2594 3478 2631 :
3506 2577 3651 2648 Apo-

2052 2640 2225 2696 stolus
2246 2643 2388 2698 enim
2415 2647 2508 2712 ait,
2553 2646 2729 2706 Nolite
2750 2652 2987 2711 inebriari
3014 2660 3148 2725 vino,
3178 2662 3232 2717 in
3255 2679 3355 2735 quo
3381 2675 3454 2721 est
3478 2670 3641 2726 omnis

2055 2728 2283 2787 luxuria.
2310 2734 2381 2791 Et
2420 2740 2570 2807 quasi
2599 2742 2782 2800 volens
2825 2761 2923 2803 nos
2963 2748 3159 2808 docere
3212 2755 3354 2812 unde
3395 2758 3649 2821 inebriari

2053 2822 2341 2883 debeamus
2371 2846 2386 2886 :
2419 2830 2528 2886 Sed
2562 2834 2863 2907 implemini,
2920 2842 3125 2914 inquit,
3178 2846 3379 2918 Spiritu
3435 2864 3647 2921 sancto;

2052 2926 2312 2974 cantantes
2339 2922 2581 2981 vobismet
2600 2928 2746 2998 ipsis,
2775 2931 2997 3004 hymnis,
3030 2946 3077 2991 ct
3104 2938 3336 3009 psalmis,
3372 2954 3420 2999 et
3441 2948 3646 3002 canticis

2051 3011 2402 3080 spiritualibus
2428 3060 2442 3085 ,
2491 3030 2755 3079 cantantes
2806 3025 2860 3080 in
2913 3029 3147 3086 cordibus
3198 3038 3374 3091 vestris
3426 3037 3645 3096 Domino

2052 3102 2269 3177 (Ephes.
2302 3124 2355 3176 v,
2383 3111 2469 3178 18,
2504 3112 2617 3186 19).
2646 3116 2747 3184 Qui
2775 3118 2983 3177 laetatur
3007 3124 3061 3179 in
3107 3126 3351 3198 Domino,
3380 3140 3433 3187 et
3461 3142 3638 3191 cantat

2053 3195 2240 3254 laudes
2270 3201 2500 3260 Domino
2529 3222 2719 3279 magna
2763 3213 3135 3285 exsultatione,
3178 3236 3355 3277 nonne
3382 3223 3531 3281 ebrio
3570 3227 3645 3282 si-

2050 3291 2193 3348 milis
2215 3293 2331 3349 est?
2364 3295 2541 3355 Probo
2566 3300 2719 3357 istam
2743 3306 3057 3364 ebrietatem
3086 3328 3098 3363 :
3129 3311 3381 3378 Quoniam
3410 3318 3550 3388 apud
3575 3328 3640 3385 te,

2048 3378 2208 3449 Deus,
2263 3389 2377 3455 fons
2404 3388 2520 3443 vita:
2542 3403 2634 3457 est,
2667 3403 2714 3446 et
2745 3404 2962 3451 torrente
3003 3398 3276 3471 voluptatis
3319 3414 3418 3460 tua:
3443 3378 3640 3474 potabis

2050 3488 2153 3529 eos.
2188 3475 2382 3534 Unde?
2405 3480 2537 3548 Quia
2558 3486 2701 3555 apud
2723 3496 2787 3554 te,
2830 3488 2993 3559 Deus,
3017 3496 3134 3562 fons
3155 3497 3270 3551 vita:
3296 3509 3388 3568 est,
3413 3512 3457 3554 et
3480 3502 3531 3556 in
3556 3503 3641 3557 lu-

2049 3567 2185 3622 mine
2211 3576 2298 3624 tuo
2325 3571 2601 3630 videbimus
2631 3577 2798 3633 lumen
2829 3580 2999 3651 (Psal.
3038 3601 3213 3657 xxxv,
3247 3590 3298 3656 9,
3334 3592 3443 3663 10).
3468 3594 3638 3664 Spiri-

2052 3665 2136 3712 tus
2167 3659 2260 3715 Dei
2286 3671 2341 3716 et
2361 3674 2517 3733 potus
2542 3676 2597 3723 et
2620 3668 2711 3724 lux
2736 3680 2836 3726 est.
2865 3673 2919 3729 Si
2946 3675 3218 3735 invenires
3244 3659 3444 3739 fontem
3474 3659 3525 3741 in
3557 3697 3640 3744 te-

2050 3751 2252 3819 nebris,
2275 3753 2549 3814 lucernam
2572 3763 2913 3834 aceenderes,
2941 3776 3002 3823 ut
3029 3774 3341 3840 pervenires
3385 3777 3451 3832 ad
3490 3794 3633 3835 eum.

2052 3843 2172 3901 Noli
2215 3852 2509 3911 accendere
2538 3855 2805 3914 lucernam
2838 3862 2905 3917 ad
2952 3864 3087 3921 lucis
3128 3868 3325 3926 fontem
3358 3891 3370 3927 :
3401 3874 3514 3946 ipse
3543 3878 3636 3935 tibi

2049 3937 2213 4006 lucet,
2230 3943 2359 3999 etad
2375 3954 2498 4002 sete
2513 3946 2689 4005 ducet.
2722 3952 2853 4008 Cum
2883 3960 3093 4013 veneris
3120 3960 3185 4015 ad
3209 3937 3637 4033 hibera-accede

2052 4039 2106 4084 et
2135 4031 2454 4093 illuminare.
2478 4040 2712 4097 Accedite
2736 4044 2803 4098 ad
2832 4062 2969 4115 eum,
2998 4059 3045 4103 et
3069 4031 3430 4113 illuminamini
3460 4060 3633 4131 (Psal.

2045 4136 2242 4193 xxxut,
2285 4127 2339 4199 6)
2374 4148 2388 4185 :
2421 4135 2584 4192 nolite
2610 4141 2883 4209 recedere,
2927 4162 2995 4203 ne
3018 4150 3495 4209 contenebremini.
3525 4157 3634 4212 Do-

2044 4215 2188 4272 mine
2216 4218 2377 4288 Deus,
2403 4239 2553 4295 voca,
2584 4239 2638 4285 et
2657 4234 2940 4292 accedatur
2971 4238 3037 4294 ad
3066 4248 3117 4296 te
3143 4259 3156 4295 :
3182 4241 3354 4310 ﬁrma,
3389 4262 3457 4303 ne
3486 4264 3636 4306 rece-

2045 4307 2220 4366 datur.
2253 4312 2360 4370 Fac
2402 4317 2540 4375 ﬁlios
2571 4331 2689 4379 tuos
2718 4342 2905 4398 novos,
2937 4330 3006 4388 de
3045 4338 3285 4417 parvulis
3328 4355 3505 4409 senes,
3538 4345 3633 4399 sed

2043 4415 2152 4456 non
2180 4403 2249 4460 de
2273 4408 2493 4466 senibus
2519 4420 2815 4475 mortuos'.
2849 4421 2909 4477 In
2941 4403 3215 4485 istaienim
3253 4432 3529 4503 sapientia,
3547 4451 3635 4492 sc-

2042 4509 2265 4555 ueseere
2290 4500 2436 4574 licet,
2460 4508 2595 4563 mori
2620 4524 2722 4566 non
2745 4512 2889 4569 licet.

2490 4689 2720 4750 saeuo
2759 4694 3054 4757 ccxxvr
3079 4704 3178 4776 (a).

2593 4808 3074 4877 lnleWm.

2414 4928 2497 4982 Ad
2522 4933 2773 5004 papulum
2798 4947 2845 4991 et
2867 4938 2938 4992 ad
2964 4936 3219 5013 Infantes.

2112 5043 2202 5100 Sic
2229 5045 2450 5106 audistis
2490 5055 2768 5123 praedicari
2795 5059 3083 5117 Dominum
3110 5064 3399 5132 Christum,
3426 5070 3548 5140 quia
3574 5071 3629 5127 in

2044 5135 2293 5207 principio
2317 5150 2422 5195 erat
2461 5141 2695 5214 Verbum,
2724 5158 2769 5202 et
2808 5148 3025 5207 Verbum
3048 5163 3154 5209 erat
3198 5158 3340 5229 apud
3365 5135 3547 5228 Deum,
3583 5173 3630 5218 et

2042 5223 2183 5280 Deus
2202 5237 2311 5284 erat
2343 5228 2560 5289 Verbum
2585 5238 2763 5306 (Joan.
2794 5256 2831 5306 ι,
2860 5240 2938 5314 1).
2969 5242 3085 5313 Ipse
3105 5254 3188 5301 est
3202 5223 3342 5303 enim
3370 5223 3628 5309 Dominus

2042 5317 2307 5389 Christus,
2337 5324 2427 5393 qui
2471 5326 2516 5381 si
2545 5344 2652 5385 non
2705 5346 2764 5386 se
2802 5332 3127 5403 bumiliaret,
3164 5340 3259 5395 sed
3313 5356 3524 5415 semper
3552 5361 3630 5399 suc

2106 5526 2273 5601 :99“,
2654 5528 2780 5593 ἀείτί»
2804 5531 2944 5601 ἶιοηιο
2967 5533 3093 5601 loqu:
3115 5537 3241 5591 volui
3263 5541 3445 5593 debeo
3524 5551 3581 5592 M.

2104 5585 2125 5616 ³
2143 5591 2273 5645 [ιον-ν
2295 5587 2357 5638 de
2375 5585 2591 5698 parvulis
2606 5585 2844 5653 senes,'de
2864 5585 2958 5648 non
2979 5585 3560 5659 sciafbﬁwiuai‘nm
3585 5618 3637 5661 ει

2093 5646 2163 5696 ἰοε
2184 5646 2353 5698 plures
2392 5664 2506 5698 ocos
2524 5656 2842 5698 emendaan
2865 5661 2922 5698 ml
2950 5670 3012 5698 Mc
3050 5666 3322 5698 Vatinonnm

2041 5644 2163 5716 alios
2184 5644 2353 5716 plures
2375 5644 2506 5700 locos
2524 5644 2842 5708 emendantus
2864 5644 3342 5716 sa'iisi'iaii'cﬁith.

2105 5711 2408 5777 fastigatus
2427 5716 2576 5765 estad
2602 5716 2779 5770 cl.d.r.
2800 5728 2836 5772 t.
2857 5731 2952 5774 vat.
2970 5711 3012 5775 vi
3040 5711 3149 5777 Lor;

2103 5772 2177 5834 (a)
2200 5771 2340 5839 Alias,
2364 5776 2427 5826 de
2450 5778 2661 5831 Diversis
2676 5782 2751 5831 82.
2776 5812 2787 5823 ι

2786 5898 2857 5975 (1
2862 5898 3260 5979 ’νιηιῑρ-υυὺιρ.
3267 5900 3294 5978 )
