4070 6330
463 346 605 403 “03

929 452 1161 512 εει).Μο
1199 449 1584 524 contra).

567 573 646 630 De
684 570 1028 630 Sacramentis
1051 569 1300 639 ﬁdelium,
1329 567 1458 638 feria
1483 564 1547 621 ΙΙ
1574 564 1792 622 Pascha
1833 564 1931 638 (ὁ).

1070 695 1444 738 FRAGIBN'I‘UI.

527 795 658 867 Quia
689 809 877 866 passus
909 802 992 851 est
1032 808 1128 866 pro
1156 794 1331 859 nobis,
1372 791 1769 848 commendavit
1809 789 1964 846 nobis
1992 790 2044 844 in

456 891 559 946 isto
607 891 953 945 Sacramento
980 903 1176 958 corpus
1218 896 1273 943 et
1296 887 1611 958 sanguinem
1659 901 1859 952 suum;
1903 882 2045 955 quod

455 982 618 1038 etiam
661 979 790 1038 fecit
827 989 882 1037 et
931 995 1031 1036 nos
1069 981 1237 1052 ipsos.
1279 978 1412 1035 Nam
1440 987 1494 1035 et
1533 993 1633 1035 nos
1659 992 1854 1050 corpus
1881 977 2044 1048 ipsius

454 1073 581 1130 facti
607 1089 812 1142 sumus,
844 1082 898 1131 et
933 1089 1026 1145 per
1056 1074 1476 1131 misericordiam
1510 1074 1674 1144 ipsius
1719 1071 1862 1142 quod
1900 1073 2043 1127 acci-

453 1169 650 1240 pimus,
683 1185 779 1226 nos
821 1184 1024 1225 sumus.
1055 1168 1455 1236 Recordamini,
1485 1177 1539 1223 et
1563 1182 1658 1224 vos
1711 1182 1815 1222 non
1843 1165 2040 1231 fuistis,

365 1261 391 1336 ἓν
452 1272 508 1318 et
551 1265 714 1320 creati
765 1264 917 1320 estis.
988 1263 1069 1319 Ad
1121 1279 1298 1319 aream
1349 1263 1669 1318 dominicam
1725 1261 2044 1334 eomportati

366 1341 369 1344 I
451 1357 580 1414 estis
610 1374 624 1412 :
653 1357 925 1413 laboribus
963 1358 1145 1424 boum,
1193 1357 1243 1412 id
1285 1366 1369 1412 est
1393 1356 1822 1411 annuntiantium
1871 1356 2044 1410 Evan-

449 1451 666 1522 gelium,
716 1451 946 1506 triturati
975 1450 1124 1506 estis.
1165 1449 1388 1517 Quando
1421 1448 1798 1504 Catecbumeni
1827 1447 2042 1503 diﬂ‘ere-

449 1543 646 1600 bamini
670 1583 685 1610 ,
719 1542 772 1598 in
825 1543 1018 1598 horreo
1049 1541 1426 1598 servabamini.
1469 1541 1695 1596 Nomina
1737 1549 1912 1596 vestra
1941 1539 2041 1596 de-

449 1635 603 1693 distis
643 1651 659 1702 ;
708 1637 948 1706 ccepistis
977 1635 1105 1691 moli
1138 1635 1356 1705 jejuniis
1394 1644 1450 1690 et
1486 1634 1815 1690 exorcismis.
1848 1634 2040 1689 Postea

447 1729 514 1784 ad
543 1743 734 1799 aquam
766 1728 1005 1794 venistis,
1051 1737 1105 1783 et
1127 1727 1401 1798 conspersi
1429 1728 1578 1794 estis,
1624 1736 1679 1783 et
1719 1743 1883 1782 unum
1915 1726 2039 1781 facti

447 1819 582 1877 estis
613 1838 628 1874 :
673 1820 961 1876 accedente
988 1820 1194 1875 fervore
1220 1819 1448 1889 Spiritus
1477 1820 1646 1874 sancti
1695 1820 1831 1874 cocti
1861 1819 1990 1874 estis
2020 1835 2036 1886 ;

447 1924 503 1972 et
527 1915 680 1986 panis
714 1915 1012 1971 dominicus
1041 1914 1162 1968 facti
1191 1913 1340 1969 estis.
1373 1913 1512 1968 Ecce
1552 1913 1695 1983 quod
1735 1913 2036 1982 accepistis.

447 2007 725 2076 Quomodo
769 2022 897 2078 ergo
925 2023 1085 2061 unum
1129 2006 1319 2060 videtis
1368 2020 1487 2061 esse
1535 2004 1675 2075 quod
1704 2003 1900 2059 factum
1933 2011 2036 2070 est,

448 2099 528 2154 sic
559 2115 723 2154 unum
753 2109 926 2154 estote
972 2113 1089 2165 vos,
1130 2097 1397 2167 diligendo
1449 2111 1565 2161 vos,
1622 2098 1848 2152 tenendo
1879 2112 2038 2152 unam

447 2193 626 2260 ﬁdem,
676 2210 832 2248 unam
865 2209 1038 2264 spem,
1067 2192 1389 2248 individuam
1415 2191 1749 2247 charitatem.
1792 2191 2039 2246 llaeretici

447 2285 660 2358 quando
705 2286 807 2342 hoc
850 2287 1138 2356 accipiunt,
1188 2287 1546 2341 testimonium
1575 2295 1760 2341 contra
1789 2301 1847 2341 se
1895 2286 2039 2340 acci-

451 2379 604 2449 piunt
635 2396 649 2433 :
681 2379 802 2449 quia
843 2379 919 2433 illi
950 2387 1198 2449 quaerunt
1220 2378 1554 2444 divisionem,
1593 2393 1714 2433 cum
1742 2379 1893 2448 panis
1939 2379 2039 2434 iste

445 2470 642 2527 indicet
679 2471 957 2526 unitatem.
1000 2471 1089 2527 Sic
1131 2479 1186 2527 et
1243 2472 1424 2526 vinum
1468 2473 1521 2526 in
1569 2472 1751 2526 multis
1812 2472 2039 2528 racemis

443 2561 561 2631 fuit,
612 2572 667 2620 et
692 2563 853 2629 modo
879 2565 934 2619 in
974 2580 1135 2619 unum
1161 2565 1300 2620 est‘.
1342 2564 1518 2622 Unum
1561 2575 1644 2622 est
1685 2566 1740 2620 in
1781 2567 2039 2622 suavitate

442 2655 644 2722 calicis,
677 2665 798 2726 post
833 2670 1140 2726 pressuram
1184 2657 1486 2712 torcularis.
1536 2657 1604 2712 Et
1655 2672 1751 2712 vos
1784 2665 1904 2727 post
1950 2657 2036 2712 illa

442 2746 662 2817 jejunia,
712 2755 834 2818 post
858 2748 1087 2816 labores,
1127 2756 1252 2822 post
1288 2748 1642 2805 humilitatem
1681 2759 1735 2805 et
1758 2749 2039 2805 contritio-

402 2855 587 2922 -nem,
629 2841 741 2912 jam
785 2841 840 2897 in
891 2844 1108 2898 nomine
1154 2842 1354 2899 Christi
1406 2853 1656 2914 tanquam
1710 2843 1778 2899 ad
1819 2845 2038 2900 calicem

442 2931 655 2988 Domini
681 2933 940 2990 venistis:
971 2944 1025 2990 et
1056 2935 1128 2990 ibi
1155 2949 1249 2990 vos
1279 2935 1409 2990 estis
1437 2937 1490 2989 in
1512 2951 1716 3002 mensa,
1761 2944 1816 2992 et
1841 2936 1913 2991 ibi
1941 2950 2038 2991 vos

442 3024 572 3080 estis
599 3025 654 3080 in
695 3025 880 3082 calice.
909 3025 1196 3082 Nobiscum
1242 3042 1338 3082 vos
1365 3026 1520 3083 estis.
1549 3027 1720 3084 Simul
1747 3029 1890 3083 enim
1937 3027 2040 3084 hoc

443 3119 721 3191 Stimimus,
760 3122 922 3179 simul
961 3121 1238 3179 bibimus:
1278 3123 1401 3193 quia
1430 3124 1590 3179 simul
1616 3123 1864 3180 vivimus.

905 3257 1132 3314 saeuo
1156 3256 1394 3314 ccxxx
1409 3261 1452 3282 α·
1472 3256 1568 3330 (c).

909 3378 960 3421 in
989 3370 1168 3423 diebus
1190 3369 1513 3432 Paschalibus,
1535 3385 1570 3420 ι.

444 3474 522 3534 De
573 3493 720 3534 versu
774 3477 970 3534 Psalmi
996 3492 1156 3545 cxvn,
1186 3477 1278 3544 24,
1312 3479 1408 3534 Hic
1440 3486 1522 3534 est
1556 3476 1674 3534 dies
1713 3493 1871 3548 quem
1916 3476 2038 3534 fecit

1092 3570 1371 3627 Dominus.

512 3687 662 3744 Sicut
708 3687 934 3742 Domino
982 3693 1168 3742 nostro
1223 3686 1575 3754 cantavimus,
1630 3687 1701 3743 ita
1755 3689 1845 3744 illo
1887 3689 2038 3758 adju-

441 3781 918 3846 vantefaciamus.
962 3777 1148 3834 Omnis
1191 3778 1333 3833 enim
1371 3778 1488 3833 dies
1538 3794 1568 3832 a
1609 3778 1837 3834 Domino
1867 3779 2038 3835 factus

442 3880 525 3927 est
571 3891 582 3924 :
616 3887 720 3928 non
751 3881 926 3928 tamen
966 3871 1080 3926 sine
1107 3885 1265 3926 causa
1304 3870 1370 3926 de
1392 3870 1569 3940 aliquo
1611 3873 1875 3940 praecipue
1899 3873 2035 3927 scri-

443 3971 590 4032 ptum
621 3972 721 4029 est,
772 3962 870 4018 Hic
899 3973 971 4018 est
1009 3963 1116 4018 dies
1155 3977 1302 4034 quem
1341 3962 1458 4034 fecit
1482 3959 1754 4016 Dominus.
1787 3962 2036 4033 Legimus

442 4067 565 4108 cum
611 4054 752 4109 Deus
805 4054 1061 4110 conderet
1110 4054 1306 4109 caelum
1357 4063 1412 4108 et
1441 4061 1659 4122 terram,
1712 4055 1831 4124 quia
1879 4055 2032 4125 dixit,

444 4144 567 4200 Fiat
596 4146 685 4200 lus:
711 4164 730 4212 ;
753 4157 798 4200 et
819 4148 953 4216 facta
969 4157 1044 4201 est
1071 4147 1177 4202 lux.
1205 4146 1273 4200 Et
1293 4148 1484 4202 vocavit
1509 4145 1648 4202 Deus
1665 4148 1847 4214 lucem,
1871 4148 2035 4214 diem;

443 4250 492 4296 et
521 4242 767 4307 tenebras,
791 4250 986 4295 noctem
1016 4243 1037 4314 (
1063 4240 1190 4295 Gen.
1219 4257 1258 4309 1,
1292 4242 1344 4306 3,
1375 4240 1476 4313 5).
1507 4241 1613 4298 Sed
1638 4251 1722 4297 est
1758 4242 1894 4296 alius
1921 4242 2035 4298 dies

444 4343 624 4389 certus
675 4333 829 4388 nobis
876 4341 932 4388 et
973 4333 1241 4402 praecipue
1295 4333 1768 4398 commendandus,
1824 4333 1891 4388 de
1929 4349 2035 4404 quo

444 4426 574 4482 dicit
620 4426 954 4496 Apostolus:
1004 4423 1152 4480 Sicut
1195 4425 1249 4480 in
1301 4425 1384 4479 die
1426 4425 1630 4480 honeste
1679 4426 2011 4480 ambulemus.

445 4517 572 4575 Dies
616 4519 719 4573 iste
761 4519 992 4589 vulgaris
1021 4519 1382 4589 quotidianus,
1430 4519 1637 4574 oriente
1677 4521 1788 4574 sole
1814 4529 1868 4575 et
1894 4521 2034 4576 occi-

443 4611 606 4666 dente
651 4610 943 4680 perﬁcitur.
997 4611 1095 4666 Est
1121 4613 1256 4666 alius
1285 4611 1422 4678 dies,
1454 4627 1560 4682 quo
1604 4611 1766 4682 fulget
1811 4613 2032 4668 verbum

444 4703 541 4760 Dei
589 4704 641 4757 in
687 4703 936 4758 cordibus
983 4703 1238 4770 ﬁdelium,
1293 4712 1347 4758 et
1398 4704 1545 4773 pellit
1592 4704 1872 4768 tenebras,
1927 4720 2033 4760 non

442 4798 741 4863 oculorum,
790 4797 884 4852 sed
933 4813 1140 4852 morum
1185 4797 1465 4851 malorum.
1499 4796 1674 4866 Ipsum
1710 4813 1837 4867 ergo
1867 4813 2030 4868 agno-

443 4906 677 4959 scamus,
726 4889 777 4943 in
803 4890 917 4959 ipso
967 4888 1311 4960 gaudeamus.
1379 4888 1669 4943 Audiamus
1719 4889 2032 4958 Apostolum

442 4982 734 5050 dicentem,
767 5000 786 5034 ‹
816 4981 936 5036 Filii
970 4983 1114 5037 enim
1158 4982 1293 5037 lucis
1319 4995 1523 5046 sumus,
1553 4992 1607 5036 et
1634 4981 1730 5036 ﬁlii
1755 4983 1860 5037 diei
1886 5000 1898 5036 :
1924 4998 2031 5037 non

508 5144 526 5176 ι
544 5145 618 5194 Sic
635 5144 686 5192 in
703 5143 1038 5207 manusa'iptis
1062 5149 1114 5192 et
1129 5142 1255 5205 apud
1278 5141 1523 5206 Algerum.
1551 5148 1605 5192 At
1628 5143 1676 5191 in
1694 5142 1821 5192 Beda
1837 5143 2034 5207 vulgato

446 5203 646 5269 legitur,
663 5211 709 5256 et
730 5203 873 5256 modo
889 5203 1037 5269 unum
1057 5210 1144 5255 est.

505 5265 527 5291 ⁵
545 5265 640 5319 Hoc
663 5269 986 5331 fragmentum
1003 5268 1052 5316 in
1074 5267 1211 5317 Beda:
1235 5273 1288 5318 et
1307 5265 1428 5316 Flori
1447 5265 1740 5317 Collectione
1762 5275 2032 5331 repertum,

443 5327 526 5381 hic
547 5327 868 5393 adjiciendum
885 5331 1176 5393 curavimus.

511 5393 550 5413 “
575 5391 866 5443 Einendatus
877 5391 936 5440 ad
964 5391 1026 5440 cl.
1044 5405 1086 5441 r.
1110 5397 1148 5440 t.
1167 5397 1264 5440 vat.
1284 5405 1334 5440 v.
1356 5398 1410 5441 et
1427 5397 1535 5441 Lov.

530 5455 582 5516 a)
605 5460 654 5503 in
677 5455 816 5503 Bedae
836 5460 887 5503 et
909 5454 1030 5503 Flori
1051 5452 1341 5516 Collectione
1356 5461 1624 5516 repertum,
1646 5452 1705 5502 ad
1729 5461 1746 5502 ι
1766 5459 1869 5502 Cor.
1897 5467 1946 5502 x.

530 5515 580 5578 ὁ)
605 5517 767 5567 Florus
788 5516 963 5565 Bedam
988 5523 1196 5578 secutus
1210 5515 1310 5578 sub
1332 5515 1429 5564 hoc
1457 5515 1596 5566 titulo
1615 5516 1744 5566 citat.
1776 5516 1847 5564 sic
1865 5523 2034 5578 postea

443 5576 641 5691 me
664 5579 870 5642 Algerus
900 5579 960 5651 in.
987 5576 1155 5627 libro!
1191 5577 1255 5626 de
1275 5584 1610 5637 sacramento,
1643 5590 1780 5640 capp.
1806 5578 1836 5626 5
1867 5576 1921 5628 et
1955 5579 2031 5652 19.

444 5640 494 5691 Ei
589 5654 670 5691 em
688 5647 964 5691 argumenti
996 5651 1270 5689 sermonem
1294 5640 1449 5691 habes
1471 5654 1566 5688 non
1607 5647 1790 5690 tantum
1823 5653 1966 5691 supra
1983 5655 2031 5690 1n

444 5640 670 5704 ﬂusdem
688 5640 964 5704 argumenti
996 5651 1270 5704 sermonem
1294 5640 1449 5704 habes
1471 5654 1566 5704 non
1607 5647 1790 5704 tantum
1823 5653 1966 5702 supra
1983 5642 2035 5690 in

443 5700 551 5764 ipso
572 5703 654 5754 die
676 5700 870 5753 Pascha:
891 5709 1135 5766 quartum,
1146 5701 1236 5754 sed
1251 5703 1399 5754 etiam
1416 5703 1534 5752 intra
1552 5703 1600 5752 in
1620 5703 1699 5752 die
1724 5700 2036 5754 Pentecostes

443 5773 760 5826 metr-enim.

507 5825 578 5890 (c)
603 5825 745 5891 Alias,
761 5825 827 5879 de
850 5829 1060 5880 Diversis
1078 5823 1156 5878 89.

1706 335 1766 392 S.
1805 329 2179 390 AUGUSTINI
2218 331 2522 390 EPISCOPI

3607 341 3740 400 HM

2153 461 2338 505 sumus
2381 449 2572 516 noctis,
2629 463 2802 522 neque
2851 449 3191 508 tenebrarum
3219 451 3279 522 (1
3327 452 3507 510 Thess.
3551 471 3606 523 v,
3653 458 3738 529 5).

2153 541 2304 598 Sicut
2353 544 2405 597 in
2435 543 2525 598 die
2561 541 2786 599 honeste
2822 544 3155 600 ambulemus
3198 563 3210 600 :
3241 562 3346 603 non
3391 548 3444 602 in
3471 562 3740 605 comessa-

2153 633 2387 689 tionibus
2439 643 2494 690 et
2518 634 2893 703 ebrietatibus,
2927 651 3033 692 non
3060 637 3111 690 in
3133 637 3396 694 cubilibus
3428 648 3484 694 et
3515 640 3742 710 impudi-

2151 728 2311 795 citiis,
2341 742 2450 784 non
2479 728 2532 783 in
2553 729 2894 784 contentione
2921 739 2974 784 et
3002 730 3377 798 aemulatione;
3409 731 3506 787 sed
3537 731 3739 789 induite

2155 820 2441 876 Dominum
2490 821 2672 878 Jesum
2716 821 3010 890 Christum,
3037 831 3094 878 et
3134 824 3310 878 carnis
3352 823 3737 894 providentiam

2152 928 2219 968 ne
2256 912 2487 968 feceritis
2507 914 2560 969 in
2585 913 3027 984 concupiscentiis
3063 932 3082 967 ›
3131 913 3306 987 (Rom.
3338 931 3449 982 xm,
3483 917 3570 982 l5,
3611 916 3736 988 14).

2154 1005 2267 1061 Hoc
2294 1005 2340 1061 si
2379 1005 2570 1072 facitis,
2603 1015 2713 1062 toto
2741 1007 2902 1062 corde
2929 1007 3174 1074 cantatis,
3216 1005 3317 1061 Hic
3340 1017 3415 1063 est
3453 1008 3560 1062 dies
3592 1024 3740 1076 quem

2149 1088 2275 1168 fecit
2294 1095 2566 1151 Dominus.
2597 1097 2748 1165 Quod
2774 1099 2916 1152 enim
2944 1099 3188 1164 cantatis,
3217 1113 3314 1153 vos
3338 1099 3488 1165 estis,
3522 1101 3565 1155 si
3605 1100 3740 1156 bene

2150 1188 2356 1244 vivatis.
2388 1189 2557 1256 Quam
2593 1189 2743 1244 multi
2781 1205 2872 1260 per
2893 1189 2988 1245 hos
3025 1189 3140 1245 dies
3163 1189 3493 1244 inebriantur
3520 1190 3544 1244 i
3568 1189 3740 1258 Quam

2148 1281 2302 1336 multi
2330 1297 2424 1351 per
2448 1281 2547 1337 hos
2570 1281 2706 1348 dies,
2736 1298 2922 1353 parum
2953 1291 3034 1338 cst
3059 1283 3180 1353 quia
3209 1282 3558 1351 inebriantur,
3591 1283 3743 1338 insn-

2148 1389 2244 1444 per
2299 1374 2459 1428 etiam
2515 1374 2739 1446 turpiter
2786 1375 3180 1445 crudeliterque
3242 1375 3534 1429 rixantur?
3579 1375 3742 1430 Tales

2149 1480 2256 1521 non
2283 1476 2520 1534 cantant,
2547 1465 2650 1520 Hic
2678 1476 2750 1521 est
2771 1467 2876 1520 dies
2900 1483 3046 1538 quem
3067 1468 3183 1540 fecit
3210 1465 3475 1521 Dominus.
3508 1467 3748 1536 Respon-

2146 1559 2239 1614 det
2302 1559 2380 1615 eis
2435 1559 2742 1614 Dominus:
2796 1559 3054 1615 Tenebrae
3110 1560 3286 1627 estis;
3329 1575 3436 1614 non
3485 1575 3584 1630 ego
3639 1558 3746 1614 feci

2146 1667 2261 1708 vos.
2315 1652 2372 1707 Si
2400 1653 2562 1707 vultis
2611 1667 2730 1708 esse
2769 1652 2882 1707 dies
2924 1668 3081 1723 quem
3111 1651 3239 1707 fecit
3279 1653 3557 1718 Dominus,
3604 1653 3745 1707 bene

2145 1749 2308 1804 vivite
2337 1765 2352 1816 ;
2382 1757 2436 1803 et
2465 1747 2733 1804 habebitis
2781 1749 2798 1779 ¹
2831 1749 3004 1802 lucem
3031 1746 3292 1815 veritatis,
3323 1763 3443 1819 quae
3470 1761 3744 1819 nunquam

2147 1855 2400 1897 occasum
2431 1839 2589 1897 faciet
2611 1840 2664 1895 in
2693 1839 2943 1895 cordibus
2972 1840 3187 1894 vestris.

2606 1933 2835 1990 SERMO
2871 1933 3159 1989 CCXXXI‘
3174 1932 3273 2005 (a).

2575 2054 2625 2097 In
2654 2047 2834 2098 diebus
2861 2045 3167 2098 Paschalibus
3188 2049 3228 2108 ²,
3252 2061 3302 2096 ιι.

2312 2133 2391 2188 De
2409 2135 2770 2188 resurrectione
2799 2131 2983 2188 Christi
3009 2132 3289 2187 secundum
3320 2129 3576 2186 Marcum.

2217 2225 2443 2282 CAPUT
2497 2225 2962 2282 PRIMUM.——-i.
3016 2224 3271 2296 Discipuli
3325 2241 3430 2278 non
3479 2222 3744 2280 credentes

2145 2321 2322 2374 merito
2383 2318 2656 2392 objurgati.
2720 2319 3062 2375 Resurrectio
3116 2319 3323 2374 Domini
3381 2318 3549 2374 nostri
3613 2317 3747 2372 Jesu

2146 2412 2342 2470 Christi
2383 2429 2451 2472 ex
2494 2427 2644 2468 more
2674 2413 2867 2484 legitur
2892 2413 2974 2468 his
2998 2412 3186 2468 diebus
3209 2428 3275 2468 ex
3300 2412 3547 2468 omnibus
3590 2410 3747 2466 libris

2145 2505 2312 2560 sancti
2359 2504 2650 2574 Evangelii.
2697 2503 2753 2558 In
2801 2503 2900 2559 hac
2956 2503 3185 2560 lectione
3237 2502 3743 2568 animadvertimus,

2145 2597 2414 2669 quomodo
2461 2597 2577 2669 ipse
2624 2597 2916 2667 discipulos
2966 2611 3092 2652 suos
3137 2595 3307 2667 prima
3352 2594 3594 2650 membra
3619 2607 3742 2660 sua,

2145 2693 2414 2749 haerentes
2459 2691 2611 2747 lateri
2646 2706 2745 2746 suo
2773 2690 3070 2762 objurgavit
3098 2690 3356 2746 Dominus
3388 2687 3544 2745 Jesus
3574 2705 3587 2741 :
3615 2687 3745 2759 quia

2146 2799 2305 2854 quem
2329 2782 2582 2840 dolebant
2599 2784 2836 2839 occisum
2875 2782 3058 2850 fuisse,
3088 2798 3193 2837 non
3233 2781 3525 2837 credebant
3551 2781 3742 2835 vivum

2145 2892 2266 2933 esse
2293 2875 2314 2948 (
2343 2875 2510 2931 Marc.
2542 2892 2652 2941 xvt,
2683 2877 2750 2931 14
2775 2875 2816 2948 ).
2845 2875 3030 2931 Patres
3073 2875 3217 2942 ﬁdei,
3249 2873 3482 2929 nondum
3515 2871 3740 2928 ﬁdeles:

2145 2970 2407 3042 magistri,
2450 2978 2509 3026 ut
2531 2969 2774 3026 crederet
2803 2977 2946 3024 totus
2969 2968 3116 3024 orbis
3145 2976 3402 3022 terrarum
3432 2965 3574 3035 quod
3602 2980 3742 3035 prae-

2144 3062 2369 3119 dicaturi
2403 3061 2649 3128 fuerant,
2690 3069 2744 3116 et
2773 3068 2991 3130 propter
3033 3058 3174 3128 quod
3212 3058 3422 3113 fuerant
3467 3055 3736 3122 morituri,
3817 3056 3822 3061 ’

2144 3154 2382 3210 nondum
2418 3153 2728 3210 credebant.
2774 3151 2945 3220 Quem
2995 3149 3239 3205 viderant
3278 3155 3519 3204 mortuos
3566 3146 3744 3202 susci-

2144 3253 2308 3314 tasse,
2365 3259 2471 3300 non
2523 3242 2813 3300 credebant
2851 3241 3228 3298 resurrexisse.
3259 3239 3447 3294 Merito
3482 3253 3609 3308 ergo
3637 3236 3744 3292 ob-

2139 3337 2494 3409 jurgabantur
2537 3355 2551 3391 :
2602 3333 3023 3392 ostendebantur
3077 3332 3208 3399 sibi,
3241 3339 3298 3386 ut
3345 3331 3747 3386 innotescerent

2141 3431 2243 3488 sibi
2279 3432 2368 3503 qui
2400 3441 2581 3487 essent
2623 3445 2721 3501 per
2767 3443 2826 3485 se
2878 3427 3043 3498 ipsos,
3093 3425 3183 3496 qui
3225 3424 3384 3481 futuri
3427 3432 3607 3480 essent
3643 3439 3746 3494 per

2143 3525 2314 3580 illum.
2339 3524 2430 3580 Sic
2446 3523 2608 3580 etiam
2628 3521 2820 3578 Petrus
2839 3520 3233 3576 demonstratus
3261 3527 3343 3575 est
3366 3518 3490 3584 sibi;
3520 3515 3743 3589 quando

2146 3617 2359 3675 Domini
2389 3615 2704 3672 imminente
2733 3614 2983 3687 passione
3010 3613 3371 3684 prmsumpsit,
3410 3620 3465 3666 et
3490 3609 3744 3666 veniente

2142 3712 2255 3782 ipsa
2295 3711 2546 3782 passione
2573 3709 2844 3766 titubavit.
2890 3707 3034 3763 Vidit
3058 3722 3118 3764 se
3142 3707 3197 3762 in
3243 3723 3324 3775 se,
3365 3705 3535 3762 doluit
3576 3720 3634 3760 se
3687 3704 3742 3758 in

2142 3821 2221 3873 se,
2250 3805 2397 3860 ﬁevit
2420 3820 2482 3862 se
2515 3803 2571 3859 in
2608 3817 2706 3859 se:
2731 3815 3027 3858 conversus
3058 3810 3138 3854 est
3165 3799 3232 3854 ad
3271 3813 3394 3854 eum
3423 3796 3513 3868 qui
3539 3797 3744 3852 fecerat

2141 3912 2200 3953 se
2253 3896 2488 3970 (Matth.
2533 3911 2686 3961 xxvr,
2731 3893 2938 3960 53-55,
2968 3889 3195 3963 69-75).
3241 3889 3382 3946 Ecce
3419 3889 3505 3944 isti
3563 3887 3743 3944 adhuc

2141 4006 2249 4046 non
2292 3989 2603 4058 credebant,
2643 4003 2764 4044 cum
2786 3987 2896 4056 jam
2936 3985 3198 4040 viderent.
3248 3982 3431 4051 Qualis
3459 3981 3603 4036 illius
3651 3982 3741 4036 di-

2141 4083 2320 4154 gnatio
2339 4123 2355 4148 ,
2409 4081 2499 4153 qui
2527 4080 2680 4136 nobis
2708 4078 2854 4134 dedit
2881 4076 3102 4133 credere
3129 4075 3273 4147 quod
3311 4089 3417 4130 non
3442 4072 3689 4129 videmus
3717 4072 3742 4126 ἲ

2141 4173 2251 4229 Nos
2274 4173 2542 4230 credimus
2571 4186 2756 4228 eorum
2801 4169 2998 4236 verbis,
3028 4168 3105 4223 illi
3143 4182 3250 4223 non
3273 4164 3565 4223 credebant
3604 4179 3741 4221 ocu-

2139 4267 2205 4322 lis
2230 4266 2360 4320 suis.

2211 4355 2438 4412 CAPUT
2466 4354 2684 4412 ll.—2.
2709 4355 3095 4410 Sacramentum
3129 4350 3378 4424 passionis
3419 4359 3466 4405 et
3509 4366 3738 4405 resurre—

2139 4452 2320 4506 ctionis
2365 4449 2554 4505 Christi
2591 4449 2845 4519 quodnam
2881 4448 2965 4502 sit.
3017 4445 3198 4501 Mortis
3234 4461 3416 4517 parens
3446 4452 3732 4514 peccatum.

2140 4545 2480 4601 Resurrectio
2508 4552 2684 4599 autem
2715 4542 2925 4598 Domini
2978 4543 3143 4596 nostri
3181 4539 3308 4595 Jesu
3351 4537 3552 4592 Christi
3595 4553 3735 4592 nova

2146 4641 2250 4695 vita
2277 4649 2360 4696 est
2410 4638 2740 4694 credentium
2773 4637 2823 4691 in
2857 4635 3060 4700 Jesum,
3106 4643 3160 4688 et
3188 4632 3290 4688 hoc
3313 4642 3396 4688 est
3423 4647 3735 4687 sacramen-

2141 4742 2251 4788 tum
2297 4731 2562 4802 passionis
2615 4739 2669 4785 et
2715 4727 3125 4784 resurrectionis
3170 4726 3324 4797 ejus,
3380 4724 3522 4797 quod
3577 4722 3736 4778 valde

2139 4840 2301 4880 nosse
2339 4833 2393 4879 et
2436 4838 2594 4893 agere
2622 4820 2848 4877 debetis.
2892 4819 3006 4874 Non
3061 4818 3200 4872 enim
3250 4817 3366 4872 sine
3415 4830 3573 4870 causa
3624 4815 3735 4868 vita

2139 4918 2285 4974 venit
2307 4916 2374 4972 ad
2402 4925 2649 4971 mortem.
2683 4913 2799 4968 Non
2838 4912 2954 4968 sine
2980 4925 3139 4967 causa
3168 4910 3288 4964 fons
3315 4908 3438 4962 vitae
3468 4907 3609 4962 unde
3652 4905 3738 4960 bi-

2139 5013 2282 5068 bitur
2309 5020 2367 5066 ut
2394 5011 2621 5075 vivatur,
2653 5009 2785 5064 bibit
2807 5007 2947 5062 hunc
2974 5005 3194 5062 calicem
3233 5002 3326 5074 qui
3353 5003 3400 5058 ei
3429 5017 3537 5056 non
3564 4999 3735 5055 debe-

2139 5106 2312 5161 batur.
2352 5105 2467 5159 Non
2511 5103 2653 5158 enim
2693 5100 2906 5156 Christo
2931 5098 3226 5155 debebatur
3251 5095 3411 5151 mori.
3457 5093 3610 5151 Unde
3635 5109 3733 5149 ve-

2140 5197 2278 5251 nerit
2305 5210 2469 5262 mors,
2514 5193 2774 5264 originem
2819 5192 2985 5262 ipsius
3008 5205 3329 5261 quaeramus.
3357 5187 3516 5246 Pater
3540 5184 3731 5241 mortis

2139 5297 2413 5360 peccatum
2453 5294 2554 5341 est.
2597 5285 2654 5340 Si
2691 5284 2831 5340 enim
2872 5298 3140 5354 nunquam
3183 5285 3515 5351 peccaretur,
3570 5290 3732 5331 nemo

2140 5388 2456 5435 moreretur.
2505 5376 2704 5446 Legem
2766 5375 2882 5443 Dei,
2941 5374 3041 5428 hoc
3090 5380 3192 5437 cst,
3251 5379 3575 5440 praeceptum
3632 5367 3731 5421 Dei
3777 5375 3802 5390 ‘

2203 5515 2220 5547 ί
2241 5511 2794 5578 Aliquotmannsa‘ipti,
2828 5509 3037 5578 habete;_
3049 5515 3101 5559 et
3130 5506 3272 5569 infra,
3296 5517 3518 5578 occasum
3539 5501 3702 5578 faciat.

2203 5579 2296 5626 ἰη
2310 5564 2616 5648 herecee
2651 5564 2818 5625 οάαίέε
2851 5564 3462 5648 ρεπειρῇίειιιρηρςεξερεξειπ

2138 5639 2353 5690 secunda
2383 5637 2522 5701 feria.
2561 5646 2660 5686 Non
2691 5626 2901 5701 secusin
2935 5626 3436 5694 aliis'mannscriptis,
3479 5626 3570 5679 nisi
3599 5626 3731 5691 quod

2139 5697 2615 5758 omittitur'verbum,
2639 5697 2855 5750 Habitus.

2205 5765 2223 5783 ⁶
2247 5763 2534 5812 Emendatus
2563 5763 2621 5812 ad
2645 5762 2693 5810 d.
2729 5760 2762 5810 f.
2783 5773 2830 5809 r.
2855 5767 2891 5810 t.
2931 5774 2978 5811 ν.
3005 5765 3058 5812 et
3077 5767 3178 5809 Am.
3201 5763 3276 5807 Et.
3298 5763 3400 5806 Par.
3423 5760 3534 5808 LW.

2203 5826 2276 5890 (α)
2299 5825 2441 5889 A1185,
2458 5825 2521 5875 de
2544 5831 2780 5888 Tempore
2805 5821 2910 5874 141.
