4070 6330
382 316 529 385 Μθδ.

383 453 503 496 cum
533 436 839 493 conditione
862 433 1023 489 homo
1044 429 1247 501 primus
1272 424 1477 497 accepit
1503 438 1519 490 ;
1546 429 1605 477 ut
1630 419 1675 476 si
1707 423 1967 479 servaret,

385 534 585 588 viveret
616 546 631 597 ;
664 530 708 584 si
738 532 1126 595 corrumperet,
1172 529 1488 577 moreretur.
1528 515 1641 571 Non
1674 529 1732 569 se
1761 526 1821 567 se
1848 524 1967 566 cre-

385 622 563 680 dendo
594 620 931 682 moriturum,
970 617 1094 672 fecit
1128 614 1266 669 unde
1311 618 1650 675 moreretur;
1683 616 1738 663 et
1773 604 1966 660 invenit

386 731 571 774 verum
601 715 763 771 fuisse
806 712 949 784 quod
992 710 1199 767 dixerat
1239 707 1329 779 qui
1357 706 1527 776 legem
1574 702 1814 759 dederat.
1846 698 1973 755 lnde

385 826 553 880 mors,
608 808 733 865 inde
773 806 1035 874 mortalis,
1063 804 1188 861 inde
1214 804 1385 873 labor,
1417 803 1542 859 inde
1568 802 1801 866 miseria,
1851 799 1975 856 inde

386 905 546 960 etiam
590 910 714 974 post
741 909 969 956 mortem
1013 900 1235 970 primam
1290 913 1440 954 mors
1484 896 1737 962 secunda,
1770 895 1823 951 id
1869 903 1971 960 est,

387 1006 509 1068 post
557 1004 783 1051 mortem
843 994 1193 1065 temporalem
1242 1008 1388 1048 mors
1428 993 1773 1062 sempiterna.
1842 988 1978 1043 Huic

390 1105 516 1161 ergo
536 1089 808 1144 traditioni
840 1090 857 1121 ¹
884 1088 1091 1155 mortis,
1130 1088 1212 1143 his
1239 1087 1443 1157 legibus
1468 1084 1660 1140 inferni
1692 1082 1979 1138 obstrictus

389 1183 625 1237 nascitur
649 1182 825 1236 omnis
843 1181 1001 1235 homo
1032 1199 1044 1234 :
1074 1179 1167 1235 sed
1198 1187 1391 1249 printer
1408 1178 1556 1233 illum
1578 1176 1871 1241 hominem,
1890 1174 1980 1244 qui

392 1276 554 1331 homo
583 1277 755 1331 factus
773 1286 873 1342 est,
897 1290 965 1330 ne
992 1275 1187 1344 periret
1213 1274 1432 1328 homo”.
1458 1271 1571 1327 Non
1600 1271 1741 1324 enim
1778 1268 1982 1339 legibus

392 1370 579 1423 mortis
608 1371 754 1423 venit
770 1368 1057 1423 obstrictus
1083 1387 1096 1422 :
1128 1367 1248 1422 ideo
1272 1366 1467 1421 dicitur
1497 1366 1548 1419 in
1571 1364 1806 1430 Psalmo,
1839 1360 1985 1416 Inter

393 1472 618 1515 mortuos
662 1460 786 1515 liber
806 1459 976 1529 (Psal.
1010 1476 1250 1526 Lxxxvn,
1275 1459 1308 1513 6
1336 1460 1373 1529 ).
1398 1460 1567 1527 Quem
1593 1459 1709 1513 sine
1732 1455 1985 1524 concupi-

393 1554 593 1608 scentia
625 1554 774 1624 virgo
802 1553 1047 1623 concepit
1068 1569 1225 1623 quem
1253 1564 1305 1607 et
1326 1553 1476 1623 virgo
1506 1552 1731 1622 peperit,
1762 1559 1817 1606 et
1836 1550 1985 1621 virgo

392 1646 705 1715 permansit.
728 1646 831 1715 Qui
866 1646 996 1701 vixit
1025 1645 1141 1701 sine
1165 1646 1343 1715 culpa,
1376 1646 1466 1715 qui
1492 1660 1596 1698 non
1637 1652 1719 1699 est
1744 1652 1986 1698 mortuus

394 1749 609 1810 propter
646 1740 856 1810 culpam
906 1758 919 1793 ε
966 1740 1365 1793 communicans
1424 1738 1701 1791 nobiscum
1750 1752 1985 1806 pinnam,

396 1848 500 1888 non
542 1833 943 1888 communicaris
982 1832 1236 1901 culpam“.
1267 1832 1432 1886 Poena
1464 1832 1631 1899 culpa:
1660 1845 1803 1884 mors
1834 1848 1846 1884 :
1877 1830 1985 1884 Do-

396 1929 572 1982 minus
600 1927 755 1982 Jesus
786 1925 1028 1981 Christus
1056 1926 1189 1979 mori
1221 1924 1383 1990 venit,
1418 1938 1643 1992 peccare
1672 1938 1777 1976 non
1804 1922 1984 1977 venit:

396 2019 841 2075 communicando
879 2018 1153 2072 nobiscum
1198 2018 1313 2071 sine
1338 2016 1493 2084 culpa
1521 2030 1755 2085 pinnam,
1784 2024 1837 2069 et
1870 2014 1986 2069 cul-

401 2127 519 2181 pam
573 2111 733 2166 solvit
783 2119 838 2166 et
884 2125 1119 2181 poenam.
1164 2109 1332 2177 Quam
1373 2123 1585 2177 pmuam
1612 2106 1820 2161 solvit?
1862 2106 1991 2174 Quae

398 2203 553 2259 nobis
596 2203 889 2259 debebatur
931 2212 1052 2274 post
1092 2202 1248 2257 istam
1296 2202 1476 2256 vitam.
1524 2201 1666 2270 Ergo
1709 2200 1992 2256 crucilixus

397 2304 501 2363 est,
556 2305 615 2351 ut
658 2297 711 2351 in
763 2312 923 2353 cruce
968 2296 1276 2352 ostenderet
1326 2295 1523 2350 veteris
1562 2293 1796 2349 hominis
1824 2295 1992 2349 nostri

398 2403 646 2444 occasum
681 2408 695 2444 :
727 2399 781 2445 et
824 2390 1139 2456 resurrexit,
1196 2396 1253 2442 ut
1300 2388 1354 2441 in
1392 2402 1487 2442 sua
1539 2387 1645 2441 vita
1688 2386 1995 2441 ostenderet

401 2491 598 2537 nostrae
650 2483 773 2537 vitae
825 2484 1135 2539 novitatem.
1198 2481 1289 2539 Sic
1332 2483 1477 2538 enim
1541 2481 1781 2536 doctrina
1838 2482 1993 2539 docet

400 2577 689 2648 apostolica
714 2576 984 2631 :Traditus
1013 2587 1106 2643 est,
1135 2578 1325 2647 inquit,
1356 2586 1562 2649 propter
1577 2586 1783 2648 peccata
1798 2587 1990 2633 nostra.

401 2680 446 2724 et
486 2671 757 2724 resurrexit
792 2680 995 2742 prapter
1029 2671 1450 2741 justi/icationem
1476 2670 1990 2740 nostram(Rom.tv,

398 2762 515 2832 ‘25).
549 2763 715 2833 Hujus
741 2762 817 2818 rei
847 2764 1055 2834 signum
1078 2763 1414 2819 circumcisio
1443 2763 1564 2818 data
1584 2772 1700 2819 erat
1721 2763 1990 2831 Patribus,

403 2868 456 2912 ut
484 2868 675 2913 octavo
712 2857 799 2914 die
824 2859 1296 2914 circumcideretur
1330 2860 1503 2912 omnis
1548 2859 1812 2913 masculus
1840 2858 1990 2931 (Gen.

403 2966 536 3017 xvu,
568 2948 676 3023 12).
700 2949 1048 3005 Circumcisio
1076 2950 1233 3006 {iebat
1258 2952 1309 3005 in
1328 2951 1555 3006 cultellis
1576 2953 1795 3021 petrinis
1814 2950 1996 3023 (Iosue

401 3043 514 3113 νβ)
545 3061 556 3095 :
581 3043 701 3113 quia
724 3053 869 3113 petra
891 3054 1003 3097 erat
1030 3044 1272 3097 Christus
1301 3044 1340 3117 (Ι
1366 3042 1544 3110 Conx,
1565 3044 1643 3114 4).
1677 3044 1733 3098 ln
1770 3045 1868 3098 ista
1890 3045 1996 3099 cir-

403 3138 727 3193 cumcisione
752 3137 1149 3206 significabatur
1175 3138 1488 3208 exSpoliatio
1515 3138 1743 3192 carnalis
1764 3139 1883 3192 vitae
1904 3153 1995 3193 oc-

406 3241 525 3285 tavo
572 3231 660 3285 die
690 3246 786 3300 per
813 3224 1013 3285 Christi
1062 3231 1526 3284 resurrectionem.
1556 3229 1827 3299 Septimus
1850 3231 1994 3285 enim

404 3325 516 3379 dies
540 3324 885 3378 hebdomadis
908 3324 1128 3378 sabbato
1149 3324 1464 3393 completur.
1489 3322 1722 3379 Sabbato
1741 3324 1996 3379 Dominus

400 3418 567 3489 jacuit
588 3420 639 3473 in
666 3419 929 3489 sepulcro,
956 3418 1179 3487 septima
1200 3417 1441 3472 sabbati:
1469 3418 1759 3473 resurrexit
1784 3426 1992 3474 octava.

404 3511 746 3566 Resurrcctio
789 3511 955 3579 ipsius
990 3510 1208 3563 innovat
1246 3526 1363 3565 nos.
1399 3510 1541 3581 Ergo
1568 3520 1757 3565 octavo
1795 3510 1881 3565 die
1910 3525 1995 3565 re-

406 3604 673 3673 surgendo
701 3602 1034 3657 circumcidit
1062 3618 1178 3657 nos.
1220 3602 1275 3656 ln
1314 3603 1427 3671 ipsa
1456 3618 1551 3671 spe
1579 3601 1860 3656 vivimus‘.

478 3693 702 3749 CAPUT
728 3692 971 3747 lll.—5.
1020 3692 1166 3747 Bona
1208 3693 1308 3746 vita
1355 3701 1568 3747 mortem
1620 3690 1999 3761 comprehendit

408 3798 452 3841 et
501 3790 934 3841 resurrectionem.
993 3786 1286 3841 Audiamus
1332 3786 1647 3856 Apostolum
1695 3785 1995 3852 dicentem,

411 3881 471 3936 Si
517 3882 857 3935 resurrexistts
912 3896 1023 3932 cum
1075 3878 1294 3934 Christo.
1337 3878 1617 3947 Quomodo
1647 3878 1995 3949 resurgimus,

409 3975 497 4046 qui
528 3973 763 4028 nondum
796 3974 990 4027 mortui
1017 3974 1245 4026 sumus?
1274 3972 1410 4041 Quid
1453 3982 1535 4027 est
1563 3988 1692 4043 ergo
1737 3972 1878 4043 quod
1905 3988 2000 4027 vo-

412 4069 507 4122 luit
548 4068 727 4121 dicere
768 4066 1077 4136 Apostolus,
1108 4064 1169 4119 Si
1202 4066 1546 4119 resurrexistis
1593 4081 1709 4117 cum
1750 4064 1950 4119 Christo
1975 4065 2001 4119 ?

409 4159 674 4230 Numquid
706 4160 794 4213 ille
837 4158 1236 4220 resurrexisset,
1281 4158 1381 4211 nisi
1424 4157 1568 4226 prius
1600 4165 1837 4212 mortuus
1865 4155 1999 4211 fuis-

410 4253 539 4309 set?
570 4250 880 4306 Viventibus
930 4250 1283 4320 loquebatur,
1333 4249 1567 4304 nondum
1624 4250 1997 4315 morientibus,

410 4357 463 4402 et
511 4348 621 4417 jam
666 4344 1111 4417 resurgentibus?
1157 4343 1291 4411 Quid
1337 4343 1433 4397 sibi
1460 4342 1622 4397 vult?
1654 4343 1838 4398 Videte
1876 4342 1999 4413 quid

410 4442 555 4496 dicat
586 4459 599 4494 :
637 4459 656 4492 ι
695 4439 749 4494 Si
784 4438 1154 4494 resurrexistis
1179 4452 1299 4490 cum
1342 4435 1555 4492 Christo
1579 4479 1592 4502 ,
1641 4452 1759 4507 qua:
1789 4451 1999 4492 sursum

412 4542 540 4588 sunt
575 4532 831 4605 quaerite,
883 4531 970 4585 ubi
1002 4530 1247 4585 Christus
1287 4538 1371 4583 est
1420 4529 1471 4582 in
1503 4528 1719 4583 dextera
1766 4529 1857 4583 Dei
1917 4543 2003 4583 se-

410 4626 545 4681 dens
586 4642 601 4680 :
642 4639 760 4694 qua:
806 4638 1015 4677 sursum
1068 4630 1192 4677 sunt
1261 4623 1463 4692 sapite,
1516 4636 1620 4676 non
1676 4636 1793 4692 quas
1841 4637 2004 4691 super

413 4728 630 4773 terram.
671 4717 863 4772 Mortui
901 4716 1045 4772 enim
1094 4716 1241 4770 estis.
1278 4734 1295 4766 ι
1352 4715 1468 4785 Ipse
1514 4715 1643 4771 dicit
1691 4715 1999 4785 Apostolus,

416 4826 521 4865 non
569 4824 669 4881 ego
716 4828 731 4863 :
780 4805 876 4863 sed
927 4817 1103 4862 tamen
1158 4823 1341 4861 verum
1370 4808 1610 4873 dicit;et
1656 4807 1776 4862 ideo
1815 4808 1932 4863 dico
1951 4816 2005 4863 et

413 4918 533 4974 ego.
564 4902 741 4970 Quare
769 4900 899 4955 illud
936 4899 1056 4953 dico
1085 4909 1137 4955 et
1165 4914 1265 4969 ego
1294 4902 1317 4952 Υ
1354 4896 1577 4966 Credidi,
1630 4910 1835 4970 prapter
1870 4901 2005 4971 quod

414 4997 609 5049 locutus
647 5010 760 5048 sum
792 4991 978 5064 (Psal.
1008 5006 1132 5055 cxv,
1165 4990 1256 5062 l).
1304 4991 1357 5045 Si
1406 4991 1541 5047 bene
1587 4992 1833 5059 vivimus,
1862 5008 2007 5048 mor-

415 5087 488 5140 tui
507 5099 713 5149 sumus,
742 5092 795 5138 et
821 5082 1232 5138 resurreximus.
1262 5082 1363 5148 Qui
1389 5091 1565 5137 autem
1597 5083 1831 5137 nondum
1858 5070 2005 5139 mor-9

414 5192 537 5236 tuus
566 5188 668 5246 est,
694 5194 793 5233 nec
815 5176 1127 5240 resurrexit,
1160 5176 1297 5230 male
1317 5175 1492 5231 adhuc
1517 5176 1643 5230 vivit
1677 5195 1689 5231 :
1715 5183 1769 5231 et
1792 5177 1835 5231 si
1866 5177 2006 5233 male

478 5274 495 5305 ¹
522 5274 596 5323 sic
616 5270 841 5336 plerique
863 5269 975 5319 ωδ.
993 5276 1043 5336 l_n
1060 5275 1130 5336 B_.,
1152 5267 1430 5336 conditioni.
1451 5331 1461 5336 _
1492 5276 1550 5318 Μ.

475 5338 496 5367 ²
516 5343 582 5385 tta
599 5329 774 5384 omnes
784 5329 1121 5395 manuscripti.
1134 5338 1189 5381 At
1214 5332 1348 5395 editi,
1373 5331 1461 5382 sed
1482 5337 1676 5395 propter
1698 5329 1837 5383 illum
1858 5331 2008 5384 homi-

413 5411 523 5448 nem
550 5406 677 5447 Deus
698 5397 854 5460 factus
876 5403 945 5446 est
967 5393 1128 5460 homo,
1146 5407 1205 5443 ne
1228 5394 1406 5457 periret
1424 5393 1577 5445 homo;

479 5461 499 5491 ⁸
516 5461 589 5509 sic
604 5455 709 5509 Bassi
738 5458 855 5508 Editi
878 5471 1023 5517 vero,
1048 5456 1130 5519 qui
1153 5455 1457 5507 est—mortuus
1476 5463 1671 5521 propter
1702 5455 1895 5519 culpam
1916 5470 2008 5521 non

413 5536 569 5574 suam.
612 5530 732 5572 Nam
775 5527 991 5571 mortuus
1034 5518 1104 5570 eat
1149 5526 1343 5583 propter
1386 5518 1614 5569 nostram.
1664 5518 1809 5568 Poena
1852 5518 2009 5582 culpa:

416 5598 564 5636 mors.
593 5592 689 5633 etc.

477 5623 723 5697 ΐέἰρῖξὲὲ.
764 5653 819 5695 At
852 5645 988 5706 editi,
1004 5642 1161 5707 jacuit
1183 5643 1233 5694 in
1250 5641 1509 5707 sepulcro;
1534 5649 1696 5707 octavo
1731 5647 1891 5707 autem
1930 5643 2009 5694 die

415 5709 714 5773 resurgendo
731 5720 815 5773 nos
1132 5719 1216 5757 nos
1253 5704 1416 5757 actam
1452 5704 1533 5758 die
1555 5704 1890 5767 circumcidit;
1926 5718 2010 5758 nos

415 5768 912 5836 inipsbspevtvinms.

1727 296 1956 357 SEllMO
1993 294 2272 353 CCXXXI.

3530 295 3667 358 1106

2078 411 2225 476 vivit,
2256 425 2361 466 non
2394 412 2525 467 vivit
2570 412 2892 480 :moriatur,
2945 427 3011 468 ne
3056 411 3336 468 moriatur.
3378 411 3519 483 Quid
3562 424 3666 482 est,

2081 504 2359 571 moriatur,
2383 519 2452 561 ne
2491 504 2750 561 moriatur
2775 504 2799 560 ?
2826 505 3076 573 Mutetur,
3110 521 3179 562 ne
3226 507 3527 563 damnetur.
3565 527 3583 561 ι
3612 508 3670 566 Si

2080 596 2450 651 resurrexistis
2475 612 2595 652 cum
2645 596 2879 666 Christo,
2913 616 2933 652 ι
2964 598 3125 654 verba
3169 608 3359 669 repeto
3386 601 3626 672 Apostoli
3652 644 3668 671 ,

2088 707 2108 741 ί
2135 704 2255 759 qum
2284 703 2495 744 sursum
2526 698 2650 745 sunt
2675 691 2916 761 quaerite,
2945 690 3035 746 ubi
3069 689 3314 747 Christus
3330 702 3412 747 est
3452 693 3506 748 in
3550 692 3675 750 dexo

2083 788 2197 836 tera
2224 780 2320 836 Dei
2348 780 2541 837 sedens
2581 799 2596 836 :
2644 798 2761 853 quae
2792 798 3003 839 sursum
3034 792 3159 839 sunt
3184 786 3375 855 sapite,
3418 802 3524 843 nou
3555 802 3675 859 quae

2084 891 2244 946 super
2272 884 2491 932 terram.
2542 876 2732 931 Mortui
2758 878 2899 932 enim
2925 878 3078 945 estis,
3112 888 3168 934 et
3196 879 3302 933 vita
3332 890 3511 937 vestra
3548 881 3675 939 abs-

2085 968 2297 1024 condita
2343 976 2427 1024 est
2463 983 2587 1023 cum
2627 968 2841 1025 Christo
2871 970 2925 1024 in
2964 970 3093 1026 Deo.
3139 968 3271 1026 Cum
3302 970 3546 1029 Christus
3584 990 3677 1045 ap-

2087 1061 2326 1131 paruerit
2348 1060 2452 1115 vita
2488 1068 2686 1127 vestra,
2718 1069 2845 1115 tunc
2882 1070 2935 1117 et
2964 1076 3060 1117 vos
3087 1076 3210 1117 cum
3241 1063 3331 1117 illo
3355 1066 3678 1135 apparebitis

2088 1153 2141 1208 in
2172 1152 2340 1223 gloria
2369 1171 2389 1205 ι
2422 1150 2657 1224 (Coloss.
2685 1168 2762 1218 ιιι,
2796 1150 2945 1226 1-4).
2993 1153 3117 1209 llaec
3170 1163 3294 1208 sunt
3334 1155 3491 1211 verba
3532 1157 3679 1227 Apo-

2089 1248 2235 1303 stoli.
2270 1248 2329 1301 Ei
2356 1247 2446 1318 qui
2475 1246 2708 1301 nondum
2739 1255 2979 1301 mortuus
3008 1255 3110 1313 est,
3140 1247 3261 1303 dico
3289 1258 3349 1303 ut
3378 1250 3633 1305 moriatur
3663 1269 3679 1307 :

2090 1340 2137 1395 ei
2177 1339 2266 1409 qui
2310 1339 2485 1393 adhuc
2528 1339 2666 1393 male
2695 1338 2846 1404 vivit,
2882 1338 3002 1393 dico
3035 1349 3091 1392 ut
3129 1349 3381 1394 mutetur.
3433 1340 3488 1396 Si
3534 1342 3680 1397 enim
3746 1372 3751 1409 ς

2092 1431 2231 1485 male
2277 1431 2506 1498 vivebat,
2557 1438 2610 1484 et
2631 1431 2742 1500 jam
2790 1444 2894 1485 non
2927 1430 3065 1487 male
3092 1432 3253 1499 vivit,
3286 1442 3527 1489 mortuus
3554 1443 3679 1491 est:
3744 1420 3753 1493 ἶ

2094 1522 2139 1578 si
2161 1523 2297 1577 bene
2320 1523 2472 1586 vivit,
2502 1523 2816 1577 resurrexit.
3748 1555 3757 1603 ε

2166 1606 2392 1662 CAPUT
2431 1607 2519 1661 ιγ.
2545 1638 2617 1649 ——
2642 1608 2694 1662 4.
2724 1606 2859 1661 Bene
2896 1608 3077 1673 vivere,
3119 1608 3258 1677 quid.
3290 1609 3501 1665 Beatam
3528 1613 3683 1667 vitam
3749 1606 3757 1665 ἓ

2094 1699 2148 1753 in
2180 1708 2313 1753 terra
2342 1715 2585 1771 querere,
2629 1699 2966 1754 mendacium.
3001 1699 3109 1755 Sed
3146 1701 3273 1771 quid
3316 1712 3398 1758 est
3432 1706 3567 1761 bene
3602 1707 3686 1761 vi-

2095 1792 2256 1847 vere?
2286 1792 2415 1859 Quae
2441 1808 2653 1847 sursum
2686 1801 2808 1846 sunt
2847 1807 3055 1862 sapere,
3089 1807 3196 1846 non
3226 1809 3345 1862 qua:
3388 1809 3549 1864 super
3576 1806 3685 1851 ter-

2096 1900 2232 1939 ram.
2264 1884 2529 1950 Quamdiu
2564 1894 2705 1939 terra
2734 1900 2811 1951 es,
2841 1894 2895 1939 et
2920 1884 2973 1938 in
3005 1894 3199 1940 terram
3230 1885 3374 1940 vadis
3402 1884 3555 1959 (Gen.
3594 1904 3686 1957 ιιι,

2098 1976 2243 2047 i9)?
2283 1976 2544 2043 Quamdiu
2589 1978 2746 2047 lingis
2792 1976 3025 2031 terram?
3054 1978 3296 2033 Amando
3333 1989 3555 2047 terram,
3590 1981 3725 2037 ιιιί-μ

2097 2085 2201 2140 que
2228 2070 2387 2140 lingis
2421 2079 2643 2137 terram,
2676 2079 2731 2124 et
2760 2069 2992 2126 efliceris
3022 2070 3138 2141 ejus
3169 2072 3436 2139 inimicus,
3480 2072 3548 2130 de
3586 2090 3692 2146 quo

2098 2159 2228 2216 dicit
2266 2162 2549 2217 Psalmus:
2588 2161 2655 2214 Et
2686 2162 2879 2215 inimici
2908 2164 3018 2230 ejus
3054 2172 3237 2216 terram
3275 2161 3465 2235 lingent
3495 2164 3515 2236 (
3540 2163 3689 2221 Psal.

2100 2269 2254 2320 Lxxl,
2287 2253 2385 2325 9).
2434 2254 2572 2322 Quid
2600 2255 2801 2309 eratis?
2842 2254 2962 2309 Filii
3008 2254 3300 2310 hominum.
3350 2256 3487 2324 Quid
3525 2258 3693 2314 estis?

2100 2346 2220 2402 Filii
2250 2346 2367 2401 Dei.
2414 2344 2543 2400 Filii
2572 2347 2835 2400 hominum
2864 2362 3119 2418 quousque
3153 2363 3329 2417 graves
3367 2348 3554 2403 corde?
3594 2348 3691 2405 Ut-

2100 2439 2222 2509 quid
2246 2438 2455 2509 diligitis
2488 2439 2785 2504 vanitatem,
2823 2446 2869 2492 et
2907 2438 3132 2508 qua’ritis
3159 2438 3515 2495 mendacium?
3541 2440 3694 2509 Quod

2100 2530 2435 2586 mendacium
2468 2530 2745 2601 quaeritis?
2776 2529 2904 2584 Dico
2935 2529 3097 2583 modo
3123 2531 3163 2582 ⁸.
3193 2531 3340 2585 Beati
3366 2545 3486 2586 esse
3510 2532 3690 2601 vultis,

2100 2622 2233 2678 scio.
2266 2623 2340 2677 Da
2370 2622 2500 2677 mihi
2531 2622 2803 2679 hominem
2836 2623 3123 2691 latronem,
3156 2624 3495 2691 sceleratum,
3528 2626 3695 2681 forni-

2101 2724 2360 2780 catorem,
2391 2717 2714 2781 malelicum,
2744 2717 3064 2787 sacrilegum
3086 2759 3104 2785 ,
3142 2720 3389 2774 omnibus
3429 2721 3569 2776 vitiis
3614 2723 3696 2776 in-

2100 2808 2401 2879 quinatum,
2432 2809 2683 2863 omnibus
2710 2808 2922 2879 ﬂagitiis
2953 2825 3047 2865 seu
3074 2811 3396 2867 facinoribus
3422 2814 3692 2884 obrutum,

2101 2902 2189 2971 qui
2217 2916 2323 2955 non
2350 2901 2477 2955 velit
2506 2902 2661 2957 beate
2690 2902 2889 2957 vivere.
2932 2900 3075 2969 Scio,
3122 2918 3311 2958 omnes
3353 2905 3515 2961 vultis
3541 2907 3697 2963 beate

2100 2993 2281 3049 vivere
2308 3012 2321 3048 :
2346 2994 2439 3048 sed
2470 2994 2608 3048 unde
2645 2995 2807 3049 homo
2846 2994 3002 3050 beate
3038 2996 3195 3061 vivit,
3248 2996 3350 3053 hoc
3390 3014 3498 3053 non
3537 3000 3697 3056 vultis

2101 3099 2364 3153 quazrere.
2393 3085 2601 3152 Quteris
2628 3102 2815 3140 aurum
2835 3128 2848 3151 ,
2890 3086 3009 3157 quia
3041 3098 3192 3157 putas
3224 3097 3275 3143 te
3305 3089 3371 3143 de
3399 3106 3529 3145 auro
3567 3092 3696 3147 bea-

2101 3186 2212 3232 tum
2244 3178 2477 3233 futurum
2507 3199 2520 3234 :
2552 3180 2645 3235 sed
2677 3196 2863 3234 aurum
2898 3190 2948 3236 te
2976 3197 3079 3236 non
3110 3182 3237 3238 facit
3258 3184 3493 3241 beatum.
3522 3186 3698 3254 Quare

2102 3269 2299 3339 quaeris
2326 3271 2702 3325 mendacium?
2718 3272 2896 3339 Quare
2919 3274 2999 3326 vis
3020 3288 3139 3329 esse
3166 3276 3217 3329 in
3242 3257 3343 3329 isto
3364 3279 3559 3332 saeculo
3579 3278 3699 3334 sub-

2102 3362 2356 3418 limatus?
2382 3363 2512 3429 Quia
2547 3364 2753 3419 honore
2788 3365 3061 3419 hominum
3088 3375 3145 3421 et
3173 3383 3366 3438 pompa
3396 3369 3575 3425 saeculi
3604 3386 3700 3441 pu-

2106 3466 2186 3512 tas
2213 3465 2266 3512 te
2294 3456 2508 3512 beatum
2540 3457 2777 3511 futurum
2804 3476 2819 3513 :
2851 3458 2944 3513 sed
2972 3474 3166 3529 pompa
3194 3462 3373 3516 saeculi
3404 3477 3510 3517 non
3543 3471 3593 3518 te
3624 3462 3701 3518 fa-

2102 3548 2177 3603 cit
2200 3548 2437 3603 beatum.
2478 3547 2653 3616 Quare
2686 3550 2883 3619 quaeris
2931 3550 3304 3605 mendacium?
3345 3552 3414 3606 Et
3442 3553 3700 3623 quidquid

2104 3640 2348 3711 hic‘aliud
2366 3642 2582 3711 quaeris,
2596 3656 2717 3696 cum
2740 3642 3073 3697 saaculariter
3087 3644 3305 3713 quaeris,
3321 3658 3442 3699 cum
3468 3646 3700 3702 amando

2106 3740 2303 3788 terram
2344 3734 2559 3804 quaeris,
2604 3750 2726 3790 cum
2777 3735 3026 3804 lingendo
3070 3744 3267 3790 terram
3313 3737 3544 3807 quaeris;
3576 3753 3702 3808 pro-

2107 3832 2289 3894 pterea
2329 3826 2543 3894 quaeris,
2578 3836 2635 3879 ut
2674 3826 2749 3879 sis
2788 3826 2977 3881 beatus
3006 3844 3017 3879 :
3053 3826 3146 3881 sed
3178 3827 3320 3881 nulla
3365 3842 3455 3883 res
3484 3837 3700 3886 terrena

2108 3928 2160 3974 te
2188 3919 2313 3973 facit
2338 3918 2573 3972 beatum.
2602 3918 2779 3987 Quare
2806 3934 2912 3973 non
2942 3934 3123 3974 cessas
3148 3918 3438 3989 quaerendo
3474 3921 3701 3977 menda-

2105 4011 2282 4067 cium?
2322 4010 2470 4067 Unde
2499 4027 2627 4081 ergo
2652 4012 2760 4067 eris
2798 4009 3023 4066 beatus?
3060 4010 3185 4064 Filii
3228 4011 3489 4065 hominum
3515 4028 3702 4082 quous-

2106 4124 2201 4179 que
2226 4122 2401 4179 graves
2430 4107 2621 4159 corde?
2657 4105 2773 4160 Non
2813 4106 2973 4159 vultis
3018 4119 3138 4160 esse
3177 4120 3367 4175 graves
3395 4106 3579 4174 corde,
3608 4107 3702 4177 qui

2108 4210 2249 4257 terra
2278 4200 2514 4255 oneratis
2541 4215 2634 4255 cor
2659 4199 2934 4255 vestrum?
2959 4197 3246 4269 Quousque
3272 4199 3485 4253 fuerunt
3510 4214 3701 4269 graves

2108 4292 2271 4348 corde
2301 4290 2588 4347 homines?
2617 4293 2915 4361 Antequam
2962 4290 3169 4345 veniret
3216 4290 3461 4346 Christus
3485 4334 3500 4358 ,
3550 4300 3701 4346 ante-

2108 4400 2270 4456 quam
2304 4394 2608 4455 resurgeret
2649 4384 2913 4451 Christus,
2962 4382 3178 4438 fuerunt
3221 4383 3465 4437 homines
3510 4398 3701 4453 graves

2109 4476 2292 4532 corde.
2326 4476 2599 4545 Quousque
2624 4491 2798 4546 graves
2822 4474 3014 4530 corde?
3039 4474 3231 4545 thuid
3260 4474 3471 4545 diligitis
3499 4474 3700 4527 vanita-

2110 4580 2228 4635 tem,
2257 4580 2304 4624 et
2341 4570 2561 4641 quwritis
2601 4569 2961 4624 mendacium?
2986 4568 3243 4623 Volentes
3268 4567 3411 4622 beati
3439 4581 3579 4635 esse,
3610 4582 3701 4622 eas

2110 4682 2198 4721 res
2224 4665 2464 4735 quaeritis
2489 4663 2631 4718 unde
2658 4664 2838 4718 miseri
2870 4664 3003 4717 sitis.
3035 4662 3194 4717 Fallit
3218 4675 3313 4715 vos
3338 4660 3480 4731 quod
3508 4660 3703 4730 quieri-

2114 4760 2179 4814 tis
2208 4776 2221 4811 :
2256 4757 2592 4812 mendacium
2620 4765 2723 4822 est,
2756 4756 2898 4826 quod
2924 4755 3179 4825 quaeritis.

2182 4848 2406 4905 CAPUT
2452 4848 2513 4901 V.
2537 4877 2611 4890 —
2635 4848 2686 4904 5.
2731 4847 2891 4902 Beata
2929 4848 3029 4901 vita
3067 4847 3153 4900 ubi
3189 4844 3479 4915 quaerenda.
3507 4843 3703 4900 Beatus
3732 4843 3749 4857 "

2102 4944 2192 4998 -vis
2217 4957 2337 4998 esse
2353 4948 2374 4993 ’ξ
2412 4940 2671 5008 Ostendo,
2713 4942 2758 4996 si
2790 4943 2887 5006 vis,
2934 4940 3071 4995 unde
3109 4940 3184 4994 sis
3216 4939 3423 4993 beatus.
3467 4938 3704 5008 Sequere

2113 5034 2230 5088 ibi:
2273 5033 2543 5103 Quousque
2585 5048 2760 5105 graves
2796 5031 2987 5085 corde?
3033 5029 3224 5100 thuid
3264 5029 3474 5099 diligitis
3508 5030 3705 5083 vanita-

2113 5135 2233 5191 tem,
2262 5137 2309 5180 et
2337 5126 2561 5195 quan-itis
2600 5123 2951 5178 mendacium?
2980 5121 3192 5177 Scitote.
3231 5119 3405 5187 Quid?
3450 5119 3701 5187 Quoniam

2114 5220 2363 5275 Dominus
2388 5218 2731 5291 magni/icavit
2763 5216 3011 5271 Sanctum
3038 5230 3188 5269 suum
3215 5212 3386 5284 (Psal.
3416 5226 3495 5278 tv,
3524 5213 3577 5277 ὅ,
3603 5211 3637 5265 4
3658 5210 3703 5282 ).

2120 5314 2275 5369 Venit
2304 5313 2547 5369 Christus
2574 5313 2641 5366 ad
2671 5312 2916 5385 miserias
2942 5319 3188 5375 nostras;
3226 5306 3444 5362 esurivit
3463 5348 3478 5373 ,
3506 5306 3670 5360 sitivit
3690 5349 3704 5371 ,

2116 5406 2366 5477 fatigatus
2392 5416 2495 5473 est,
2525 5404 2810 5469 dormivit;
2843 5404 2977 5457 mira
3007 5402 3160 5467 fecit,
3206 5401 3342 5456 mala
3372 5413 3563 5470 passus
3591 5408 3705 5467 est,

2116 5498 2414 5569 ﬂagellatus
2440 5506 2540 5562 est,
2573 5497 2739 5567 spinis
2768 5505 3053 5551 coronatus
3082 5504 3184 5560 est,
3212 5493 3381 5564 sputis
3409 5491 3572 5547 illitus
3601 5500 3705 5558 est,

2118 5591 2286 5661 alapis
2310 5605 2504 5655 caesus,
2529 5590 2671 5660 ligno
2697 5588 2961 5655 conﬁxus,
2990 5588 3170 5642 lancea
3192 5587 3520 5653 vulneratus,
3546 5586 3597 5639 in
3624 5598 3708 5639 se-

2172 5706 2199 5776 }
2235 5706 2308 5756 sic
2352 5704 2681 5768 manuscripti.
2715 5710 2775 5757 At
2811 5703 2962 5767 editi,
3008 5704 3240 5757 mundum
3260 5715 3281 5768 ,'
3311 5705 3491 5756 omisso
3528 5700 3707 5763 verbo,
