3996 6438
300 280 436 339 1109

298 408 502 462 rentur,
532 402 590 452 ut
627 392 769 468 quod
804 394 919 467 ipse
952 390 1154 447 sciebat
1190 389 1266 453 illi
1304 386 1616 443 faterentur.
1649 385 1715 439 Et
1743 383 1883 454 quod

299 490 521 547 audistis
542 531 555 553 ,
588 487 771 542 mirari
814 494 1120 569 coeperunt,
1150 484 1273 554 quia
1316 482 1382 537 de
1416 496 1474 536 re
1513 479 1655 534 clara
1686 487 1740 533 et
1778 487 1884 532 tam

300 580 578 639 manifesta
603 580 749 643 velut
772 593 802 633 a
824 578 1094 632 nesciente
1124 575 1598 651 interrogabantur.
1628 570 1701 623 Tu
1726 570 1881 633 solus,

300 672 564 744 inquiunt,
598 671 895 743 peregrinus
924 685 975 723 es
1002 667 1053 721 in
1082 667 1395 732 Jerusalem,
1426 675 1470 719 et
1499 664 1660 717 nescis
1688 678 1799 732 quw
1819 659 1887 713 ibi

299 779 435 843 gesta
456 777 573 823 sunt
593 768 618 820 ?
637 769 704 820 At
726 765 814 825 ille
840 763 973 818 dixit
999 780 1010 815 :
1042 760 1209 841 Qute?
1243 760 1314 813 De
1332 758 1457 813 Iesu
1485 756 1775 817 Nazareno,
1800 754 1887 823 qui

298 864 395 935 fuit
436 860 684 932 propheta
710 866 887 929 potens
913 857 1062 931 factis
1088 864 1131 907 et
1160 853 1307 906 dictis
1334 851 1485 923 (Luc.
1517 866 1671 915 xxiv,
1704 846 1883 917 1-19).

298 956 408 1009 Hoc
438 962 519 1007 est
542 995 555 1017 ,
590 968 620 1003 o
652 947 938 1019 discipuli?
966 945 1229 1016 Propheta
1261 952 1373 999 erat
1399 942 1673 1005 Christus,
1704 938 1887 993 Domi-

300 1064 397 1103 nus
427 1042 847 1118 prophetarum?
876 1040 1050 1095 Judici
1080 1048 1256 1093 vestro
1281 1051 1472 1094 nomen
1500 1032 1762 1105 praeconis
1788 1030 1889 1084 im-

301 1142 513 1210 ponitis.
567 1136 646 1190 Ad
692 1136 987 1193 alienorum
1030 1132 1195 1197 verba
1238 1130 1579 1185 devenerant.
1628 1125 1765 1192 Quid
1810 1131 1892 1179 est

297 1233 435 1298 quod
482 1232 625 1299 dixi,
657 1230 953 1283 alienorum
994 1225 1191 1280 verba?
1222 1224 1489 1288 Recolite,
1522 1219 1733 1292 quando
1777 1218 1891 1288 ipse

296 1327 447 1383 lusus
478 1324 551 1376 ait
573 1322 848 1391 discipulis
874 1321 1013 1384 suis,
1048 1319 1205 1384 Quem
1228 1334 1305 1370 me
1330 1316 1555 1368 homines
1582 1330 1689 1366 esse
1716 1310 1891 1364 dicunt

294 1418 458 1491 ﬁlium
486 1413 741 1468 hominis?
780 1411 1172 1481 responderunt
1214 1409 1494 1479 opiniones
1538 1404 1759 1459 alienas.
1791 1402 1892 1455 Alii

299 1486 471 1559 dicunt
500 1506 636 1574 quod
666 1504 807 1558 Elias
830 1521 918 1563 es:
948 1502 1059 1569 alii,
1084 1503 1203 1575 quia
1233 1486 1456 1557 Joannes
1486 1498 1752 1573 Baptista;
1780 1496 1890 1561 alii,

300 1601 417 1666 quia
444 1598 697 1653 Jeremias
716 1639 731 1664 ,
760 1606 845 1649 aut
867 1613 997 1649 unus
1024 1612 1086 1648 ea:
1118 1593 1407 1667 Prop/ictis.
1438 1591 1608 1645 Verba
1638 1590 1734 1644 ista
1763 1590 1892 1643 alie-

301 1708 492 1746 norum
539 1698 690 1744 erant
712 1731 725 1752 ,
759 1706 862 1742 non
896 1688 1295 1757 discipulorum.
1326 1686 1466 1740 Ecce
1496 1685 1559 1737 ad
1594 1685 1705 1754 ipsa
1734 1684 1893 1737 verba

302 1786 546 1855 discipuli
564 1792 848 1838 venerunt.
875 1783 1028 1835 Nunc
1050 1799 1166 1851 ergo
1193 1798 1277 1835 vos
1297 1798 1441 1846 quem
1464 1798 1540 1834 me
1564 1796 1668 1835 esse
1687 1778 1895 1833 dicitis?

304 1877 677 1949 Respondistis
709 1877 836 1930 mihi
865 1876 1148 1946 Opiniones
1188 1876 1420 1943 alienas,
1457 1875 1614 1929 ﬁdem
1661 1882 1891 1928 vestram

305 1971 423 2025 volo
456 1969 661 2024 audire.
697 1969 845 2022 Tunc
876 1969 947 2021 ait
968 1969 1174 2033 Petrus,
1195 1982 1329 2021 unus
1355 1983 1447 2036 pro
1475 1966 1738 2029 omnibus,
1774 1967 1893 2033 quia

305 2064 480 2118 unitas
502 2063 552 2115 in
582 2060 832 2116 omnibus
867 2061 903 2113 ’:
926 2058 1007 2113 Tu
1028 2076 1077 2113 es
1101 2060 1324 2113 Christus
1350 2058 1513 2112 Filius
1533 2056 1626 2110 Dei
1648 2059 1756 2111 vivi.
1781 2057 1896 2111 Non

307 2157 623 2227 quicumque
656 2170 791 2207 unus
832 2170 895 2208 ex
930 2152 1239 2222 Prophetis,
1278 2150 1370 2206 sed
1416 2150 1583 2205 Filius
1623 2151 1715 2205 Dei
1756 2151 1893 2215 vivi;

306 2248 621 2318 adimpletor
640 2247 1045 2319 Prophetarum,
1066 2253 1275 2299 creator
1298 2254 1350 2297 et
1378 2244 1719 2313 Angelornm.
1750 2240 1823 2295 Tu
1847 2259 1897 2295 es

310 2343 533 2398 Christus
554 2342 719 2396 Filius
738 2340 829 2393 Dei
841 2341 953 2393 vivi.
976 2340 1087 2393 And
1098 2340 1187 2392 ivit
1204 2338 1339 2407 quod
1360 2338 1536 2391 decuit
1554 2337 1697 2390 illum
1717 2336 1898 2390 audire

310 2452 371 2490 ex
390 2435 490 2489 hac
507 2450 653 2495 voce,
676 2442 728 2487 et
757 2433 844 2486 tali
871 2447 1017 2486 voce.
1044 2451 1060 2481 ι
1086 2430 1278 2483 Beatus
1301 2445 1377 2491 es,
1397 2426 1582 2481 Simon
1607 2426 1893 2486 Bar-Jona:

312 2529 427 2599 quia
474 2544 580 2581 non
620 2526 713 2579 tibi
756 2526 1011 2579 revelavit
1052 2538 1177 2577 caro
1219 2531 1271 2575 et
1318 2522 1566 2590 sanguis,
1598 2520 1689 2574 sed
1743 2520 1898 2573 Pater

312 2637 457 2676 meus
484 2620 573 2691 qui
604 2620 655 2672 in
685 2619 834 2674 caelis
863 2626 961 2671 est.
992 2618 1054 2671 Et
1081 2632 1179 2685 ego
1205 2615 1324 2668 dico
1348 2615 1435 2667 tibi
1460 2658 1472 2680 ,
1502 2614 1578 2667 Tn
1606 2628 1663 2667 es
1690 2614 1894 2675 Petrus,

312 2722 363 2769 et
381 2729 540 2786 super
567 2712 703 2766 hanc
732 2721 930 2782 petram
972 2709 1245 2763 mdilicabo
1274 2708 1567 2762 Ecclesium
1601 2722 1807 2769 meam,
1842 2714 1897 2759 et

312 2820 474 2880 porta:
504 2808 795 2864 inferorum
828 2822 937 2861 non
966 2806 1182 2859 vincent
1210 2820 1347 2859 eam.
1380 2803 1496 2857 'l'ibi
1544 2803 1680 2857 dabo
1721 2802 1899 2855 claves

312 2903 457 2973 regni
488 2903 744 2957 cmlorum
778 2919 789 2954 :
821 2912 870 2954 et
901 2912 1250 2968 quaecumque
1276 2897 1497 2951 solveris
1528 2896 1579 2949 in
1610 2904 1780 2957 terra,
1815 2908 1901 2947 so-

315 2994 421 3047 luta
470 3001 627 3048 erunt
662 3002 716 3047 et
760 2992 811 3047 in
856 2992 1029 3057 θεειος
1058 2998 1113 3046 et
1154 3002 1501 3059 quimeumqne
1554 2984 1800 3056 ligaveris
1845 2984 1899 3038 in

316 3096 481 3153 terra,
508 3086 671 3155 ligata
718 3092 875 3139 erunt
915 3092 970 3141 et
1018 3084 1069 3138 in
1121 3083 1278 3143 coelo.
1316 3101 1335 3134 ι
1369 3080 1527 3145 Fides
1567 3081 1666 3133 hoc
1708 3071 1902 3133 meruit

314 3186 525 3251 audire,
556 3202 662 3245 non
706 3183 887 3238 homo.
928 3182 1060 3239 Nam
1110 3183 1223 3251 ipse
1266 3180 1425 3239 homo
1464 3177 1589 3251 quid
1620 3186 1766 3242 erat,
1800 3176 1899 3229 nisi

312 3280 448 3349 quod
468 3279 539 3333 ait
562 3278 823 3347 Psalmus,
848 3274 1024 3330 Omnis
1047 3276 1194 3328 homo
1217 3273 1431 3335 mendax
1458 3270 1625 3345 (Psal.
1641 3286 1766 3333 cxv,
1784 3270 1807 3333 1
1823 3268 1901 3337 1)?

378 3369 605 3425 CAPUT
652 3370 738 3433 IV.
770 3399 827 3407 —
877 3368 932 3421 4.
976 3364 1112 3431 Petri
1144 3382 1263 3433 mox
1294 3365 1512 3427 Iamiam:
1562 3361 1798 3432 cogitatio
1840 3359 1903 3414 de

307 3463 536 3518 Christo.
563 3462 804 3543 Denique
830 3461 1083 3517 continuo
1110 3468 1231 3533 post
1254 3457 1368 3511 hare
1389 3456 1548 3512 verba
1570 3454 1904 3509 denuntiavit

306 3555 413 3611 illis
442 3554 742 3625 passionem
783 3567 931 3619 suam
973 3558 1023 3605 et
1071 3558 1316 3605 mortem.
1346 3546 1573 3616 Expavit
1598 3545 1786 3599 Petrus
1808 3584 1820 3607 ,
1850 3552 1904 3598 et

304 3648 381 3703 ait
406 3665 418 3699 :
445 3647 586 3700 Absit
608 3663 639 3699 a
663 3655 728 3712 te,
756 3643 984 3711 Domine,
1012 3660 1111 3695 non
1140 3642 1223 3710 ﬁet
1248 3639 1403 3693 istud.
1434 3626 1583 3691 Tunc
1608 3636 1862 3689 Dominus
1888 3652 1900 3688 :

306 3738 441 3793 Redi
471 3747 582 3809 post
608 3754 685 3790 me
706 3778 721 3804 ,
746 3746 969 3791 satanas.
1020 3734 1208 3793 Petrus
1251 3733 1495 3785 satanas?
1523 3729 1622 3783 Ubi
1664 3738 1788 3783 sunt
1818 3728 1903 3780 illa

304 3830 471 3897 verba
494 3871 508 3909 τ
534 3812 717 3889 Beatus
741 3845 821 3903 es,
854 3827 1032 3885 Simon
1073 3821 1349 3885 Bar—Jona
1367 3818 1675 3888 ?'l\'umqnid
1718 3820 1905 3873 beatus

304 3924 558 3979 satanas?
581 3921 787 3997 Brutus,
821 3919 886 3974 de
914 3919 1005 3973 Dei
1035 3918 1054 3947 ²
1079 3932 1090 3968 :
1116 3924 1349 3981 satanas,
1373 3912 1439 3967 de
1469 3898 1716 3967 hominis.
1744 3909 1903 3963 Deni-

306 4035 415 4091 que
445 4017 559 4088 ipsc
589 4016 841 4069 Dominus
867 4010 1112 4081 exposuit
1141 4022 1303 4097 quare
1336 4005 1483 4060 illum
1527 4002 1722 4056 dixerit
1762 4010 1903 4055 sata-

306 4127 437 4165 nam
464 4128 475 4162 :
508 4107 625 4161 Non
648 4107 779 4163 enim
808 4104 946 4173 sapis
974 4118 1084 4171 qua!
1115 4092 1230 4152 sunt
1263 4097 1355 4151 Dei
1377 4139 1389 4161 ,
1418 4096 1504 4150 sed
1530 4108 1640 4164 qua)
1668 4103 1781 4145 sum
1810 4092 1903 4144 ho-

305 4203 462 4257 minis
511 4198 723 4271 (Matth.
766 4212 890 4267 XVI,
925 4190 1131 4265 15—95).
1181 4190 1330 4246 Unde
1362 4197 1485 4242 tunc
1516 4184 1742 4240 beatus?
1775 4182 1905 4249 Quia

306 4313 416 4349 non
440 4293 526 4348 tibi
552 4289 786 4345 revelavit
812 4302 929 4340 caro
951 4294 993 4353 et
1025 4282 1253 4352 sanguis,
1279 4280 1365 4333 sed
1396 4278 1551 4331 Pater
1572 4293 1708 4330 meus
1738 4275 1823 4344 qui
1852 4275 1905 4327 in

305 4387 453 4441 caelis
493 4394 584 4438 est.
616 4380 766 4437 Unde
812 4387 993 4450 postea
1035 4372 1284 4428 satanas?
1313 4371 1432 4425 Non
1476 4370 1613 4440 sapis
1654 4384 1766 4439 qua:
1818 4365 1909 4418 Dei

304 4488 619 4547 sunt;quae
668 4472 878 4544 quando
921 4468 1198 4538 sapiebas,
1228 4465 1415 4518 beatus
1459 4476 1577 4515 eras
1604 4478 1614 4512 :
1641 4460 1727 4513 sed
1771 4457 1908 4525 sapis

304 4587 429 4642 qua:
468 4569 727 4623 hominum
767 4570 904 4621 sunt.
938 4560 1077 4615 Ecce
1121 4556 1388 4628 quomodo
1414 4552 1706 4608 alternabat
1734 4550 1907 4602 anima

304 4640 722 4732 discipulorum,
755 4653 904 4726 quasi
930 4668 997 4719 ex
1025 4659 1144 4707 ortu
1174 4658 1228 4705 et
1254 4661 1447 4702 occasu
1472 4663 1484 4699 :
1510 4643 1670 4699 modo
1699 4640 1905 4706 stabat,

308 4752 482 4809 modo
507 4750 747 4821 iacebat;
774 4745 932 4800 modo
960 4740 1376 4802 illuminabatur,
1406 4735 1567 4790 modo
1589 4732 1909 4788 tenebraba-

306 4855 443 4908 tur;
476 4828 596 4914 quia
628 4842 694 4895 de
720 4840 811 4893 Dei
841 4834 1258 4898 illuminabatur,
1290 4829 1357 4882 de
1385 4843 1481 4882 suo
1512 4826 1906 4881 tenebrabatnr.

306 4938 474 4997 Unde
521 4928 955 4990 illuminabatur?
1009 4925 1242 4981 Accedite
1269 4922 1336 4977 ad
1376 4937 1525 4986 eum,
1562 4930 1606 4973 et
1648 4917 1911 4971 illumina-

306 5032 448 5087 mini
503 5026 675 5101 (Psal.
729 5038 933 5090 χχχιιι,
990 5020 1086 5093 6).
1137 5018 1287 5075 Unde
1356 5011 1764 5069 tenebrabatur?
1816 5008 1916 5075 Qui

306 5098 547 5197 loquitur
577 5118 926 5183 mendacium,
960 5112 1023 5167 de
1059 5127 1150 5167 suo
1193 5108 1413 5179 loquitur
1435 5104 1611 5177 (Joan.
1647 5116 1769 5165 vm,
1798 5098 1912 5169 44).

308 5218 521 5274 Filium
545 5212 638 5268 Dei
665 5210 771 5265 vivi
797 5209 1022 5271 dixerat,
1045 5213 1100 5260 et
1121 5203 1341 5258 timebat
1364 5215 1431 5255 ne
1457 5206 1773 5258 moreretur,
1795 5208 1917 5247 eum

313 5312 497 5367 Filius
535 5307 631 5363 Dei
676 5313 841 5369 esset,
868 5309 922 5357 et
959 5300 1026 5355 ad
1068 5298 1171 5354 hoc
1199 5297 1467 5359 venisset,
1497 5303 1555 5347 ut
1596 5298 1914 5346 moreretur.

382 5510 403 5540 ί
436 5508 524 5556 Hic
545 5518 609 5555 ex
628 5511 735 5553 Mss.
771 5499 1007 5560 addimus,
1031 5493 1145 5562 quia
1166 5492 1325 5562 unitas
1346 5491 1399 5562 in
1419 5488 1655 5562 oneribus.
1681 5490 1923 5562 Przeterea

330 5570 468 5644 dura
489 5555 717 5644 superius
739 5571 791 5614 et
812 5555 1017 5614 interius
1031 5555 1204 5623 omissa
1230 5560 1283 5621 in
1315 5555 1476 5617 editis,
1508 5555 1832 5603 restituuntur
1858 5558 1923 5601 ex

326 5634 508 5684 isdem
528 5636 639 5680 Mss.
1786 5672 1795 5681 ο

387 5697 411 5726 ³
444 5692 582 5751 miti,
610 5693 671 5741 de
706 5698 800 5739 Deo
829 5698 846 5737 :
872 5692 925 5737 et
944 5684 1067 5751 infra
1081 5683 1156 5751 _de
1173 5678 1375 5751 homine.
1403 5685 1458 5751 At
1490 5673 1831 5751 manuscripu,
1863 5668 1925 5719 de

236 5758 252 5785 ’
309 5736 872 5818 Deifsub-audiﬂono:
896 5736 965 5813 et,
994 5748 1055 5798 de
1073 5739 1513 5819 hornim's;supple,
1533 5736 1677 5789 malo.

1638 267 1867 327 διεπιΜο
1902 268 2203 347 ccxxxu,

3439 268 3580 331 1110

1991 383 2099 438 Nisi
2132 386 2222 441 ille
2263 385 2495 441 venisset
2520 393 2576 447 ut
2596 390 2913 449 moreretur,
2937 395 3033 437 nos
3079 381 3219 449 unde
3247 381 3579 438 viveremus?

2062 498 2285 557 CAPUT
2331 500 2390 553 V.
2416 530 2487 539 —
2513 501 2565 556 5.
2604 498 2712 553 Nec
2740 515 2875 555 mors
2903 498 3135 561 Christo.
3174 513 3263 561 nec
3302 498 3403 561 vita
3441 500 3582 557 nobis

1994 592 2281 653 debebatur.
2317 592 2465 659 Unde
2488 593 2640 657 nobis
2667 593 2790 657 vita,
2822 591 2962 651 unde
2987 593 3061 649 illi
3092 591 3275 655 more?
3302 589 3477 663 ipsum
3503 600 3584 657 at-

1992 686 2153 741 tende
2179 704 2191 740 :
2216 684 2283 743 In
2310 686 2561 757 principio
2586 697 2693 743 erat
2733 685 2968 754 Verbum,
2994 697 3041 749 et
3076 685 3289 751 Verbum
3304 695 3413 749 erat
3442 686 3583 757 apud

1994 777 2183 847 Deum,
2217 787 2263 832 et
2294 776 2431 832 Deus
2453 788 2558 832 erat
2598 777 2830 833 Verbum.
2857 778 3045 845 Quaere
3072 778 3142 832 ibi
3169 785 3415 839 mortem.
3451 776 3582 843 Ubi?

1995 870 2175 928 unde?
2198 869 2501 940 quomodo?
2530 870 2656 924 Erat
2680 870 2927 931 Verbum,
2952 868 3187 929 Verbum
3208 868 3343 941 apud
3374 869 3580 937 Deum,

1998 962 2137 1019 Deus
2165 961 2418 1019 Verbum.
2465 959 2519 1017 Si
2557 962 2758 1015 invenis
2807 960 2876 1015 ibi
2906 975 3119 1021 carnem
3151 970 3203 1014 et
3230 961 3579 1031 sanguinem,

1999 1055 2203 1119 invenis
2244 1062 2488 1109 mortem.
2533 1054 2669 1123 Ergo
2714 1053 2786 1109 illi
2822 1052 2993 1108 Verbo
3031 1051 3168 1109 unde
3209 1051 3392 1113 mors?
3420 1051 3584 1106 Nobis

1999 1158 2175 1209 autem
2222 1148 2525 1211 hominibus
2574 1148 2623 1200 in
2666 1156 2804 1207 terra
2844 1147 3058 1223 positis,
3088 1146 3427 1217 mortalibus,
3459 1162 3581 1203 mr-

1998 1241 2366 1315 ruptibilibus,
2408 1240 2801 1313 peccatoribus,
2831 1239 2973 1293 unde
3016 1238 3159 1295 vita?
3187 1239 3303 1293 Non
3347 1248 3460 1292 erat
3512 1239 3582 1299 illi

2001 1335 2139 1397 unde
2170 1335 2392 1391 haberet
2418 1340 2672 1397 mortem;
2704 1348 2806 1385 non
2850 1330 3173 1385 habebamus
3202 1346 3299 1387 nos
3331 1330 3471 1383 unde
3494 1330 3587 1383 ha-

1999 1426 2247 1489 beremus
2272 1425 2433 1482 vitam
2462 1444 2472 1479 :
2498 1424 2699 1493 accepit
2729 1424 2814 1477 ille
2846 1431 3070 1477 mortem
3093 1423 3157 1477 de
3179 1432 3380 1493 nostro,
3416 1433 3471 1477 ut
3492 1423 3587 1477 da-

2000 1532 2079 1576 ret
2123 1521 2273 1585 nobis
2314 1522 2473 1583 vitam
2518 1519 2584 1574 de
2633 1535 2747 1581 suo.
2795 1517 3075 1587 Quomodo
3115 1518 3201 1579 ille
3248 1528 3472 1574 mortem
3520 1518 3587 1581 de

2001 1616 2216 1671 nostro?
2249 1614 2463 1668 Verbum
2488 1630 2604 1665 caro
2635 1618 2821 1683 factum
2849 1622 2920 1665 est
2940 1651 2954 1676 ,
2989 1621 3032 1663 et
3070 1610 3305 1665 habitavit
3331 1612 3382 1669 in
3422 1611 3584 1665 nobis.

2002 1707 2219 1779 Accepit
2246 1706 2371 1765 hinc
2408 1720 2437 1759 a
2481 1704 2665 1769 nobis,
2710 1704 2851 1773 quod
2879 1704 3094 1759 otl‘crret
3130 1718 3227 1773 pro
3258 1703 3428 1759 nobis.
3466 1704 3581 1757 Vita

2002 1806 2177 1861 autem
2196 1798 2334 1853 unde
2351 1794 2537 1851 nobis?
2556 1794 2620 1855 Et
2644 1796 2741 1849 vita
2763 1804 2867 1847 erat
2889 1795 2976 1848 lux
2993 1794 3253 1847 hominum
3277 1790 3452 1865 (Joan.
3478 1795 3586 1860 1,1,

2004 1890 2100 1955 lt,
2136 1888 2211 1963 4).
2264 1889 2378 1958 Ipse
2424 1888 2577 1945 nobis
2608 1890 2745 1953 vita,
2778 1904 2872 1943 nos
2922 1887 2991 1941 illi
3043 1902 3206 1941 mors.
3260 1888 3362 1943 Sed
3415 1889 3589 1957 qualis

2002 1982 2179 2039 mors?
2230 1982 2573 2055 Diguatione,
2626 1995 2729 2034 non
2786 1980 3123 2045 conditione;
3171 1980 3292 2051 quia
3346 1979 3592 2050 dignatus

2002 2084 2116 2135 est,
2151 2076 2272 2145 quia
2318 2074 2512 2139 voluit,
2544 2073 2662 2143 quia
2710 2072 2957 2127 misertus
2995 2080 3075 2125 est
3109 2089 3119 2123 :
3154 2079 3416 2143 potestate
3450 2087 3595 2129 mor-

2006 2176 2124 2225 tuus
2162 2176 2264 2227 est.
2298 2165 2602 2225 Potestatem
2625 2208 2638 2231 ,
2679 2166 2875 2235 inquit,
2907 2164 3063 2219 habeo
3113 2163 3332 2231 portendi
3366 2164 3593 2227 animum

2006 2277 2198 2325 meum,
2229 2269 2271 2313 et
2311 2268 2602 2330 potestatem
2640 2257 2798 2312 habeo
2837 2258 3019 2312 iterum
3054 2258 3287 2311 sumendi
3324 2273 3435 2310 eam
3480 2256 3591 2327 (1d,.

2006 2370 2036 2407 x
2059 2396 2073 2420 ,
2108 2353 2216 2423 18).
2254 2352 2364 2407 lloc
2392 2353 2578 2407 Petrus
2619 2352 2918 2416 nesciebat,
2946 2350 3156 2427 quando
3201 2348 3376 2407 audita
3421 2357 3593 2407 morte

2008 2446 2212 2505 Domini
2242 2447 2471 2513 expavit.
2514 2444 2617 2499 Sed
2658 2460 2781 2498 ecce
2808 2445 2915 2511 jam
2961 2442 3167 2498 dixerat
3198 2441 3455 2501 Dotninus
3479 2456 3594 2494 mo-

2005 2541 2228 2595 riturum
2259 2554 2314 2591 se
2334 2580 2347 2605 ,
2383 2548 2436 2593 et
2464 2545 2883 2599 resurrecturum
2928 2535 3080 2591 tertia
3113 2534 3217 2589 die.
3248 2534 3467 2593 Factum
3512 2542 3596 2589 est

2004 2632 2146 2703 quod
2200 2632 2549 2703 prmdixerat,
2584 2639 2635 2689 et
2677 2646 2781 2684 non
2824 2627 3115 2689 credebant
3159 2626 3247 2695 qui
3292 2623 3589 2679 audierant.

2008 2724 2140 2787 Ecce
2188 2726 2301 2794 jam
2360 2724 2581 2779 triduum
2637 2733 2739 2787 est,
2783 2738 2844 2773 eo
2890 2736 2988 2789 quo
3042 2720 3138 2775 ista
3176 2718 3309 2788 facta
3355 2725 3505 2779 sunt;
3548 2723 3595 2775 et

2006 2833 2099 2870 nos
2155 2815 2453 2886 putabamus
2510 2814 2625 2881 quia
2674 2812 2782 2881 ipse
2844 2821 2965 2865 esset
3024 2810 3374 2877 redempturus
3428 2804 3596 2865 Israel

2007 2908 2175 2979 (Luc.
2224 2923 2379 2969 xxrv,
2410 2906 2540 2975 21).
2600 2903 2940 2972 Sperabatis,
2981 2901 3088 2969 jam
3150 2896 3483 2966 desperatis?
3528 2895 3595 2955 de

2009 3018 2103 3077 spe
2154 2998 2458 3061 cmidistis?
2500 2997 2669 3051 Levat
2713 3010 2806 3047 vos
2857 2995 2944 3065 qui
3004 2992 3274 3047 vobiscum
3334 2990 3593 3045 ambulat.

2010 3096 2259 3165 Discipuli
2289 3102 2459 3154 erant,
2492 3092 2661 3161 ipsum
2694 3088 2998 3151 audierant,
3030 3100 3149 3143 cum
3179 3085 3293 3165 ipso
3324 3084 3594 3145 vixerant,

2011 3192 2321 3261 magistrum
2356 3188 2525 3256 ipsum
2557 3191 2835 3243 noverant,
2860 3180 2925 3233 ah
2957 3178 3045 3231 illo
3073 3176 3313 3233 instructi
3345 3183 3515 3239 erant,
3544 3180 3599 3239 et

2011 3299 2114 3337 non
2143 3285 2431 3351 patuerunt
2460 3275 2650 3333 imitari
2696 3285 2747 3328 et
2789 3271 2982 3325 habere
3030 3267 3188 3323 ﬁdem
3218 3266 3435 3331 latronis
3465 3281 3594 3337 pen-

2010 3374 2183 3430 dentis
2210 3372 2259 3425 in
2290 3369 2478 3424 cruce!

2080 3487 2306 3547 CAPUT
2338 3486 2422 3545 γι.
2452 3514 2521 3524 --
2540 3483 2591 3541 6.
2625 3480 2861 3539 Latronis
2890 3478 3015 3547 ﬁdes
3043 3492 3193 3543 quani
3236 3489 3419 3542 magna
3438 3512 3453 3539 ,
3483 3487 3601 3526 cum

2018 3585 2230 3639 titubant
2288 3578 2545 3649 discipuli.
2577 3574 2681 3629 Sed
2729 3572 2865 3631 forte
2891 3568 3051 3638 aliqui
3084 3575 3315 3627 vestrum
3357 3564 3601 3625 nesciunt

2010 3676 2148 3747 quod
2172 3674 2280 3730 dixi
2308 3673 2377 3727 de
2410 3673 2635 3733 latrone,
2664 3681 2769 3721 non
2798 3661 3064 3723 audiendo
3086 3659 3385 3728 passionem
3408 3669 3601 3709 secun-

2010 3771 2136 3826 dum
2168 3780 2356 3822 omnes
2380 3760 2763 3831 Evangelistas.
2795 3756 2898 3810 lste
2922 3754 3063 3809 enim
3081 3749 3401 3820 evangelista
3427 3747 3601 3809 Lucas

2014 3860 2252 3917 narravit
2292 3857 2434 3927 quod
2480 3854 2620 3909 dico.
2665 3849 2797 3917 Quia
2825 3848 2931 3903 duo
2960 3846 3193 3899 latrones
3218 3838 3454 3907 cruciﬁxi
3477 3844 3603 3901 sunt

2014 3972 2134 4017 eum
2155 3954 2391 4016 Christo,
2413 3950 2543 4003 dixit
2562 3946 2662 4000 hoc
2680 3956 2733 3999 et
2755 3942 3033 3997 Mattha‘us
3051 3935 3265 4005 (Matth.
3285 3949 3452 4000 xsvu,
3472 3931 3601 4001 58)?

2015 4048 2108 4104 sed
2141 4059 2276 4103 unus
2300 4056 2485 4097 eorum
2516 4041 2781 4094 latronum
2812 4034 2932 4105 quia
2964 4029 3235 4091 insultavit
3263 4028 3515 4091 Domino,
3546 4032 3605 4087 et

2017 4140 2150 4193 alter
2172 4150 2355 4192 eorum
2380 4131 2503 4202 quia
2531 4129 2757 4187 credidit
2786 4128 2839 4187 in
2866 4125 3161 4189 Christum,
3189 4122 3465 4177 Mattbanis
3497 4137 3603 4177 non

2015 4230 2185 4295 dixit,
2229 4228 2397 4283 Lucas
2428 4224 2579 4280 dixit.
2614 4220 2930 4279 [lectitamus
2959 4216 3116 4277 ﬁdem
3158 4215 3379 4281 latronis
3401 4256 3414 4280 ,
3445 4230 3603 4283 quam

2016 4346 2121 4389 non
2151 4325 2354 4382 invenit
2374 4322 2619 4378 Christus
2644 4328 2765 4389 post
2786 4313 3229 4372 resurrectionem
3258 4311 3309 4365 in
3332 4309 3607 4378 discipulis

2016 4424 2146 4477 suis.
2176 4417 2447 4474 Pendebat
2476 4415 2526 4468 in
2554 4425 2714 4467 cruce
2744 4409 3016 4471 Christus,
3045 4404 3309 4473 pendebat
3335 4412 3389 4457 et
3431 4402 3564 4455 latro
3590 4419 3602 4454 :

2021 4516 2072 4568 in
2098 4512 2277 4567 medio
2304 4509 2393 4563 ille
2417 4550 2430 4573 ,
2462 4506 2536 4563 illi
2577 4520 2607 4558 a
2652 4500 2925 4559 lateribus.
2980 4497 3203 4555 lusultat
3249 4510 3409 4556 unus,
3439 4491 3607 4547 credit

2016 4606 2171 4667 alter,
2201 4601 2405 4671 iudicat
2450 4596 2656 4652 medius
2704 4594 2808 4648 illo.
2845 4591 2938 4651 Ille
2986 4589 3127 4647 enim
3153 4585 3242 4656 qui
3286 4584 3603 4649 insultabat,

2022 4700 2124 4754 hoc
2150 4696 2282 4751 dixit
2311 4712 2323 4748 :
2357 4694 2417 4747 Si
2441 4690 2607 4744 Filius
2647 4687 2745 4742 Dei
2769 4704 2851 4749 es,
2885 4683 3041 4739 libera
3066 4692 3131 4735 te.
3161 4679 3228 4734 Et
3253 4678 3391 4737 alius
3428 4675 3496 4735 ad
3540 4675 3605 4733 il-

2020 4792 2126 4845 lum
2156 4805 2169 4841 :
2200 4787 2277 4842 Tu
2298 4803 2400 4840 non
2425 4786 2568 4837 times
2597 4781 2775 4835 Deum.
2818 4778 2879 4833 Si
2916 4792 3005 4839 nos
3048 4781 3250 4843 propter
3274 4772 3409 4841 facta
3436 4776 3609 4823 nostra

2024 4884 2198 4937 merito
2222 4880 2463 4951 patimur,
2491 4876 2598 4946 ipse
2624 4872 2744 4943 quid
2770 4870 2922 4942 fecit?
2948 4868 3012 4923 Et
3039 4878 3327 4923 conversus
3352 4859 3420 4916 ad
3443 4874 3566 4915 eum
3592 4879 3605 4912 :

2028 4975 2277 5031 Memento
2318 4971 2448 5033 mei,
2478 4967 2694 5021 Domine
2716 5004 2731 5029 ,
2754 4978 2868 5019 cum
2894 4958 3085 5017 verteris
3121 4957 3172 5013 in
3208 4969 3419 5023 regnum
3445 4960 3607 5013 tuum.

2027 5069 2211 5137 Magna
2244 5065 2405 5119 lides!
2438 5062 2561 5117 huic
2588 5059 2711 5115 ﬁdei
2736 5054 2861 5125 quid
2901 5052 3019 5107 addi
3052 5049 3251 5119 possit,
3280 5048 3486 5117 ignoro.
3517 5044 3612 5137 Ti—

2027 5135 2343 5216 tubaverunt
2368 5156 2464 5224 ipsi
2489 5154 2580 5223 qui
2611 5151 2857 5205 viderunt
2880 5143 3151 5209 Christum
3180 5148 3420 5197 mortuos
3442 5135 3613 5201 susci-

2030 5262 2228 5307 tantem
2258 5268 2271 5303 :
2296 5248 2522 5305 credidit
2540 5247 2630 5300 ille
2663 5243 2752 5312 qui
2780 5239 2993 5299 videbat
3016 5250 3198 5293 secum
3230 5234 3283 5290 in
3312 5232 3456 5303 ligno
3476 5245 3613 5300 pene

2028 5344 2266 5399 dentem.
2299 5338 2525 5406 Quando
2569 5336 2642 5389 illi
2673 5334 3065 5395 titubaverunt,
3094 5337 3219 5381 tunc
3250 5324 3340 5379 ille
3367 5321 3612 5378 credidit.

2029 5438 2249 5506 Qualem
2297 5433 2529 5497 fructum
2561 5426 2805 5489 Christus
2853 5422 2921 5479 de
2960 5419 3114 5487 arido
3158 5418 3298 5488 ligno
3345 5412 3617 5493 percepit?

2031 5529 2162 5596 Quid
2211 5528 2259 5581 ei
2302 5523 2498 5578 dixerit
2530 5519 2782 5574 Dominus
2824 5515 3120 5569 audiamus.
3165 5511 3322 5563 Amen
3352 5508 3463 5561 dico
3490 5506 3617 5572 tibi,

2036 5623 2181 5675 hodie
2202 5633 2395 5672 mecum
2434 5614 2531 5681 Nili
2570 5614 2623 5667 in
2666 5610 2904 5675 paradiso
2927 5604 3078 5676 (Luc.
3108 5618 3237 5659 χχιιι
3257 5644 3271 5671 ,
3300 5598 3507 5669 59-43).
3540 5596 3622 5651 Tu

2037 5717 2217 5772 ditters
2247 5722 2319 5777 te,
2347 5724 2445 5780 ego
2472 5720 2703 5777 agnosco
2732 5714 2805 5759 te.
2836 5698 3057 5770 Quando
3087 5703 3328 5767 aperaret
3351 5693 3519 5757 latro,
3547 5686 3619 5742 de
