4056 6434
447 293 580 353 Mil

447 419 732 479 latrocinio
754 418 822 478 ad
847 419 1100 493 iudicem,
1129 421 1196 477 de
1220 419 1399 492 judice
1427 419 1494 477 ad
1519 435 1756 489 crucem,
1782 420 1850 476 de
1877 433 2038 475 cruce

445 513 513 572 ad
551 513 895 585 paradisum?
925 512 1160 584 Denique
1203 513 1318 586 ipse
1353 513 1634 570 attendens
1674 515 1862 568 merita
1905 527 2032 576 sua,

444 618 553 660 non
583 603 742 668 dixit,
772 603 1038 660 Memento
1068 604 1205 671 mei,
1237 614 1295 660 ut
1321 605 1513 660 liberes
1557 620 1645 672 me
1683 602 1880 660 hodie:
1905 601 2032 670 sed,

446 714 557 755 cum
579 697 769 752 veneris
796 696 850 750 in
873 714 1082 770 regnum
1112 706 1255 752 tuum
1273 741 1288 766 ,
1317 707 1445 754 tunc
1472 698 1571 752 mei
1600 713 1792 753 memor
1809 705 1948 760 esto;
1976 702 2037 749 ut

438 789 486 844 si
515 789 645 844 mihi
673 796 938 845 tormenta
979 790 1261 858 debentur,
1289 791 1373 845 vcl
1417 805 1695 860 quousque
1739 788 1950 845 veneris
1980 787 2032 841 in

440 897 662 954 regnum
690 891 861 938 tuum.
907 882 974 938 Et
999 884 1087 939 ille
1112 903 1123 938 :
1149 883 1264 940 Non
1291 885 1401 951 sic;
1434 883 1673 938 invasisti
1713 884 1766 937 in
1806 896 2032 952 regnum

438 975 731 1045 caelorum,
763 977 869 1032 vim
901 975 1092 1044 fecisti,
1124 978 1436 1044 credidisti,
1464 978 1704 1050 rapuisti.
1737 975 1900 1031 Hodie
1921 991 2032 1030 me-

439 1086 555 1124 cum
580 1071 680 1126 eris
705 1071 758 1125 in
783 1071 1040 1143 paradiso.
1069 1071 1184 1126 Non
1216 1081 1268 1127 te
1291 1071 1480 1126 differo
1504 1090 1516 1125 :
1543 1079 1702 1126 tanta:
1724 1069 1844 1125 fidei
1872 1068 2032 1126 hodie

434 1161 603 1218 reddo
636 1163 778 1233 quod
825 1163 1014 1220 debeo.
1065 1164 1222 1219 Latro
1267 1162 1431 1231 dicit,
1465 1161 1718 1217 Memento
1755 1161 1887 1226 mei,
1915 1176 2031 1214 cum

435 1257 629 1312 veneris
655 1258 708 1312 in
735 1275 946 1330 regnum
985 1267 1144 1313 tuum.
1172 1256 1286 1312 Non
1314 1257 1483 1312 solum
1510 1255 1761 1313 credebat
1787 1269 2030 1310 resurre-

433 1357 643 1405 cturum
661 1391 677 1418 ,
707 1349 801 1405 sed
823 1350 982 1405 etiam
1023 1357 1386 1419 regnaturum.
1416 1348 1671 1403 Pendenti
1691 1387 1708 1414 ,
1736 1345 2026 1413 crucifixo,

431 1450 692 1508 cruento,
722 1441 946 1498 haerenti
977 1438 1141 1498 :Cum
1189 1442 1414 1507 veneris,
1461 1441 1665 1511 inquit,
1714 1440 1768 1494 in
1815 1455 2030 1510 regnum

433 1542 594 1588 tuum.
619 1535 685 1590 Et
709 1534 808 1600 illi,
831 1533 943 1590 Nos
971 1533 1317 1606 sperabamus.
1344 1533 1448 1590 Ubi
1469 1549 1619 1604 spem
1641 1533 1778 1588 latro
1803 1532 2025 1598 invenit,

431 1625 727 1696 discipulus
756 1626 1008 1698 perdidit.

500 1715 729 1774 CAPUT
761 1717 866 1772 VII.
895 1749 966 1759 —
991 1719 1044 1773 7.
1075 1717 1141 1772 In
1164 1717 1410 1788 fractione
1431 1717 1577 1788 panis
1604 1717 1895 1789 agnoscitur
1918 1715 2020 1772 Do-

428 1809 617 1865 minus.
649 1809 850 1865 Deinde
886 1811 996 1880 jam
1019 1851 1034 1877 ,
1067 1809 1367 1866 charissimi
1390 1851 1404 1876 ,
1435 1825 1686 1882 magnum
1717 1824 2024 1866 sacramen-

429 1912 539 1958 tum
566 1902 709 1972 quod
752 1905 1130 1984 cognovimus,
1163 1903 1361 1959 audite.
1391 1903 1712 1959 Ambulabat
1731 1919 1852 1958 cum
1895 1903 2022 1970 illis,

426 1995 716 2065 suscipitur
763 1996 1032 2066 hospitio,
1081 2011 1272 2065 panem
1317 1995 1541 2067 frangit,
1589 2005 1644 2050 et
1686 1997 2025 2066 cognoscitur

437 2085 587 2158 (Luc.
618 2102 776 2155 ntv,
808 2087 1028 2158 21-51).
1059 2088 1124 2142 Ει
1170 2102 1268 2143 nos
1309 2102 1416 2142 non
1445 2087 1685 2143 dicamus
1713 2089 1836 2158 quia
1864 2086 2022 2142 Chri-

424 2187 567 2234 stum
599 2193 704 2234 non
733 2181 1118 2251 cognovimus:
1145 2181 1420 2245 novimus,
1441 2181 1486 2236 si
1507 2181 1795 2237 credimus.
1827 2179 2020 2236 Parum

425 2280 509 2328 est
531 2313 546 2340 ,
575 2273 823 2328 novimus
850 2273 894 2328 si
919 2273 1220 2340 credimus;
1255 2273 1510 2328 habemus
1530 2273 1576 2329 si
1596 2273 1884 2329 credimus.
1918 2272 2022 2327 Ha-

423 2361 623 2417 bebunt
649 2363 724 2418 illi
749 2362 1018 2418 Christum
1051 2364 1103 2418 in
1130 2365 1375 2420 convivio
1394 2406 1408 2430 ,
1433 2380 1531 2419 nos
1556 2366 1699 2420 intus
1725 2365 1779 2419 in
1817 2366 2017 2420 animo.

423 2451 553 2508 Plus
577 2463 659 2510 est
693 2453 964 2510 Christum
999 2454 1196 2512 habere
1240 2455 1293 2510 in
1333 2456 1530 2524 corde,
1555 2471 1713 2527 quam
1757 2457 1809 2511 in
1835 2457 2016 2512 domo.

422 2544 531 2602 Cor
558 2546 702 2602 enim
730 2556 969 2603 nostrum
997 2547 1218 2602 interius
1243 2548 1396 2604 nobis
1423 2557 1527 2616 est,
1549 2563 1706 2619 quam
1736 2549 1806 2603 sit
1828 2549 2020 2604 domus

422 2649 604 2697 nostra
637 2643 676 2695 ί.
705 2641 822 2697 Jam
845 2656 974 2696 vero
1004 2641 1094 2697 ubi
1118 2657 1242 2698 eum
1268 2642 1428 2698 debet
1473 2643 1648 2700 fidelis
1687 2644 2020 2713 agnoscere?

422 2736 684 2806 Agnoscit
712 2737 802 2808 qui
832 2735 1001 2792 fidelis
1022 2745 1106 2792 est
1130 2756 1144 2792 :
1165 2737 1256 2809 qui
1277 2748 1454 2794 autem
1477 2739 1892 2796 catechumenus
1911 2747 2014 2806 est,

422 2827 655 2899 ignorat.
705 2828 811 2885 Sed
849 2829 1068 2900 januam
1107 2839 1291 2886 contra
1331 2832 1480 2887 illum
1507 2847 1665 2888 nemo
1690 2832 1934 2901 claudat,
1959 2840 2018 2888 ut

422 2905 630 2980 noverit
647 2923 690 2974 '.

491 3013 546 3070 8.
575 3012 658 3068 Ad
680 3015 992 3087 pamitentes.
1021 3015 1283 3073 Hesterno
1308 3016 1394 3072 die
1426 3018 1644 3084 monui,
1673 3026 1727 3073 et
1750 3017 2016 3074 admoneo

421 3105 752 3162 Charitatem
782 3116 1016 3163 vestram
1038 3150 1053 3174 ,
1094 3109 1219 3178 quia
1246 3110 1567 3165 resurrectio
1611 3109 1807 3166 Christi
1839 3123 1921 3166 cst
1959 3111 2014 3166 iu

418 3197 593 3264 nobis,
617 3198 663 3254 si
689 3199 827 3254 bene
850 3200 1121 3266 vivamus;
1143 3201 1189 3256 si
1217 3202 1324 3255 vita
1350 3211 1505 3257 vetus
1530 3212 1710 3258 nostra
1736 3203 1871 3258 mala
1899 3219 2015 3259 mo-
2039 3199 2042 3202 ’

421 3288 610 3358 riatur,
641 3298 696 3344 et
737 3289 977 3361 quotidie
1019 3306 1154 3346 nova
1199 3293 1444 3363 proficiat
1470 3292 1560 3367 (In
1589 3311 1818 3350 sermone
1857 3312 2009 3366 supe-

415 3383 574 3448 riori,
607 3399 697 3437 nn.
725 3381 798 3452 2,
832 3384 907 3454 5).
941 3383 1229 3440 Abundant
1271 3385 1358 3441 hic
1399 3387 1719 3458 pmnitentes
1750 3403 1763 3439 :
1800 3388 2013 3458 quando

416 3471 526 3529 illis
555 3474 844 3544 imponitur
888 3491 1114 3543 manus,
1147 3476 1206 3531 fit
1241 3477 1375 3533 ordo
1417 3477 1778 3548 longissimus.
1811 3477 2006 3546 Orate,

416 3566 772 3636 poenitentes;
801 3575 855 3622 et
875 3576 1004 3623 euut
1025 3583 1183 3624 orare
1211 3569 1552 3639 praenitentes.
1579 3569 1815 3626 Discutio
1840 3571 2011 3640 patui-

415 3666 621 3722 tentes,
650 3667 704 3713 et
747 3659 961 3714 invenio
1008 3659 1151 3716 male
1189 3661 1448 3716 viventes.
1481 3659 1759 3729 Quomodo
1788 3663 2011 3733 paenitet

414 3752 557 3825 quod
588 3751 680 3808 Iit?
707 3752 761 3808 Si
789 3753 1011 3824 pmuitet
1033 3795 1048 3821 ,
1083 3769 1186 3809 non
1231 3753 1342 3808 ﬁat.
1386 3753 1442 3809 Si
1467 3763 1646 3810 autem
1688 3754 1780 3820 iit,
1812 3769 2008 3812 nomen

413 3855 586 3914 errat,
616 3847 817 3902 crimen
847 3854 1047 3902 manet.
1075 3846 1252 3917 Aliqui
1291 3847 1391 3916 ipsi
1428 3847 1526 3901 sibi
1571 3847 1896 3918 paenitentiae
1923 3847 2008 3902 lo-

413 3953 536 3993 cum
567 3937 872 4007 petierunt;
895 3937 1057 4007 aliqui
1092 3938 1545 3992 excommunicati
1574 3953 1604 3991 a
1627 3938 1779 3993 nobis
1809 3939 1861 3992 in
1893 3953 2008 4008 poe-

413 4029 651 4084 nitentiae
677 4030 851 4085 locum
871 4029 1070 4085 redacti
1093 4037 1256 4085 sunt:
1279 4040 1332 4085 et
1355 4031 1442 4099 qui
1469 4030 1568 4086 sibi
1597 4031 1884 4100 petierunt,
1903 4031 2007 4088 hoc

411 4122 597 4178 volunt
624 4121 795 4176 facere
827 4123 968 4192 quod
999 4122 1300 4189 faciebant;
1332 4131 1388 4177 et
1423 4123 1514 4192 qui
1543 4138 1572 4176 a
1603 4123 1757 4178 nobis
1791 4139 2004 4180 excom-

413 4211 666 4267 municati
710 4213 761 4266 in
798 4213 1124 4282 paenitentia:
1167 4213 1343 4270 locum
1387 4214 1589 4269 redacti
1632 4221 1788 4280 sunt,
1819 4216 2006 4272 nolunt

413 4303 537 4358 inde
558 4319 778 4373 surgere
793 4347 806 4368 ,
829 4306 978 4374 quasi
1001 4305 1202 4361 electus
1224 4305 1294 4359 sit
1319 4306 1467 4360 locus
1492 4307 1878 4375 pmnitentium.
1902 4308 2004 4378 Qui

411 4396 574 4453 debet
617 4411 738 4452 esse
781 4397 929 4452 locus
973 4398 1318 4467 humilitatis,
1346 4397 1406 4454 fit
1447 4399 1596 4456 locus
1639 4401 1929 4472 iniquitatis
1955 4403 1996 4458 ³.

411 4489 578 4544 Vobis
602 4490 759 4556 dico,
791 4491 882 4559 qui
915 4492 1175 4546 vocamini
1215 4493 1533 4563 pmuitentes
1553 4534 1568 4560 ,
1595 4502 1651 4549 et
1692 4509 1800 4550 non
1825 4494 1956 4550 estis
1983 4514 1996 4550 :

411 4581 566 4636 vobis
593 4581 736 4638 dico.
769 4581 904 4650 Quid
929 4581 1078 4638 vobis
1098 4582 1306 4638 dicam?
1328 4583 1510 4641 Laudo
1535 4599 1648 4660 vos,
1680 4585 1736 4640 in
1766 4585 1868 4642 hoc
1893 4600 1999 4641 non

411 4673 567 4728 laudo
594 4693 608 4729 :
633 4673 727 4729 sed
753 4689 910 4743 gemo
939 4683 994 4730 et
1024 4675 1233 4744 plango.

483 4767 712 4824 CAPUT
740 4768 874 4822 VIII.
897 4799 966 4808 —
995 4767 1062 4822 Et
1087 4768 1212 4838 quid
1243 4767 1462 4834 faciam,
1490 4767 1662 4824 factus
1690 4769 1794 4824 vile
1822 4770 1997 4825 canti-

407 4875 528 4914 cum
561 4859 622 4912 Vi
653 4859 961 4925 Mutamini,
994 4859 1270 4914 mutamini
1294 4902 1309 4926 ,
1340 4875 1490 4930 rogo.
1522 4859 1656 4914 Vita:
1677 4861 1797 4916 ﬁnis
1826 4861 1998 4918 incer-

409 4961 492 5006 tus
521 4961 623 5008 est.
652 4952 839 5008 Omnis
860 4951 1020 5007 homo
1045 4967 1168 5008 cum
1190 4967 1318 5008 casu
1338 4967 1436 5009 suo
1461 4953 1714 5009 ambulat.
1737 4953 1874 5024 Quid
1896 4955 1998 5010 dif-

409 5043 555 5099 fertis
581 5043 719 5100 bene
748 5043 958 5111 vivere,
986 5059 1106 5100 cum
1135 5044 1332 5115 putatis
1364 5044 1486 5116 quia
1523 5044 1677 5115 longa
1717 5047 1820 5101 erit
1847 5046 1996 5101 vita?

408 5133 644 5206 Longam
690 5136 851 5190 vitam
894 5137 1124 5208 putatis,
1157 5147 1212 5193 et
1256 5145 1482 5192 mortem
1519 5137 1852 5194 subitaneam
1887 5153 1996 5196 non

410 5227 640 5284 timetis?
669 5227 775 5284 Sed
801 5242 926 5284 ecce
953 5228 1109 5300 longa
1134 5229 1205 5286 sit
1227 5246 1242 5284 :
1265 5238 1318 5285 et
1336 5243 1518 5300 quaero
1544 5245 1706 5284 unum
1731 5231 1995 5300 paeniten-

469 5381 487 5412 ⁸
505 5381 821 5452 ria-iacemus
847 5391 949 5452 Ms,
975 5381 1302 5452 guasi_don_ws
1323 5391 1501 5435 nostra.
1520 5391 1624 5435 Mox
1649 5385 1834 5452 plures.
1867 5394 1995 5452 Mss”

402 5418 523 5493 Jam'
538 5418 969 5497 ὀᾌὸἲῖὺπυὶἱῗὶίε

404 5450 530 5556 {1:21:38
538 5455 650 5554 ἷξεν-ς)
674 5444 754 5494 ubi
775 5457 884 5495 eum
908 5444 1079 5497 debeat
1099 5444 1261 5509 ﬁdelis
1283 5459 1540 5512 agnoscere
1554 5485 1568 5510 ,
1593 5444 1807 5513 agnoscit
1837 5447 1922 5515 qui
1941 5444 1997 5515 ﬁl

467 5567 488 5628 ξ
507 5564 676 5615 Plures
690 5574 820 5628 -.\Iss.,
845 5575 896 5619 ut
918 5582 1010 5618 non
1026 5568 1188 5621 intret.

467 5627 580 5699 τεῆς
602 5627 925 5699 manuscripti.
956 5639 1008 5681 Al.
1032 5633 1168 5693 editi,
1276 5632 1406 5699 locus
1428 5633 1724 5699 hmnilitatis.

401 5687 704 5802 m‘naliquot
717 5687 1017 5755 Mss.,'factus
1039 5687 1256 5747 sum'vite
1278 5696 1532 5749 canticum.
1563 5698 1646 5748 Alii
1670 5712 1766 5750 non
1787 5699 1988 5761 habent,

1675 298 1735 356 S.
1773 291 2140 356 AUGUSTINI
2178 291 2483 354 EPISCOPI

3598 311 3742 368 ειη

2145 425 2283 485 tem,
2316 427 2372 474 et
2399 432 2506 474 non
2556 418 2770 476 invenio
2813 421 2852 476 ⁸.
2882 419 3092 490 Quanto
3133 423 3326 481 melius
3365 425 3526 498 longa
3561 427 3702 484 bona
3723 473 3738 492 .

2142 527 2325 583 quam,
2355 511 2497 567 mala
2518 512 2625 568 vita
2654 511 2797 568 erit?
2828 509 3065 586 Longam
3103 529 3314 572 omnem
3351 517 3552 574 malam
3578 535 3740 578 nemo

2143 605 2320 674 ferre,
2350 606 2558 678 longam
2609 607 2772 662 vitam
2816 607 3010 664 malam
3056 623 3248 666 omnes
3285 609 3470 667 volunt
3511 611 3736 669 habere.

2142 695 2338 768 Utique
2368 698 2413 752 si
2433 697 2635 769 grande
2657 706 2743 755 est
2767 699 2910 770 quod
2939 700 3166 758 vivimus
3185 744 3200 767 ,
3235 701 3435 759 bonum
3460 703 3533 760 sit
3560 706 3738 776 ipsum

2143 790 2364 859 grande.
2408 788 2546 858 Quid
2585 791 2729 845 enim
2757 790 2838 845 vis
2879 790 3040 858 mali,
3073 791 3160 848 dic
3188 792 3356 863 mihi,
3385 794 3442 849 in
3484 794 3739 852 omnibus

2141 884 2247 940 tuis
2293 883 2532 951 actibus,
2571 885 3014 957 cogitationibus,
3062 885 3474 956 cupiditatibus?
3512 887 3736 944 Terram

2139 979 2333 1033 malam
2359 994 2466 1033 non
2495 979 2600 1044 vis,
2632 988 2868 1049 segetem
2885 967 3088 1034 malam
3127 994 3234 1034 non
3271 980 3352 1036 vis
3390 979 3611 1052 utique,
3639 982 3734 1039 sed

2138 1070 2367 1138 bonam;
2396 1069 2643 1140 arborem
2670 1070 2863 1126 bonam
2881 1112 2897 1139 ,
2930 1085 3124 1141 equum
3151 1069 3373 1138 bonum,
3401 1086 3618 1127 servum
3640 1075 3735 1128 bo-

2137 1178 2264 1218 num
2283 1204 2300 1230 ,
2332 1163 2561 1218 amicum
2607 1162 2805 1218 bonum
2826 1203 2843 1230 ,
2875 1161 3048 1218 ﬁlium
3091 1161 3290 1217 bonum
3311 1203 3328 1230 ,
3355 1178 3582 1219 uxorem
3630 1163 3731 1220 bo-

2135 1270 2281 1311 nam.
2313 1253 2382 1310 Et
2405 1255 2531 1325 quid
2572 1254 2688 1311 hac
2717 1269 2907 1326 magna
2947 1269 3312 1310 commemoro
3346 1273 3360 1310 :
3387 1255 3726 1327 quandoqui-

2136 1347 2258 1404 dem
2302 1359 2504 1404 vestem
2535 1349 2704 1420 ipsam
2747 1348 2943 1404 malam
2985 1362 3094 1404 non
3133 1349 3213 1403 vis
3251 1348 3479 1414 habere,
3511 1349 3610 1405 sed
3642 1349 3735 1404 bo-

2135 1458 2294 1508 nam;
2323 1443 2546 1514 caligam
2591 1453 2862 1513 postremo
2902 1442 3073 1514 ipsam
3102 1458 3208 1498 non
3247 1442 3329 1498 vis
3357 1443 3460 1498 nisi
3502 1443 3732 1498 bonam?

2134 1537 2243 1591 Aut
2266 1535 2333 1590 da
2368 1535 2498 1590 mihi
2523 1535 2721 1606 aliquid
2749 1545 2800 1590 te
2837 1535 2972 1590 vclle
2997 1533 3138 1604 quod
3165 1535 3362 1590 malum
3393 1546 3514 1602 est,
3549 1551 3651 1591 nec
3680 1546 3730 1590 te

2133 1629 2272 1685 velle
2289 1629 2487 1700 aliquid
2504 1629 2721 1683 bonum.
2746 1629 2885 1684 Puto
2905 1671 2921 1696 ,
2950 1629 3128 1683 villam
3157 1629 3349 1685 malam
3377 1645 3484 1684 non
3507 1629 3612 1694 vis,
3635 1634 3729 1684 sed

2131 1723 2363 1790 bonam;
2395 1725 2566 1780 solam
2594 1718 2826 1780 animam
2856 1725 3052 1780 malam
3074 1726 3155 1779 vis
3176 1724 3289 1796 (a)?
3316 1725 3454 1795 Quid
3480 1733 3535 1781 te
3555 1725 3727 1781 oh‘en-

2131 1816 2293 1874 disti?
2312 1815 2450 1886 Quid
2470 1816 2537 1871 de
2560 1826 2613 1873 te
2637 1817 2777 1873 male
2802 1827 2858 1872 tu
2881 1819 2993 1887 ipse
3020 1817 3298 1872 meruisti?
3318 1817 3462 1872 Inter
3481 1818 3620 1872 bona
3643 1827 3728 1872 tua

2130 1927 2240 1967 non
2257 1910 2335 1965 vis
2348 1925 2470 1966 esse
2482 1909 2702 1978 malum,
2718 1912 2818 1966 nisi
2837 1921 2887 1967 te
2903 1911 3097 1966 solum.
3111 1911 3299 1967 Putate
3310 1912 3430 1982 quia
3447 1911 3570 1967 dico
3586 1911 3730 1982 quod

2129 2005 2279 2061 soleo
2298 2047 2312 2070 ,
2345 2013 2399 2060 et
2425 2004 2598 2061 facitis
2623 2005 2764 2076 quod
2794 2007 3000 2062 soletis.
3031 2006 3146 2078 Ego
3166 2021 3348 2062 coram
3376 2005 3494 2062 Deo
3515 2006 3730 2062 excutio

2129 2099 2446 2155 vestimenta
2468 2113 2608 2155 mea.
2635 2099 2821 2154 Timeo
2862 2114 2928 2154 ne
2954 2099 3084 2154 mihi
3113 2099 3421 2169 imputetur,
3451 2101 3576 2170 quia
3620 2116 3726 2156 non

2129 2193 2269 2249 dico.
2288 2191 2538 2248 Ofﬁcium
2557 2207 2735 2248 meum
2753 2193 2974 2263 impleo,
3003 2193 3230 2248 fructum
3247 2201 3485 2248 vestrum
3505 2209 3724 2264 quazro;

2129 2287 2197 2343 de
2220 2287 2375 2342 bonis
2404 2286 2655 2356 operibus
2676 2286 2868 2342 vestris
2892 2285 3145 2357 gaudium
3190 2284 3390 2342 habere
3431 2286 3553 2343 volo
3573 2329 3588 2352 ,
3619 2303 3723 2344 non

2131 2382 2433 2452 pecuniam.
2457 2379 2574 2436 Non
2602 2380 2743 2435 enim
2768 2382 2858 2451 qui
2888 2381 3025 2436 bene
3047 2381 3198 2448 vivit,
3225 2380 3443 2437 divitem
3468 2397 3557 2438 me
3577 2382 3723 2439 facit.

2129 2472 2198 2528 Et
2212 2481 2387 2528 tamen
2405 2472 2542 2528 bene
2556 2471 2720 2536 vivat,
2742 2481 2796 2526 et
2810 2470 2952 2526 facit.
2976 2472 3180 2527 Divitiae
3197 2488 3331 2528 meae
3352 2489 3458 2529 non
3479 2473 3580 2528 nisi
3605 2489 3727 2544 spes

2126 2573 2305 2620 vestra
2369 2573 2452 2619 est
2499 2563 2554 2618 in
2600 2561 2835 2618 Christo.
2894 2561 3156 2618 Gaudium
3217 2579 3432 2632 meum,
3475 2566 3724 2622 solatium

2125 2671 2305 2712 meum
2325 2697 2340 2720 ,
2367 2664 2421 2710 et
2441 2656 2884 2726 respiramentum
2909 2657 3265 2726 periculorum
3292 2673 3536 2714 meorum
3560 2660 3614 2714 in
3645 2659 3726 2716 his

2123 2750 2508 2808 tentationibus
2530 2750 2731 2806 nullum
2757 2759 2870 2815 est,
2903 2751 3004 2806 nisi
3025 2751 3164 2807 bona
3185 2753 3291 2808 vita
3318 2763 3518 2808 vestra.
3551 2753 3724 2810 Obse-

2123 2861 2218 2907 cro
2236 2861 2365 2916 vos,
2396 2845 2589 2902 fratres
2607 2886 2624 2913 ,
2652 2846 2698 2900 si
2722 2845 2870 2902 obliti
2893 2846 3022 2901 estis
3049 2846 3212 2902 vestri
3242 2845 3573 2904 miseremini
3597 2848 3722 2902 mei.

2535 2979 2767 3038 summ
2803 2979 3177 3036 CCXXXIII.‘
3207 2979 3300 3052 (ι).

2575 3089 2626 3132 In
2647 3081 2825 3132 diebus
2853 3079 3176 3142 Paschalibus,
3200 3097 3263 3133 tv.

2238 3183 2321 3240 De
2344 3185 2707 3239 resurrectione
2733 3183 2922 3238 Christi
2946 3183 3217 3239 secundum
3238 3182 3473 3238 Marcum
3499 3184 3595 3257 (c).

2188 3297 2416 3354 CAPUT
2447 3297 2732 3354 PRIMUM.
2755 3299 2894 3354 -1.
2925 3297 3330 3354 Resurrectionis
3353 3298 3482 3369 fides
3513 3301 3726 3370 prapria

2115 3390 2542 3449 Christianorum.
2565 3391 2804 3447 Audistis
2831 3391 3117 3447 lectionem
3158 3391 3328 3446 sancti
3357 3391 3635 3463 Evangelii
3657 3393 3725 3450 de

2114 3487 2512 3543 resurrectione
2537 3485 2757 3542 Christi.
2791 3487 2848 3542 In
2880 3486 3273 3542 resurrectione
3293 3485 3492 3542 Christi
3514 3496 3725 3542 consta-

2114 3579 2263 3636 bilita
2293 3588 2376 3634 est
2405 3578 2540 3636 ﬂdes
2558 3589 2760 3635 nostra.
2783 3577 3092 3634 Passionem
3112 3574 3309 3632 Christi
3349 3586 3406 3632 et
3433 3577 3644 3648 Pagani
3669 3590 3723 3634 et

2116 3673 2263 3743 impii
2289 3682 2343 3728 et
2375 3672 2544 3728 Judaei
2587 3672 2929 3728 crediderunt
2961 3690 2975 3726 :
3005 3672 3455 3727 resurrectionem
3501 3674 3719 3728 nonnisi

2113 3765 2422 3822 Christiani.
2469 3763 2658 3820 Passio
2708 3761 2906 3820 Christi
2955 3762 3222 3835 signiﬁcat
3265 3763 3517 3819 miserias
3559 3763 3718 3834 hujus

2112 3859 2237 3914 vita:
2270 3875 2286 3913 :
2316 3856 2639 3913 resurrectio
2682 3855 2879 3911 Christi
2925 3854 3162 3912 ostendit
3204 3854 3593 3912 beatitudinem
3636 3856 3716 3911 fu-

2111 3958 2246 4005 tura:
2274 3949 2416 4004 vitae.
2464 3948 2520 4004 In
2546 3949 2798 4019 praesenti
2837 3947 3140 4004 laboremus
3175 3948 3270 4002 :in
3301 3946 3479 4002 futura
3523 3963 3713 4018 spere-

2111 4057 2251 4097 mus.
2283 4040 2442 4095 Modo
2481 4049 2690 4110 tempus
2728 4046 2809 4095 est
2851 4040 3029 4110 operis
3060 4057 3075 4094 :
3103 4049 3229 4095 tunc
3273 4039 3560 4096 mercedis.
3610 4041 3711 4109 Qui

2109 4135 2260 4206 piger
2270 4135 2416 4190 estin
2432 4132 2733 4190 exhibendo
2757 4147 2939 4203 opere,
2962 4132 3244 4203 impudens
3262 4140 3346 4186 est
3371 4132 3423 4186 in
3444 4133 3708 4204 exigenda

2109 4227 2376 4283 mercede.
2414 4225 2651 4281 Audistis
2693 4225 2818 4296 quid
2869 4224 3065 4280 dixerit
3111 4223 3388 4296 discipulis
3425 4226 3541 4279 suis
3589 4235 3709 4296 post

2108 4320 2584 4376 resurrectionem.
2625 4319 2766 4374 Misit
2799 4332 2894 4374 eos
2933 4317 2999 4374 ad
3030 4317 3376 4389 Evangelium
3407 4319 3706 4387 praedican-

2107 4413 2232 4468 dum
2254 4453 2268 4478 ,
2311 4420 2367 4468 et
2411 4410 2608 4467 factum
2659 4420 2742 4466 est
2773 4429 2786 4465 :
2818 4409 3160 4481 praedicatum
3206 4420 3289 4466 est
3319 4411 3663 4482 Evangelium
3686 4454 3700 4477 ,

2106 4506 2350 4576 pervenit
2371 4505 2438 4561 ad
2465 4521 2582 4562 nos.
2617 4505 2687 4560 Et
2705 4519 2831 4561 ecce
2853 4545 2870 4572 ,
2892 4503 2961 4560 In
2979 4520 3178 4560 omnem
3196 4515 3382 4560 terram
3399 4507 3523 4560 exiit
3551 4523 3700 4560 sonus

2103 4616 2302 4664 eorum,
2331 4609 2380 4654 et
2400 4601 2451 4653 in
2478 4600 2604 4668 ﬁnes
2629 4599 2764 4654 orbis
2787 4608 2936 4655 terra
2953 4599 3101 4654 verba
3125 4615 3300 4654 eorum
3329 4598 3508 4670 (Psal.
3533 4616 3661 4654 xvul
3681 4642 3694 4663 ,

2103 4691 2186 4763 5).
2234 4691 2572 4748 Ambulando
2598 4701 2654 4748 et
2679 4690 3034 4758 ambulando,
3063 4690 3411 4762 Evangelium
3451 4691 3697 4762 pervenit

2102 4786 2170 4842 ad
2199 4800 2298 4842 nos
2321 4827 2336 4853 ,
2368 4796 2422 4842 et
2446 4785 2513 4841 ad
2554 4784 2688 4841 lines
2717 4795 2896 4841 terrae.
2936 4783 3178 4840 Breviter
3201 4783 3479 4839 constituit
3505 4783 3657 4839 nobis
3675 4825 3691 4850 ,

2101 4880 2328 4951 loquens
2373 4877 2650 4949 discipulis
2693 4877 2803 4932 suis
2842 4876 2967 4947 quid
3015 4875 3309 4942 faciamus,
3337 4875 3464 4947 quid
3509 4890 3688 4946 spere-

2100 4986 2243 5028 mus.
2271 4971 2364 5027 Ait
2406 4971 2548 5026 enim
2573 5012 2588 5036 ,
2622 4970 2760 5026 sicut
2805 4968 3028 5024 audistis
3068 4967 3281 5038 quando
3327 4966 3685 5038 loquebatur:

2103 5065 2208 5133 Qui
2267 5063 2536 5121 crediderit
2568 5073 2614 5117 et
2637 5062 2918 5134 baptizatus
2959 5061 3147 5132 fuerit,
3174 5058 3342 5115 salvus
3362 5061 3456 5114 erit
3486 5059 3686 5131 (Marc.

2101 5173 2189 5212 xvi
2213 5155 2382 5228 ,16).
2414 5155 2658 5226 Exigitur
2682 5169 2712 5209 a
2755 5153 2908 5209 nobis
2935 5151 3096 5220 lides,
3127 5150 3350 5207 offertur
3373 5150 3559 5205 salus:
3593 5151 3687 5217 Qui

2102 5247 2367 5304 crediderit
2404 5257 2451 5302 et
2477 5247 2760 5317 baptizatus
2812 5245 2961 5318 fuerit
2983 5287 3000 5312 ,
3023 5245 3192 5299 saluus
3229 5243 3342 5298 erit.
3384 5243 3684 5299 Pretiosum

2163 5386 2182 5416 ι
2205 5383 2371 5456 Plures
2396 5383 2707 5456 manuscripti
2741 5387 2910 5454 carent
2938 5380 3015 5430 his
3035 5381 3230 5456 verbis,

2444 5452 2490 5498 et
2511 5458 2607 5498 non
2631 5441 2855 5506 invenio;
2879 5456 3149 5507 eorumque
3181 5441 3287 5494 loco
3305 5441 3510 5506 habent,
3533 5441 3684 5494 videte

2099 5516 2392 5563 utconasit.

2163 5574 2180 5592 ‘
2205 5572 2492 5621 Emendatus
2507 5571 2566 5621 ad
2587 5570 2637 5620 d.
2662 5583 2705 5619 r.
2724 5576 2762 5620 t.
2786 5584 2836 5619 v.
2854 5573 2907 5618 et
2924 5574 3034 5618 ιον.
3105 5598 3113 5608 -

2183 5635 2233 5693 a)
2258 5634 2373 5683 Vide
2394 5642 2545 5682 Serm.
2569 5631 2648 5693 72,
2671 5645 2722 5680 n.
2746 5633 2794 5688 5.
2824 5639 2875 5680 ct
2897 5638 3048 5682 Serm.
3066 5629 3147 5693 82,
3163 5644 3214 5682 ιι.
3240 5629 3318 5682 ﬂ.

2182 5694 2230 5757 b)
2257 5697 2395 5757 Alias,
2419 5696 2482 5744 de
2505 5697 2719 5757 Diversis
2736 5694 2815 5743 86.

2183 5756 2231 5810 cl
2253 5761 2371 5810 Citat
2383 5756 2551 5810 Florus
2568 5756 2628 5808 ad
2650 5763 2778 5809 Rom.
2805 5769 2902 5806 vut.
