4070 6330
310 312 447 370 HIS

303 435 387 483 est
414 424 558 497 quod
600 424 753 481 nobis
804 424 1130 495 promittitur
1152 467 1167 493 ,
1199 426 1363 496 gratis
1396 425 1455 481 lit
1496 423 1638 495 quod
1661 426 1897 497 jubelur.

375 517 431 573 2.
459 547 531 557 —
547 516 705 573 Salus
733 517 1045 573 credentibus
1070 520 1316 588 promissa
1338 519 1666 574 discernenda
1682 536 1714 573 a
1743 520 1904 573 salute

303 613 594 682 temporali.
620 611 848 667 Christus
873 622 946 666 est
968 616 1083 685 fons
1108 614 1316 667 vitw.—
1331 612 1433 679 Qui
1448 614 1714 669 crediderit
1743 623 1787 667 et
1812 614 1904 667 ba-

306 705 527 771 ptizatus
554 705 745 773 fuerit,
795 704 966 758 salvus
994 705 1109 758 erit.
1141 704 1279 771 Quid
1308 705 1491 760 enim?
1538 706 1626 776 qui
1664 706 1778 759 lucc
1804 722 1900 760 au-

302 796 523 851 diebant
546 837 562 862 ,
589 796 721 850 salvi
744 812 849 851 non
876 795 1073 852 erant?
1095 796 1285 851 Nonne
1311 798 1462 852 multi
1494 798 1622 852 salvi
1654 798 1898 864 credunt,

299 886 435 942 salvi
481 895 606 941 sunt
649 897 702 941 et
746 896 1029 958 antequam
1082 888 1338 944 credant?
1390 890 1531 945 Salvi
1575 891 1776 960 plane:
1808 890 1902 946 sed

300 993 436 1032 vana
466 978 610 1032 salus
637 978 911 1033 hominum
939 978 1111 1052 (Psal.
1142 997 1254 1047 LIx,
1287 982 1356 1037 i5
1380 982 1421 1053 ).
1448 982 1633 1048 Qualis
1672 992 1754 1036 est
1801 984 1902 1037 ista

300 1071 465 1137 salus,
494 1086 614 1140 quae
645 1071 737 1126 tibi
773 1086 894 1126 cum
921 1072 1168 1142 iumento
1198 1084 1288 1128 tuo
1318 1074 1617 1130 communis
1642 1075 1767 1129 est?
1794 1074 1900 1130 Ve-

300 1175 599 1220 rumtamen
625 1167 786 1221 etiam
818 1167 931 1236 ipsa
962 1167 1102 1222 unde
1125 1210 1140 1235 ,
1182 1168 1284 1222 nisi
1313 1167 1515 1234 abillo,
1535 1168 1604 1223 de
1632 1183 1738 1238 quo
1768 1169 1903 1224 scri-

302 1267 449 1326 ptum
477 1266 593 1312 est:
631 1257 874 1312 Homines
909 1268 956 1312 et
986 1260 1219 1331 jumenta
1244 1260 1409 1314 salvos
1435 1260 1612 1330 facies,
1646 1259 1903 1317 Domine?

303 1350 366 1401 Et
396 1348 600 1402 addidit
634 1366 646 1402 :
681 1348 971 1404 Secundum
998 1351 1372 1405 multitudinem
1399 1351 1756 1407 misericordia:
1780 1362 1898 1420 tute,

301 1441 457 1496 Dens.
514 1441 680 1496 Tanta
707 1452 789 1496 est
814 1443 957 1497 enim
1000 1444 1283 1498 multitudo
1328 1445 1708 1500 misericordiae
1756 1455 1899 1521 tuae,

303 1544 358 1587 ut
388 1534 568 1589 veniat
594 1550 622 1588 a
651 1543 704 1589 te
732 1536 877 1590 salus
907 1534 960 1589 in
1004 1537 1160 1590 istam
1209 1551 1423 1591 carnem
1476 1539 1757 1593 mortalem
1800 1538 1900 1593 ho—

303 1625 527 1690 minum,
554 1627 731 1680 veniat
758 1637 811 1680 et
850 1626 919 1681 ad
947 1641 1165 1682 carnem
1195 1643 1468 1698 pecorum.
1494 1629 1619 1683 llzcc
1648 1639 1731 1685 est
1759 1631 1901 1685 mul-

310 1718 483 1771 titudo
510 1718 892 1772 misericordia:
915 1727 1038 1773 tuas.
1064 1719 1212 1775 Filiis
1241 1721 1344 1775 tuis
1373 1720 1541 1791 quid?
1571 1722 1709 1776 Ecce
1734 1722 1901 1777 homi-

305 1827 394 1863 nes
424 1820 468 1864 el
490 1812 722 1881 jumenta
768 1811 933 1865 salvos
956 1812 1137 1882 facies,
1168 1810 1402 1866 Domine.
1431 1812 1573 1866 Nihil
1604 1814 1757 1868 nobis
1781 1829 1899 1869 am-

304 1904 482 1974 plius?
512 1905 662 1973 Quod
696 1905 998 1960 hominibus
1041 1906 1462 1976 quibuscumque
1486 1949 1501 1973 ,
1531 1908 1671 1976 quod
1692 1909 1903 1979 pecori-

304 1999 428 2066 bus,
459 2000 558 2054 hoc
583 2008 866 2070 praestatur
891 2008 944 2054 et
989 2000 1183 2055 nobis?
1202 1998 1317 2054 Non
1344 2000 1499 2070 plane
1526 1999 1646 2055 hoc.

374 2090 599 2146 CAPUT
621 2091 890 2147 ll.—-Sed
910 2091 1073 2161 quid?
1096 2091 1229 2146 Audi
1258 2110 1270 2145 :
1290 2091 1416 2146 Filii
1445 2102 1612 2146 autent
1641 2094 1901 2149 hominum

304 2182 400 2236 sub
424 2182 638 2253 tegmine
658 2182 857 2236 alarum
886 2192 1088 2236 tuarum
1112 2183 1382 2252 sperabunt
1404 2200 1423 2238 :
1442 2183 1818 2239 inebriabuntur
1836 2187 1899 2240 ab

299 2277 525 2329 ubertate
554 2276 733 2328 domus
760 2285 861 2329 tua:
886 2317 903 2342 ,
931 2284 978 2328 et
1006 2285 1224 2329 torrente
1257 2276 1530 2345 voluptatis
1560 2284 1660 2330 tua:
1704 2276 1900 2347 potabis

301 2385 405 2421 eos.
441 2368 694 2431 Quoniam
716 2366 855 2437 apud
882 2376 928 2420 te
952 2376 1023 2421 est
1045 2370 1159 2437 fons
1173 2368 1288 2421 vita:
1313 2366 1481 2438 (Psal.
1520 2384 1687 2433 xxxv,
1718 2368 1897 2443 7-10).

303 2460 550 2516 Christus
574 2468 655 2514 est
670 2462 785 2514 fons
804 2460 947 2513 vita).
965 2459 1299 2514 Habebamus
1316 2461 1539 2515 salutem
1558 2477 1676 2514 cum
1690 2463 1903 2531 jumen-

306 2554 394 2620 tis,
424 2567 700 2622 quousque
729 2552 933 2606 veniret
955 2550 1021 2605 ad
1041 2566 1139 2605 nos
1165 2550 1284 2606 fons
1308 2551 1430 2605 vita:
1451 2551 1595 2605 :fons
1612 2553 1732 2607 vitae
1758 2554 1901 2608 venit

302 2643 371 2698 ad
395 2658 491 2697 nos
511 2683 528 2710 ,
560 2652 615 2696 et
639 2642 756 2696 fons
780 2642 901 2696 vitae
926 2648 1167 2695 mortuus
1192 2649 1273 2695 est
1292 2650 1510 2711 propter
1530 2657 1647 2697 nos.
1678 2642 1901 2713 Negabit

302 2738 469 2791 vitam
512 2751 663 2790 suam
687 2777 701 2799 ,
734 2736 822 2806 qui
864 2736 1018 2789 nobis
1048 2735 1286 2805 erogavit
1318 2744 1547 2789 mortem
1573 2736 1761 2791 suam?
1782 2735 1900 2807 Ipsa

302 2840 386 2885 est
404 2830 579 2895 salus,
610 2844 728 2899 quae
749 2844 853 2883 non
883 2836 965 2883 est
992 2842 1148 2882 vana.
1168 2827 1367 2894 Quare?
1394 2828 1524 2894 Quia
1549 2843 1657 2883 non
1688 2830 1898 2884 transit.

377 2923 430 2978 5.
460 2920 705 2975 Homines
743 2930 789 2974 et
818 2920 914 2989 filii
958 2920 1219 2973 hominum
1244 2920 1297 2972 in
1326 2935 1424 2986 quo
1453 2918 1711 2986 differant.
1759 2920 1902 2976 Bene

305 3012 775 3070 animadvertenda
824 3021 907 3067 est
959 3012 1057 3065 ista
1107 3011 1414 3079 distinctio,
1464 3011 1711 3067 Homines
1747 3022 1793 3067 et
1813 3015 1904 3084 ju-

308 3118 477 3163 menta
496 3108 660 3161 salvos
684 3106 861 3176 facies,
890 3103 1109 3159 Domine
1128 3121 1147 3159 :
1183 3104 1448 3172 Homines,
1482 3105 1811 3174 pertinentes
1835 3104 1903 3160 ad

306 3200 599 3254 hominem.
622 3197 749 3251 Filii
768 3207 935 3251 autem
962 3197 1240 3263 hominum,
1274 3197 1600 3265 pertinentes
1621 3197 1687 3252 ad
1709 3197 1901 3252 Filium

309 3291 540 3347 hominis
560 3332 575 3357 ,
608 3289 697 3343 sub
725 3290 943 3360 tegmine
971 3289 1170 3342 alarum
1212 3299 1413 3342 tuarum
1438 3291 1731 3361 sperabunt.
1763 3291 1905 3345 Con-

309 3384 514 3439 stituite
556 3382 710 3438 vobis
752 3392 877 3437 ante
927 3383 1111 3436 oculos
1148 3380 1287 3436 duos
1313 3380 1576 3437 homines.
1617 3381 1818 3452 Erigite
1845 3384 1907 3436 ii-

308 3480 468 3543 dem,
511 3477 723 3547 evigilet
764 3490 858 3530 cor
900 3485 1137 3529 vestrum
1186 3474 1583 3528 :recordamini
1631 3476 1903 3531 hominem

310 3570 365 3624 in
407 3583 513 3638 quo
557 3566 769 3634 decepti
794 3580 1017 3630 sumus;
1046 3565 1402 3618 recordamini
1440 3564 1709 3619 hominem
1739 3582 1770 3620 a
1798 3581 1907 3637 quo

310 3660 576 3730 redempti
622 3673 824 3713 sumus.
854 3656 946 3712 Ille
987 3656 1148 3711 homo
1197 3657 1448 3726 numquid
1482 3657 1618 3711 lilius
1640 3658 1907 3714 hominis?

311 3751 484 3809 Adam
511 3750 674 3804 homo
715 3757 861 3814 erat,
894 3747 1032 3801 ﬁlius
1074 3746 1307 3801 hominis
1334 3762 1440 3801 non
1482 3754 1615 3802 erat.
1649 3747 1773 3803 Ideo
1798 3748 1907 3804 Do-

314 3846 491 3903 minus
510 3843 754 3899 Chrisms
783 3841 996 3896 assidue
1035 3854 1094 3895 se
1122 3838 1252 3893 dicit
1280 3837 1444 3892 illium
1468 3838 1714 3903 hominis,
1749 3848 1804 3893 ut
1830 3840 1908 3894 Ia-

313 3940 420 3995 ciat
441 3951 538 3993 nos
565 3935 829 3991 recordari
858 3933 1126 3988 hominem
1170 3931 1260 4002 qui
1288 3946 1392 3985 non
1437 3930 1537 3985 fuit
1566 3930 1703 3985 ﬁlius
1732 3931 1909 3986 homi-

315 4031 400 4085 nis
428 4046 441 4082 :
465 4037 521 4083 ut
546 4026 889 4082 recordemur
913 4025 965 4079 in
995 4025 1087 4078 illo
1124 4028 1350 4077 mortem
1375 4064 1390 4088 ,
1423 4022 1476 4075 in
1506 4022 1609 4076 isto
1632 4023 1824 4089 vitam;
1855 4024 1908 4077 in

317 4125 409 4179 illo
434 4131 732 4193 peccatum,
757 4121 809 4174 in
842 4120 942 4173 isto
961 4116 1332 4172 remissionem
1354 4124 1714 4185 peccatorum;
1744 4117 1794 4170 in
1818 4116 1911 4171 illo

318 4217 610 4280 vinculum,
639 4216 690 4268 in
724 4215 825 4268 isto
846 4213 1178 4276 libertatem;
1209 4211 1260 4264 in
1284 4210 1373 4264 illo
1399 4209 1794 4265 damnationem
1815 4253 1831 4279 ,
1856 4211 1911 4265 in

321 4311 425 4366 isto
461 4309 865 4364 absolutionem.
918 4306 1032 4362 Dno
1061 4321 1188 4375 ergo
1218 4305 1304 4359 isti
1333 4304 1576 4360 homines
1629 4305 1913 4376 signiﬁcati

322 4412 446 4458 sunt
468 4404 521 4458 in
549 4403 632 4457 his
656 4402 862 4467 verbis,
896 4399 1137 4454 Homines
1165 4408 1213 4453 et
1244 4399 1481 4470 jumenta
1522 4398 1689 4454 salvos
1714 4403 1869 4471 facies
1893 4441 1909 4468 ,

324 4495 559 4551 Domine.
599 4494 874 4558 Homines,
908 4491 1233 4562 pertinentes
1274 4490 1339 4545 ad
1383 4488 1655 4545 hominem
1691 4508 1703 4543 :
1734 4499 1783 4544 et
1817 4492 1912 4562 ju-

324 4599 510 4655 nienta,
539 4587 696 4643 simul
721 4601 839 4641 cum
885 4584 1138 4654 jumentis
1185 4597 1279 4638 eos
1327 4583 1493 4637 salvos
1518 4583 1690 4654 facies.
1741 4582 1914 4638 Homo

324 4682 466 4737 enim
497 4681 548 4734 in
576 4679 778 4733 honore
800 4676 1004 4748 positus
1031 4689 1137 4729 non
1165 4674 1460 4739 intellexit,
1488 4674 1626 4727 sicut
1655 4673 1914 4743 scriptum

324 4781 409 4829 est
438 4770 636 4826 :Homo
664 4771 717 4822 in
743 4769 930 4822 honore
961 4767 1152 4837 positus
1180 4782 1279 4818 non
1300 4766 1576 4829 intellexit;
1596 4775 1916 4835 comparatus

327 4861 939 4936 estjumentisinsensatis,
954 4868 999 4913 et
1011 4858 1189 4912 similis
1205 4860 1369 4927 factus
1379 4858 1531 4911 esteis
1547 4856 1714 4928 (Psal.
1730 4872 1912 4924 XLVIII,

327 4956 440 5028 15).
464 4955 777 5024 Propterea,
801 4951 1045 5005 Homines
1072 4958 1117 5003 et
1128 4950 1379 5020 jumenta,
1399 4948 1591 5017 quibus
1610 4948 1811 5002 similes
1834 4948 1917 5002 fa-

327 5049 399 5104 cti
425 5055 549 5103 sunt
573 5046 833 5109 homines,
863 5042 983 5112 quia
1017 5055 1124 5095 non
1146 5040 1535 5105 intellexerunt,
1558 5048 1612 5093 et
1631 5039 1709 5094 eis
1728 5039 1918 5110 quibus

332 5138 594 5195 dominari
634 5135 801 5193 creati
845 5142 1001 5199 sunt,
1035 5131 1325 5202 comparati
1354 5139 1508 5196 sunt,
1552 5130 1715 5184 salvos
1742 5131 1915 5201 facies.

407 5228 638 5287 CAPUT
670 5227 847 5282 lll.-—
866 5227 918 5280 4.
949 5223 1106 5279 Salus
1130 5224 1209 5276 hic
1228 5239 1345 5277 vera
1365 5239 1466 5277 non
1493 5222 1695 5275 inventa
1717 5239 1749 5274 a
1774 5221 1920 5276 Chri-

334 5332 433 5377 sto.
491 5319 719 5376 Christus
779 5324 925 5371 natus
991 5314 1218 5368 mortalis
1242 5353 1258 5379 ,
1311 5322 1364 5366 ut
1418 5323 1628 5367 mortem
1675 5316 1915 5384 auferret.

335 5413 602 5484 Numquid
634 5412 747 5483 ipsa
776 5410 858 5464 est
880 5406 1025 5463 salus
1053 5448 1068 5473 ,
1099 5406 1165 5461 de
1187 5420 1288 5475 qua
1308 5404 1513 5461 dictum
1541 5414 1657 5472 est,
1688 5404 1787 5470 Qui
1810 5421 1920 5459 cre-

341 5505 527 5560 diderit
548 5545 562 5569 ,
594 5512 640 5557 et
683 5501 965 5572 baptizatus
994 5498 1172 5570 fuerit,
1196 5496 1367 5552 saluus
1411 5497 1545 5549 erit?
1564 5496 1681 5550 Alia
1726 5504 1807 5551 est
1832 5496 1921 5551 illa

336 5598 515 5663 salus,
563 5596 723 5666 longe
761 5594 883 5648 alia.
917 5591 1104 5663 Angeli
1143 5591 1281 5645 hanc
1325 5589 1563 5644 habent:
1594 5589 1760 5644 nolite
1803 5604 1922 5645 eam

342 5703 584 5764 quaerere
607 5690 662 5743 in
701 5697 861 5743 terra.
893 5683 1080 5752 Magna
1129 5691 1240 5748 est,
1268 5680 1363 5736 sed
1408 5696 1512 5735 non
1563 5688 1647 5736 est
1676 5681 1779 5735 hic.
1808 5681 1921 5736 Non

338 5788 426 5839 est
450 5783 553 5838 ista
586 5794 677 5836 res
723 5776 793 5834 de
816 5776 917 5833 ista
945 5774 1162 5844 regione
1184 5813 1202 5840 ,
1234 5787 1339 5828 non
1364 5780 1448 5829 est
1487 5771 1572 5827 hic
1600 5772 1720 5826 talis
1754 5772 1919 5828 salus.

1665 308 1895 365 SERMO
1932 308 2257 365 CCXXXIII.

3469 322 3611 384 HM

2019 422 2241 478 Sursum
2266 437 2381 479 cor.
2415 424 2554 492 Quid
2580 424 2667 483 hic
2694 427 2889 500 quaeris
2919 428 2974 485 in
3012 437 3154 487 terra
3182 431 3407 490 salutem
3430 434 3608 494 hanc?

2012 513 2127 585 Ipsa
2172 516 2317 572 salus
2359 518 2461 572 huc
2494 518 2677 589 venit,
2707 529 2761 576 et
2790 533 3014 578 mortem
3056 533 3294 582 nostram
3339 526 3428 582 hic
3454 529 3608 586 inve-

2011 609 2109 663 nit.
2141 608 2407 680 Numquid
2441 612 2694 669 Dominus
2715 624 2899 670 noster
2919 616 3075 672 Jesus
3098 616 3364 687 Christus,
3393 620 3609 691 quando

2008 700 2153 755 venit
2182 699 2248 754 ad
2292 715 2389 755 nos
2416 702 2469 756 in
2515 717 2709 769 carne,
2739 706 2941 762 invenit
2984 708 3072 764 hic
3112 709 3337 765 salutem
3367 711 3521 767 istam
3552 714 3606 772 in

2008 792 2225 869 regione
2274 793 2770 864 nostra?Magnum
2808 798 2934 867 quid
2975 798 3077 854 huc
3120 802 3298 856 attulit
3341 815 3608 863 mercator

2009 885 2110 940 iste
2134 884 2201 939 de
2228 885 2448 955 regione
2475 901 2570 942 sua
2614 890 2834 944 veniens
2864 908 2876 944 :
2905 901 3170 948 mercator
3198 894 3299 951 iste
3322 896 3522 954 invenit
3550 899 3605 956 in

2008 978 2226 1048 regione
2255 987 2436 1033 nostra
2464 979 2605 1049 quod
2631 980 2719 1036 hic
2748 982 3000 1038 abundat.
3028 984 3165 1052 Quid
3205 986 3291 1042 hic
3329 988 3604 1048 abundat?

2007 1069 2167 1127 Nasci
2189 1080 2242 1126 et
2268 1072 2424 1127 mori.
2454 1072 2618 1128 Plena
2664 1084 2746 1130 est
2768 1085 2909 1131 terra
2938 1077 3021 1133 his
3047 1081 3312 1137 mercibus
3331 1124 3345 1148 ,
3378 1086 3525 1139 nasci
3550 1095 3604 1141 et

2008 1164 2173 1219 mori.
2199 1165 2366 1221 Natus
2409 1176 2528 1232 est,
2552 1176 2606 1222 et
2651 1179 2891 1225 mortuus
2914 1179 3015 1227 est.
3047 1172 3154 1229 Sed
3196 1190 3299 1245 qua
3332 1178 3417 1231 via
3447 1165 3604 1237 natus

2008 1256 2128 1312 est?
2170 1256 2252 1313 Ad
2291 1258 2445 1313 istam
2475 1261 2745 1331 regionem
2781 1262 3076 1328 venit,sed
3118 1280 3225 1321 non
3268 1282 3330 1323 ea
3374 1270 3457 1325 via
3501 1287 3602 1341 qua

2008 1356 2062 1403 et
2091 1363 2188 1403 nos
2225 1351 2391 1405 venit.
2433 1351 2509 1406 De
2536 1353 2675 1407 ctelo
2718 1354 2859 1408 enim
2892 1356 3036 1410 venit
3058 1372 3086 1409 a
3116 1357 3295 1414 Patre.
3328 1360 3396 1414 Et
3426 1370 3603 1418 tamen

2007 1451 2163 1497 natus
2188 1450 2271 1497 est
2291 1445 2555 1500 mortalis.
2578 1445 2744 1502 Natus
2768 1456 2847 1503 est
2874 1448 2941 1503 de
2966 1448 3163 1519 Spiritu
3191 1463 3377 1508 sancto
3400 1470 3464 1510 ex
3492 1456 3603 1510 vir-

2006 1534 2129 1603 gine
2153 1534 2335 1589 Maria.
2361 1535 2628 1607 Numquid
2676 1554 2775 1594 nos
2829 1540 2908 1595 sic
2930 1540 2997 1595 de
3033 1542 3201 1597 Adam
3241 1554 3296 1598 et
3321 1545 3469 1600 Eva?
3492 1546 3603 1604 Nos

2009 1641 2101 1696 per
2130 1628 2614 1698 concupiscentiam
2635 1631 2838 1697 carnis,
2862 1632 2953 1687 ille
2968 1641 3146 1688 autem
3168 1648 3271 1688 non
3296 1649 3391 1704 per
3412 1636 3600 1706 ipsam.

2007 1717 2170 1772 Maria
2200 1719 2344 1773 enim
2389 1721 2537 1791 virgo
2560 1721 2677 1776 sine
2715 1723 2853 1777 virili
2884 1724 3132 1794 amplexu
3153 1767 3167 1791 ,
3198 1726 3313 1780 sine
3353 1730 3605 1799 concupi-

2006 1812 2222 1866 scentiae
2246 1822 2397 1877 (BSIU;
2417 1815 2664 1882 quoniam
2689 1831 2753 1870 ne
2782 1825 3049 1885 pateretur
3077 1819 3218 1873 hunc
3239 1829 3444 1885 aestum,
3478 1821 3601 1876 ideo

2006 1904 2055 1958 ei
2098 1905 2295 1959 dictum
2344 1916 2459 1973 est,
2490 1908 2716 1977 Spiritus
2764 1920 2969 1963 sanctus
3008 1914 3321 1982 superveniet
3360 1914 3413 1967 in
3454 1924 3527 1980 te,
3557 1923 3604 1969 et

2006 1997 2165 2050 virtus
2195 1997 2771 2054 Altissimiobumbrabit
2793 2002 2881 2054 tibi
2905 2002 3054 2074 (Luc.
3076 2020 3112 2067 l,
3144 2004 3259 2074 55).
3292 2003 3454 2075 Virgo
3475 2022 3603 2077 ergo

2005 2086 2167 2142 Maria
2194 2105 2298 2143 non
2326 2091 2613 2146 concubuit
2637 2101 2692 2147 et
2712 2094 2988 2164 concepit:
3018 2094 3111 2149 sed
3137 2095 3366 2151 credidit
3388 2108 3441 2151 et
3469 2113 3602 2154 con-

2005 2182 2164 2252 cepit.
2218 2183 2382 2238 Natus
2427 2193 2509 2239 est
2558 2186 2702 2238 enim
2756 2186 2997 2240 mortalis
3042 2188 3377 2243 mortalibus.
3426 2189 3602 2256 Quare

2007 2272 2286 2327 mortalis?
2329 2274 2461 2340 Quia
2492 2275 2545 2328 in
2594 2276 2943 2332 similitudine
2979 2278 3155 2331 carnis
3193 2279 3393 2348 peccati
3421 2281 3597 2351 (Rom.

2004 2380 2096 2418 vm
2122 2407 2137 2432 ,
2161 2365 2215 2435 3)
2250 2384 2263 2420 :
2294 2381 2399 2420 non
2438 2366 2490 2420 in
2536 2382 2695 2422 carne
2743 2369 2983 2438 peccati,
3032 2370 3125 2425 sed
3156 2371 3209 2425 in
3256 2373 3600 2430 similitudine

2005 2456 2180 2510 carnis
2224 2458 2445 2525 peccati.
2491 2457 2626 2524 Quid
2661 2460 2820 2513 habet
2861 2474 2986 2514 caro
3034 2461 3271 2530 peccati?
3297 2462 3519 2518 Mortem
3545 2474 3601 2520 et

2006 2556 2302 2617 peccatum.
2331 2549 2467 2616 Quid
2484 2549 2670 2605 habuit
2694 2551 2982 2606 similitudo
3001 2554 3178 2608 carnis
3194 2556 3434 2624 peccati?
3454 2556 3599 2611 Mor-

2006 2649 2112 2693 tem
2145 2639 2260 2693 sine
2314 2648 2553 2709 peccato.
2596 2639 2650 2694 Si
2680 2641 2899 2696 haberet
2928 2653 3204 2712 peccatum
3232 2685 3248 2712 ,
3293 2660 3419 2700 caro
3458 2656 3601 2703 esset

2006 2731 2208 2801 peccati
2239 2749 2251 2784 :
2277 2730 2323 2785 si
2348 2740 2573 2787 mortem
2601 2748 2706 2786 non
2734 2732 2977 2800 haberet,
3010 2751 3114 2790 non
3145 2746 3286 2792 esset
3306 2738 3599 2794 similitudo

2005 2821 2180 2876 carnis
2224 2823 2448 2892 peccati.
2478 2823 2621 2877 Talis
2650 2824 2835 2891 venit,
2864 2824 3109 2880 Salvator
3146 2827 3290 2883 venit
3320 2846 3333 2881 :
3361 2840 3599 2885 mortuus

2006 2924 2088 2970 est
2110 2956 2125 2981 ,
2150 2914 2245 2970 sed
2274 2925 2501 2970 mortem
2547 2916 2741 2971 occidit
2771 2934 2784 2970 :
2813 2916 2980 2972 finivit
3005 2919 3056 2972 in
3085 2934 3143 2974 se
3189 2936 3345 2991 quam
3374 2922 3599 2978 timeba-

2008 3020 2156 3071 mus;
2185 3007 2418 3075 suseepit
2448 3007 2592 3060 illam
2617 3047 2632 3071 ,
2660 3015 2715 3062 et
2743 3009 2938 3063 occidit
2965 3009 3130 3076 illam;
3163 3013 3433 3081 quomodo
3458 3030 3603 3069 sum-

2007 3112 2128 3152 mus
2152 3107 2373 3152 venator
2392 3098 2599 3153 leonem
2630 3099 2809 3168 cepit,
2842 3109 2897 3154 et
2925 3103 3150 3158 necavit.

2078 3188 2307 3243 CAPUT
2332 3187 2419 3242 IV.
2450 3219 2523 3228 —-
2547 3190 2579 3243 5
2600 3228 2613 3241 .
2648 3188 2791 3245 Mors
2836 3191 2889 3245 in
2917 3191 3116 3247 Christo
3144 3203 3361 3249 mortua.
3398 3195 3494 3251 Ubi
3524 3210 3607 3254 est

2008 3280 2194 3335 mors?
2225 3281 2416 3348 Quaere
2460 3283 2512 3336 in
2539 3282 2755 3338 Christo
2778 3325 2793 3351 ,
2821 3284 2931 3354 jam
2962 3302 3068 3341 non
3118 3297 3201 3342 est
3232 3307 3245 3342 :
3272 3289 3365 3343 sed
3395 3288 3521 3357 fuit,
3553 3300 3608 3347 et

2009 3381 2217 3428 mortua
2252 3383 2336 3429 est
2387 3374 2479 3429 ibi.
2526 3373 2570 3431 Ο
2597 3376 2739 3444 vita,
2784 3393 2931 3433 mors
2972 3381 3198 3435 mortis!
3229 3382 3376 3438 Bono
3428 3386 3608 3441 animo

2010 3475 2199 3529 estote,
2230 3468 2487 3533 morietur
2512 3477 2567 3524 et
2587 3470 2637 3523 in
2661 3470 2835 3525 nobis.
2853 3471 3003 3539 Quod
3031 3475 3306 3543 prmeessit
3328 3477 3382 3531 in
3409 3479 3605 3547 capite,

2010 3558 2263 3613 reddetur
2309 3561 2361 3613 in
2416 3561 2713 3615 membris:
2743 3563 3000 3618 morietur
3037 3573 3091 3619 et
3135 3565 3191 3619 in
3232 3567 3385 3622 nobis
3438 3582 3605 3625 mors.

2011 3650 2115 3707 Sed
2142 3652 2392 3721 quando?
2418 3653 2477 3707 In
2510 3653 2613 3709 line
2663 3655 2845 3708 sazcnli
2869 3697 2883 3719 ,
2920 3656 2970 3709 in
3021 3661 3413 3714 resurrectione
3458 3675 3609 3716 mor-

2013 3752 2246 3810 tuorum,
2271 3759 2428 3814 quam
2472 3745 2739 3800 credimus
2763 3788 2777 3811 ,
2807 3756 2859 3801 et
2887 3746 2955 3802 de
2995 3763 3097 3817 qua
3128 3764 3233 3804 non
3282 3750 3605 3808 dubitamus.

2019 3837 2119 3904 Qui
2161 3838 2294 3891 enim
2341 3837 2609 3893 crediderit
2637 3849 2683 3892 et
2740 3839 3023 3906 baptizatus
3067 3842 3260 3911 fuerit,
3302 3843 3413 3913 ipse
3438 3844 3610 3900 salvus

2016 3931 2128 3984 erit.
2160 3930 2397 4000 Sequere
2416 3930 2559 4001 quod
2588 3932 2778 3986 timeas
2809 3950 2823 3987 :
2859 3931 2960 3999 Qui
2983 3942 3150 3988 autem
3176 3950 3276 3989 non
3299 3936 3603 4007 crediderit,

2015 4023 2449 4077 condemnabitur.
2478 4025 2619 4095 Ergo
2646 4040 2790 4081 mors
2816 4026 3074 4082 morietur
3102 4028 3155 4083 in
3184 4029 3339 4084 nobis
3362 4072 3377 4097 ,
3401 4031 3608 4087 victura

2015 4125 2099 4171 cst
2134 4116 2186 4170 in
2216 4116 2497 4171 damnatis.
2535 4116 2631 4173 Ubi
2679 4106 2824 4173 mors
2872 4119 3076 4174 nesciet
3117 4129 3383 4191 mortem,
3414 4124 3612 4193 sempi-

2019 4217 2167 4263 terna
2194 4224 2341 4263 mors
2365 4210 2465 4264 erit
2497 4228 2509 4264 :
2542 4211 2666 4281 quia
2692 4220 2889 4267 aeterna
2922 4222 3181 4269 tormenta
3223 4226 3397 4271 erunt.
3424 4216 3481 4271 ln
3510 4233 3611 4273 no-

2017 4301 2099 4357 bis
2125 4302 2383 4358 morietur
2403 4345 2418 4368 ,
2448 4312 2503 4359 et
2550 4319 2657 4359 non
2710 4305 2832 4360 erit.
2860 4305 3033 4361 Vultis
3062 4307 3258 4362 nosse?
3288 4309 3416 4364 Dico
3460 4310 3613 4367 vobis

2019 4409 2183 4465 pauca
2214 4394 2376 4449 verba
2418 4395 2882 4465 triumphantium,
2914 4407 2971 4451 ut
2996 4397 3233 4453 habeatis
3273 4399 3415 4469 quod
3440 4400 3611 4455 medi-

2022 4485 2234 4553 temini,
2265 4485 2413 4555 quod
2454 4486 2617 4542 corde
2661 4487 2921 4555 cantetis,
2954 4488 3093 4558 quod
3123 4496 3235 4542 toto
3272 4489 3449 4544 animo
3489 4505 3614 4559 spe-

2020 4579 2184 4644 retis,
2229 4578 2369 4647 quod
2414 4577 2518 4633 ﬁde
2564 4586 2619 4633 et
2672 4578 2815 4634 bono
2857 4595 3018 4650 opere
3069 4582 3370 4651 requiratis.
3419 4581 3611 4638 Audite

2020 4670 2179 4723 verba
2207 4668 2678 4738 triumphantium,
2704 4662 2916 4739 quando
2949 4685 3053 4725 non
3096 4672 3197 4726 erit
3236 4686 3417 4737 mors;
3444 4687 3614 4742 quan-

2020 4762 2089 4815 do
2128 4770 2182 4816 et
2232 4762 2287 4815 in
2333 4761 2521 4829 nobis,
2555 4762 2691 4817 sicut
2735 4772 2789 4819 et
2827 4764 2879 4816 in
2907 4764 3079 4832 capite
3108 4773 3324 4831 nostro,
3354 4764 3614 4820 morietur

2021 4870 2187 4909 mors.
2234 4854 2428 4910 Paulus
2479 4856 2752 4925 apostolus
2795 4855 2924 4911 dicit
2971 4874 2984 4910 :
3034 4856 3243 4926 Oportet
3291 4858 3615 4928 corruptibile

2024 4946 2117 4999 hoc
2136 4945 2347 5000 induere
2372 4946 2816 5017 incorruptionem,
2848 4955 2894 5001 et
2918 4948 3129 5002 mortale
3154 4947 3247 5002 hoc
3290 4948 3499 5004 induere
3518 4950 3615 5003 im-

2024 5037 2399 5090 mortalitatem.
2438 5034 2583 5090 Tunc
2612 5038 2697 5105 ﬁet
2719 5054 2881 5091 sermo
2918 5038 3003 5108 qui
3043 5038 3258 5108 scriptus
3286 5048 3390 5105 est,
3427 5040 3615 5094 Absor-

2027 5136 2112 5196 pta
2136 5136 2209 5181 est
2223 5143 2359 5181 mors
2379 5126 2432 5181 in
2460 5128 2737 5181 victoriam.
2754 5128 2872 5182 Dixi
2885 5128 3036 5183 vobis
3051 5129 3173 5197 quia
3193 5130 3452 5184 morietur
3466 5145 3615 5186 mors

2026 5220 2078 5274 in
2106 5218 2261 5273 nobis
2289 5236 2302 5272 :
2335 5218 2588 5289 Absorpta
2615 5228 2690 5272 est
2709 5234 2844 5272 mors
2867 5219 2919 5271 in
2939 5219 3216 5273 victoriam.
3238 5218 3339 5273 Ista
3361 5228 3443 5276 est
3468 5235 3614 5277 mors

2026 5311 2233 5367 mortis.
2266 5310 2676 5375 Absorbebitur,
2708 5318 2767 5364 ut
2802 5326 2907 5365 non
2941 5323 3215 5381 appareat.
3246 5311 3383 5380 Quid
3414 5321 3528 5374 est.
3559 5322 3616 5369 ut

2028 5420 2135 5461 non
2165 5404 2449 5476 appareat?
2474 5404 2543 5460 Ut
2568 5418 2673 5458 non
2699 5404 2802 5471 sit,
2855 5418 2955 5459 nec
2997 5404 3173 5470 intus,
3205 5420 3303 5461 nec
3332 5405 3477 5460 loris.
3508 5405 3615 5461 Ab-

2030 5506 2204 5568 sorpta
2227 5506 2301 5551 est
2325 5513 2460 5549 mors
2488 5495 2541 5548 in
2567 5495 2850 5550 victoriam.
2880 5494 3159 5551 Gaudeant
3195 5495 3615 5565 triumphantes;

2029 5588 2323 5660 gaudeant,
2353 5587 2534 5642 dicant
2583 5585 2725 5656 quod
2771 5588 3047 5659 sequitur:
3081 5587 3179 5644 Ubi
3216 5598 3320 5653 est,
3347 5605 3516 5656 mors,
3542 5590 3617 5644 ui—

2030 5682 2193 5737 ctoria
2222 5680 2348 5734 tua?
2373 5680 2459 5733 ubi
2479 5688 2551 5735 est
2571 5720 2587 5747 ,
2619 5695 2775 5748 mors,
2803 5682 3006 5737 aculeus
3026 5691 3141 5737 tuus
3163 5680 3183 5755 (
3200 5681 3219 5735 1
3242 5680 3359 5738 Cor.
3388 5697 3482 5749 xv,
3514 5681 3614 5739 53-

2032 5772 2161 5842 55)?
2188 5771 2291 5828 Ubi
2314 5780 2398 5829 est
2417 5811 2435 5840 ,
2461 5768 2661 5842 Cepisti
2680 5810 2700 5842 ,
2728 5773 3042 5845 possedisti,
3071 5773 3282 5845 vicisti,
3309 5780 3366 5831 et
3394 5773 3612 5837 111111111-
