4070 6330
282 328 417 389 ill?

282 441 559 515 Opiniones
584 435 986 509 reSpqndissent
1010 434 1234 498 alienas,
1266 427 1467 484 addidit
1492 435 1546 481 et
1570 426 1863 491 interroga—

286 537 352 589 vit
379 534 563 587 dicens
585 549 599 585 ε
640 529 737 583 Vos
757 538 922 583 autem
942 542 1087 597 quem
1114 539 1189 577 me
1219 537 1324 577 esse
1343 519 1549 575 dicitis?
1571 514 1868 585 Respondit

280 628 502 687 Petrus:
530 622 605 680 Tu
632 639 682 677 es
713 621 942 679 Christus
968 618 1137 674 Filius
1156 615 1253 671 Dei
1278 615 1393 669 viai.
1424 614 1535 667 lloc
1572 612 1865 674 daemones,

284 720 381 773 hoc
428 718 649 772 Petrus:
680 714 782 768 hoc
812 711 1026 781 maligni
1063 709 1300 779 spiritus,
1334 706 1436 761 hoc
1467 704 1772 773 Apostolus.
1800 701 1870 754 Et

282 808 499 863 audiunt
526 807 819 870 daemones,
873 799 1208 855 Obmutescite
1229 814 1247 853 :
1269 797 1415 851 audit
1444 796 1649 859 Petrus,
1682 792 1868 846 Beatus

281 917 331 954 es
352 898 563 969 (Matth.
588 912 699 961 xvr,
724 894 936 965 15-17).
961 891 1114 960 Quod
1140 887 1476 945 discernebat
1496 887 1632 953 illos,
1652 884 1868 939 hocdis-

281 1000 464 1046 cernat
509 998 563 1044 et
601 1004 719 1044 nos.
767 987 923 1043 Unde
967 986 1068 1040 hoc
1110 984 1381 1039 diemnnes
1422 978 1753 1035 clamabant?
1780 976 1869 1029 Ti-

281 1080 495 1137 mendo.
524 1079 677 1135 Unde
702 1060 928 1132 Petrus?
959 1074 1255 1145 Diligendo.
1278 1072 1487 1143 Eligite,
1511 1071 1730 1139 diligite.
1752 1068 1869 1137 lpsa

280 1180 362 1229 est
376 1171 511 1227 ﬁdes
530 1187 648 1242 qua:
667 1169 1001 1249 Christianos
1022 1183 1053 1222 a
1079 1165 1407 1233 dzemonibus
1435 1162 1715 1226 discernit;
1738 1160 1869 1215 ﬁdes

280 1281 388 1321 non
416 1278 782 1335 quascumque.
811 1263 943 1318 Nam
968 1264 1042 1317 ait
1067 1260 1339 1349 apostolus
1366 1259 1615 1322 Jacobus,
1653 1256 1727 1310 Tu
1757 1274 1869 1311 cre-

278 1358 358 1411 dis
374 1372 394 1411 .'
412 1355 646 1426 Epistola
665 1354 763 1409 hoc
790 1353 949 1409 habet
972 1352 1197 1421 apostoli
1224 1351 1405 1405 Jacobi
1430 1368 1442 1405 :
1472 1349 1545 1402 Tu
1572 1350 1734 1403 credis
1755 1350 1870 1416 quia

279 1465 409 1501 unus
429 1456 501 1501 est
527 1445 699 1501 Deus:
718 1446 840 1509 bene
869 1444 1014 1514 facis.
1044 1443 1111 1497 Et
1150 1444 1399 1497 dcemones
1426 1442 1657 1506 credunt,
1683 1451 1729 1493 et
1751 1457 1871 1494 con-

280 1540 568 1593 tremiscunt
596 1536 796 1610 (Jacobi
819 1553 876 1603 ιι,
908 1533 1019 1608 19).
1052 1536 1169 1604 Ipse
1196 1535 1297 1589 hoc
1325 1534 1475 1599 dixit,
1500 1534 1589 1603 qui
1613 1535 1660 1585 in
1684 1532 1868 1587 eadem

279 1628 517 1698 Epistola
544 1627 777 1697 scripsit,
810 1625 871 1682 Si
897 1625 1257 1695 [idem/tabem
1282 1626 1488 1695 aliquis,
1518 1640 1671 1695 opera
1706 1632 1871 1677 autem

279 1738 379 1775 non
402 1722 600 1787 habeat,
625 1719 869 1792 numquid
896 1730 1051 1790 potest
1075 1720 1199 1788 ﬁdes
1220 1720 1417 1773 salvarc
1433 1735 1545 1773 eum
1563 1717 1611 1791 (1
1620 1718 1723 1772 bid.
1748 1718 1872 1789 id)?

276 1813 350 1873 Et
377 1812 651 1884 apostolus
684 1812 879 1868 Paulus
904 1812 1238 1877 discernens,
1267 1812 1339 1864 ait
1364 1830 1373 1864 :
1406 1809 1579 1879 Neque
1603 1811 1871 1863 circumci—

275 1907 358 1961 sio
383 1906 579 1977 aliquid
606 1906 755 1971 valet,
798 1922 953 1974 neque
998 1904 1333 1974 prwputium;
1366 1904 1454 1957 sed
1484 1902 1609 1970 ﬁdes
1638 1918 1749 1970 quae
1786 1919 1874 1971 per

276 1996 598 2053 dilectionem
627 2007 865 2066 operatur
910 1994 1107 2066 (Galat.
1138 2012 1194 2061 v,
1225 1994 1301 2066 6).
1336 1995 1696 2049 Discrcvimus
1715 2035 1728 2057 ,
1758 1994 1871 2049 dis-

279 2088 534 2144 tinximus
568 2106 583 2143 :
624 2088 733 2143 imo
762 2087 1063 2142 distinctam
1106 2087 1424 2150 invenimus,
1459 2086 1760 2139 distinctam
1792 2086 1871 2139 le—

275 2183 475 2255 gimus,
498 2181 800 2237 distinctam
823 2197 941 2235 esse
961 2179 1263 2234 didicimus.
1287 2178 1564 2247 Quomodo
1591 2178 1871 2247 distingui-

275 2291 405 2330 mur
435 2274 568 2339 ﬁde;
592 2275 670 2329 sic
692 2273 1079 2343 distinguantur
1107 2280 1159 2325 et
1190 2270 1449 2337 moribus,
1474 2272 1551 2325 sic
1578 2270 1872 2340 distingua-

277 2382 405 2423 mur
430 2374 485 2422 et
507 2366 777 2436 operibus,
811 2364 1020 2419 accensi
1071 2362 1351 2427 charitate,
1394 2378 1553 2432 quam
1602 2362 1874 2416 daemones

276 2474 389 2513 non
420 2457 708 2512 habebant.
737 2455 853 2525 Quo
897 2456 1018 2525 igne
1058 2466 1111 2509 et
1152 2454 1228 2507 illi
1270 2454 1374 2507 duo
1401 2454 1454 2507 in
1481 2454 1562 2506 via
1593 2453 1869 2507 ardebant.

274 2552 508 2622 Cognito
534 2552 675 2605 enim
702 2549 914 2604 Christo
954 2556 1009 2604 et
1053 2549 1121 2603 ab
1148 2548 1229 2603 eis
1256 2548 1583 2615 discedente,
1627 2548 1875 2604 dixerunt

275 2643 423 2713 apud
454 2658 546 2697 se:
573 2640 757 2695 Nonne
798 2657 885 2694 cor
914 2650 1141 2694 nostrum
1179 2649 1285 2693 erat
1322 2640 1505 2693 ardens
1543 2640 1597 2692 in
1634 2641 1734 2702 via,
1763 2658 1874 2693 cum

276 2736 500 2805 aperiret
528 2734 668 2788 nobis
709 2732 1005 2801 Scripturas
1036 2730 1187 2805 (Luc.
1218 2747 1367 2795 xxrv,
1400 2730 1526 2801 52)?
1553 2731 1782 2785 Ardete:
1810 2749 1875 2788 ne

274 2828 515 2884 ardeatis
530 2828 649 2897 igne
664 2844 767 2897 quo
784 2827 955 2881 arsuri
973 2834 1095 2879 sunt
1112 2824 1382 2879 (lzemoncs
1396 2822 1740 2895 (Matt/1.x“,
1758 2825 1874 2895 41).

273 2920 482 2980 Artlete
510 2921 629 2990 igne
657 2919 951 2982 cbaritatis,
983 2928 1039 2972 ut
1067 2934 1097 2971 a
1128 2917 1457 2971 dremonibns
1489 2932 1582 2970 vos
1604 2918 1875 2971 discerna-

275 3019 371 3073 tis.
403 3012 573 3072 Ardor
600 3014 697 3071 iste
724 3028 934 3067 sursum
967 3026 1061 3064 vos
1088 3010 1246 3080 rapit,
1271 3025 1480 3063 sursum
1504 3010 1657 3072 tollit,
1688 3011 1738 3063 in
1764 3026 1873 3065 etn-

274 3110 395 3166 lum
424 3112 580 3166 levat.
612 3103 879 3180 Quidquid
911 3103 1275 3163 molestiarum
1298 3101 1439 3171 passi
1467 3102 1671 3155 fueritis
1696 3101 1746 3155 iu
1773 3109 1878 3156 ter-

274 3221 365 3269 ra,
399 3215 886 3273 quantumcumque
909 3202 1258 3255 christianum
1287 3217 1380 3255 cor
1408 3198 1656 3255 deorsum
1707 3195 1877 3254 itumi—

274 3297 467 3352 liatum
498 3304 704 3366 premat
731 3296 1005 3357 inimicus;
1036 3310 1240 3348 summa
1274 3294 1405 3363 petit
1442 3293 1603 3346 ardor
1632 3293 1874 3347 dilectio‘

275 3390 388 3443 nis.
416 3389 828 3443 Similitudinem
859 3388 1104 3455 accipite.
1128 3386 1183 3439 Si
1216 3385 1439 3439 faculam
1470 3394 1649 3437 teneas
1678 3385 1876 3439 arden-

276 3493 417 3547 tem,
466 3490 667 3535 rectam
716 3479 889 3548 capite
932 3492 1142 3531 sursum
1193 3486 1403 3541 teneas;
1438 3476 1663 3530 flammae
1712 3478 1876 3531 crinis

273 3573 449 3639 surgit
482 3572 532 3624 in
561 3570 790 3624 cmlum:
818 3568 1059 3637 deprime
1085 3566 1333 3631 faculam,
1362 3558 1571 3619 flamma
1602 3566 1653 3620 in
1683 3568 1874 3620 cmlum

273 3666 319 3718 it
345 3682 359 3716 :
386 3663 463 3715 fac
494 3661 715 3714 faculam
744 3660 917 3729 capite
941 3658 1216 3724 deorsum,
1250 3657 1505 3727 numquid
1533 3666 1585 3711 et
1611 3646 1876 3711 flammam

273 3754 508 3822 deponis
531 3753 580 3806 in
612 3749 846 3805 terram?
866 3750 1212 3819 Quacumque
1234 3748 1427 3801 ardens
1454 3750 1640 3816 vergit,
1666 3746 1877 3802 flamma

274 3847 441 3901 aliam
473 3845 611 3897 viam
647 3842 834 3907 nescit,
864 3842 1057 3896 etelum
1086 3840 1236 3911 petit.
1263 3840 1463 3909 Spiritu
1495 3836 1760 3894 ferventes
1784 3855 1876 3897 ac-

277 3934 573 3992 ccndimini
602 3935 720 4003 igne
760 3934 1068 3987 charitatis:
1097 3932 1304 3985 fervere
1332 3930 1489 3985 facite
1516 3946 1609 3985 vos
1637 3931 1879 3986 laudibus

278 4029 400 4089 Dei,
429 4036 482 4081 et
511 4026 749 4080 moribus
779 4025 1013 4093 optimis.
1047 4023 1197 4077 Alter
1219 4023 1438 4087 calidus,
1471 4022 1605 4075 alter
1636 4023 1874 4092 frigidus:

278 4120 487 4174 ealidus
519 4119 762 4187 frigidum
798 4116 1081 4179 accendat;
1112 4123 1165 4169 et
1192 4116 1278 4184 qui
1308 4130 1494 4184 parum
1522 4116 1691 4179 ardet,
1734 4124 1879 4186 optet

280 4220 647 4278 augmentum,
679 4218 795 4263 oret
824 4207 1207 4274 adiumentum.
1244 4206 1501 4260 Dominus
1548 4217 1760 4274 paratus
1798 4216 1879 4262 est

280 4304 445 4359 dare:
478 4318 574 4357 nos
604 4303 820 4374 pansis‘
855 4301 1107 4367 cordibus
1150 4309 1394 4369 optemus
1432 4301 1693 4370 accipere.
1740 4302 1879 4356 Con-

281 4395 423 4450 versi
455 4395 520 4449 ad
550 4394 852 4457 Dominum,
886 4400 988 4447 etc.
1744 4382 1747 4383 ⁷

736 4506 968 4563 SERMU
1006 4504 1286 4562 ccxxxv
1330 4506 1427 4577 (a).

751 4626 800 4669 tn
817 4621 990 4669 diebus
1009 4618 1327 4691 Paschalibus,
1349 4634 1413 4670 γι.

358 4727 436 4782 De
480 4729 652 4782 eadem
696 4727 906 4809 lectione
949 4727 1211 4805 Evangelii
1252 4725 1438 4801 Luae,
1480 4742 1595 4798 cap.
1638 4743 1801 4795 xxrv,

943 4818 1014 4888 ᾖ.
1054 4818 1208 4873 15-51

358 4942 624 4999 CAPUT
689 4940 1035 5001 PRIMUM.
1096 4970 1165 4979 -—
1220 4940 1273 4994 1.
1338 4938 1679 5009 Evangelistte
1740 4942 1879 4995 salva

287 5038 595 5092 narrationis
615 5038 820 5091 veritate
836 5035 1050 5089 variant.
1072 5032 1335 5101 Hesterno
1355 5032 1461 5095 die,
1486 5032 1536 5086 id
1558 5041 1637 5086 est
1660 5043 1812 5088 nocte
1832 5036 1875 5100 ²,

289 5130 425 5187 lecta
457 5140 539 5186 est
578 5146 640 5184 ex
674 5129 962 5196 Evangelio
1006 5126 1327 5180 resurrectio
1354 5124 1667 5179 Salvatoris.
1716 5126 1874 5181 LeCIa

289 5232 371 5278 est
399 5232 573 5276 autem
604 5238 668 5275 ex
700 5220 985 5289 Evangelio
1013 5218 1304 5271 secundum
1328 5216 1628 5270 Mattha-um
1660 5236 1672 5271 :
1722 5218 1877 5271 hodie

288 5331 417 5369 vero
447 5358 461 5382 ,
489 5316 625 5369 sicut
653 5313 875 5368 audistis
904 5311 1248 5381 pronuntiare
1299 5310 1573 5395 Lectorem
1603 5351 1616 5373 ,
1658 5304 1875 5389 recitata

356 5475 370 5506 ¹
398 5477 469 5523 Sic
492 5474 726 5524 meliores
740 5473 1065 5533 manuscripti.
1090 5477 1143 5519 At
1166 5478 1295 5537 t.ov.,
1316 5471 1500 5579 paucis.

356 5538 563 5579 Mlimmt
588 5539 837 5579 nianuscrit
858 5537 891 5579 ti
918 5535 1157 5579 mutillum.
1185 5532 1239 5579 it!
1264 5546 1312 5579 (νδ
1355 5540 1500 5579 tmt‘lc.

353 5538 563 5598 'Aliqnot
588 5539 837 5598 IllalllISCl‘l]
858 5537 891 5585 ti
918 5530 1239 5598 oniittunt,'itl
1264 5530 1331 5581 est
1355 5540 1505 5598 nocte.
1533 5539 1585 5582 Et
1610 5530 1728 5583 infra
1752 5530 1876 5598 loco,

290 5594 554 5649 secundum
608 5594 915 5657 etalt/urunt,
954 5598 1101 5645 iidem
1139 5597 1331 5644 codices
1381 5596 1579 5653 habent,
1618 5594 1880 5659 secundum

341 5676 525 5710 arcum.

260 5722 271 5744 ⁵
298 5672 656 5784 "erigigligatus
678 5722 735 5771 ad
760 5729 865 5771 tres
885 5723 961 5770 cb.
988 5722 1048 5769 ad
1080 5720 1129 5769 d.
1166 5734 1214 5770 n.
1251 5732 1291 5769 ι’.
1325 5734 1371 5769 v.
1411 5726 1509 5770 Aul.
1530 5725 1603 5768 ΕΓ-
1624 5728 1725 5769 ιάΐ-
1766 5726 1875 5769 ῐιον·

358 5785 430 5849 (a)
454 5785 593 5848 Alias,
617 5785 682 5836 de
704 5793 940 5848 Tempore
964 5784 1072 5833 HO.

1620 307 1798 367 SHW
1885 304 2191 362 αοΧΧΧν.

3413 301 3552 369 1118

1976 428 2055 473 est
2084 418 2234 473 nobis
2260 420 2467 475 Domini
2494 420 2815 479 resurrectio
2835 460 2851 488 ,
2879 419 3015 485 sicut
3040 418 3213 485 Lucas
3226 419 3556 489 eratde

1977 512 2309 581 conscripsit.
2340 513 2494 581 Quod
2512 528 2655 583 saepe
2678 512 3001 585 admouendi
3038 512 3187 579 estis,
3228 521 3284 567 et
3302 514 3558 581 memori-

1979 614 2058 660 ter
2080 612 2261 660 tenerc
2290 605 2495 662 debetis
2520 624 2534 670 ;
2562 622 2666 661 non
2694 621 2789 661 vos
2815 605 2973 661 debet
3000 620 3219 669 movere
3244 602 3383 673 quod
3416 603 3557 667 (alius

1976 698 2299 768 evat'tgelista
2327 698 2475 764 dicit,
2590 699 2713 769 quid
2754 699 2889 761 alius
2928 696 3282 767 praucrptittit
3315 714 3328 750 :
3355 696 3474 773 quia
3506 704 3558 759 et

1975 791 2063 851 ille
2084 791 2171 860 Qui
2190 791 2549 859 praetermittit
2568 791 2709 861 quod
2724 791 2865 853 alius
2880 790 3031 855 dicit,
3054 790 3180 863 dicit
3193 787 3394 857 aliquid
3410 786 3557 856 (quod

1976 881 2062 935 ille
2094 883 2526 951 prietermiscrat.
2558 883 2746 952 Aliqua
2773 898 2900 937 vero
2931 882 3120 951 singuli
3151 880 3358 949 dicunt,
3384 888 3444 947 ,et
3470 878 3557 932 alii

1972 982 2085 1037 tres
2104 989 2215 1039 non
2244 974 2459 1039 dicunt;
2486 974 2660 1043 aliqua
2679 974 2782 1049 duo
2805 974 3006 1040 dicunt,
3026 984 3075 1028 et
3101 973 3189 1026 alii
3208 988 3317 1042 pop
3334 971 3554 1041 dicunt;

1974 1066 2147 1135 aliqua
2174 1076 2278 1125 tres
2300 1066 2501 1130 dicunt,
2529 1075 2584 1127 et
2600 1081 2739 1129 unus
2766 1082 2871 1131 non
2891 1066 3035 1121 dicit.
3059 1066 3360 1133 Auctoritas
3380 1073 3557 1137 autem

1978 1165 2122 1221 tanta
2160 1166 2241 1210 est
2279 1156 2555 1226 Evangelii
2583 1158 2782 1218 sancti,
2814 1166 2874 1225 ut
2900 1157 3019 1225 quia
3052 1156 3103 1210 in
3140 1155 3216 1227 eis
3246 1155 3559 1225 loquebatur

1976 1247 2207 1317 Spiritus
2238 1265 2391 1313 unus,
2413 1265 2594 1303 verum
2619 1250 2687 1303 sit
2716 1250 2872 1315 etiam
2903 1249 3039 1317 quod
3062 1248 3253 1325 dixerit
3274 1264 3427 1321 unus.
3446 1247 3559 1303 lloc

1976 1356 2102 1411 ergo
2130 1340 2268 1411 quod
2301 1342 2459 1405 modo
2486 1340 2727 1405 audistis,
2758 1342 2878 1410 quia
2910 1341 3169 1407 Dominus
3194 1341 3383 1407 J‘esus,
3414 1348 3559 1410 post-

1977 1446 2200 1500 eaquam
2236 1434 2535 1499 resurrexit
2563 1449 2592 1486 a
2635 1433 2889 1495 mortuis,
2928 1432 3127 1495 inuenit
3152 1432 3285 1495 duos
3304 1430 3361 1493 in
3386 1432 3464 1497 via
3493 1447 3557 1485 ex

1976 1522 2247 1592 discipulis
2277 1523 2415 1586 suis,
2446 1523 2813 1593 colloquentes
2834 1522 3059 1591 invicem
3086 1520 3156 1587 de
3182 1521 3265 1587 his
3294 1537 3411 1590 qua:
3435 1537 3561 1589 cou-

1978 1614 2225 1685 tigerant,
2257 1622 2310 1668 et
2336 1614 2468 1673 dixit
2499 1615 2601 1668 illis
2623 1655 2636 1677 ,
2666 1615 2767 1685 ﬂui
2792 1625 2909 1683 sunt
2944 1628 3198 1681 sermones
3220 1612 3306 1685 isti
3334 1629 3455 1681 quos
3485 1614 3562 1667 lo-

1976 1706 2187 1779 quimini
2218 1688 2489 1777 vobiscuin,
2516 1715 2559 1759 et
2585 1707 2698 1759 estis
2730 1706 2937 1765 tristes?
2964 1713 3068 1775 etc.
3096 1719 3112 1768 ;
3134 1703 3279 1765 solus
3303 1702 3433 1765 dixit
3460 1704 3561 1773 Lu-

1976 1811 2066 1875 cas
2095 1799 2436 1867 evangelista.
2490 1798 2729 1871 Breviter
2756 1798 2855 1863 huc
2878 1797 3048 1865 attigit
3069 1796 3294 1867 Marcus,
3324 1796 3443 1863 quia
3469 1812 3562 1865 ap-

1976 1890 2151 1961 paruit
2196 1888 2403 1943 duobus
2442 1890 2496 1959 in
2543 1890 2624 1942 via
2656 1888 2843 1961 (Marc.
2875 1904 2962 1961 xw
2984 1929 2997 1953 ,
3031 1887 3114 1955 12,
3149 1888 3239 1959 l5)
3271 1904 3283 1939 :
3312 1886 3410 1955 ,scd
3438 1888 3561 1957 quid

1978 1978 2056 2055 illi
2082 1979 2313 2045 dixerint
2355 1979 2582 2053 Domino
2606 2020 2621 2047 ,
2650 1980 2733 2043 vel
2773 1978 2897 2051 quid
2940 1979 3019 2037 cis
3048 1978 3239 2049 dixerit
3264 1979 3521 2047 Dominus
3544 2022 3561 2047 ,

1977 2071 2336 2139 praetermisit.

2047 2160 2099 2213 ‘2.
2128 2160 2362 2239 tI/tristtts
2389 2177 2501 2229 cum
2526 2160 2787 2235 discipulis
2815 2161 2863 2212 in
2894 2160 2990 2213 via.
3016 2158 3153 2235 Quid
3172 2174 3304 2233 {ergo
3342 2159 3447 2233 ista
3484 2159 3565 2227 le-

1978 2251 2082 2325 ctio
2104 2252 2331 2331 contulit
2355 2250 2547 2323 nobis?
2578 2251 2819 2325 Magnum
2859 2249 3094 2318 aliquid,
3112 2250 3158 2321 si
3188 2250 3559 2323 intelligamus.

1978 2345 2235 2423 {appappit
2262 2344 2415 2419 lesps
2446 2360 2458 2396 :
2488 2342 2767 2417 videbatur
2796 2343 2988 2415 oculis,
3023 2350 3076 2395 et
3100 2356 3206 2415 non
3236 2343 3561 2418 agnosceba-

1980 2448 2083 2501 tur.
2118 2438 2368 2513 lllagistcr
2404 2436 2705 2505 ambulabat
2730 2451 2849 2509 cum
2882 2436 2984 2507 illis
3012 2435 3064 2509 in
3096 2434 3199 2509 via,
3228 2443 3281 2488 et
3306 2435 3421 2525 ipse
3451 2444 3565 2507 erat

1978 2530 2061 2607 via
2092 2547 2104 2583 :
2136 2538 2189 2591 et
2234 2528 2467 2603 nonduin
2496 2528 2572 2581 illi
2615 2528 2955 2587 ambulabant
3076 2526 3200 2603 pia;
3234 2525 3326 2589 sed
3366 2528 3565 2601 invenit

1978 2636 2073 2699 eos
2098 2621 2428 2695 exorbitasse
2454 2620 2521 2693 de
2554 2620 2654 2693 via.
2689 2620 2913 2693 Quando
2940 2621 3083 2689 enim
3108 2635 3231 2691 cum
3258 2619 3363 2695 illis
3392 2620 3565 2677 fuerat

1980 2723 2109 2789 ante
2150 2714 2456 2787 passionem
2484 2754 2498 2777 ,
2546 2712 2721 2773 omnia
2771 2711 3127 2785 prtt'dixt‘rat,
3182 2726 3458 2789 passurum
3506 2727 3564 2769 se

1981 2783 2185 2888 fuisse,
2217 2806 2533 2881 moriturum
2553 2846 2565 2869 ,
2600 2804 2755 2857 tertio
2782 2804 2868 2879 die
2905 2783 3326 2883 resurrecturum
3347 2783 3561 2880 (Matth.

1980 2914 2071 2979 xx,
2112 2898 2200 2969 18,
2232 2899 2322 2967 19)
2358 2915 2369 2951 :
2404 2896 2581 2967 omnia
2626 2896 2978 2965 praedixerat;
3022 2897 3119 2973 sed
3159 2914 3306 2973 mors
3330 2900 3349 2963 ν¹
3382 2899 3561 2971 illius,

1981 2988 2187 3067 illorum
2216 2987 2412 3063 oblivio
2437 2987 2552 3041 fuit.
2574 2986 2665 3049 Sic
2692 2987 2983 3065 perturbati
3018 2997 3164 3052 sunt,
3196 2988 3413 3067 quando
3444 3006 3563 3063 cum

1980 3062 2227 3155 viderunt
2251 3080 2303 3157 in
2332 3062 2503 3149 ligno
2543 3078 2883 3149 pendentem,
2922 3062 2978 3141 ut
3036 3062 3409 3157 oblivisceretit
3470 3081 3567 3149 do-

1979 3156 2209 3249 centem,
2244 3156 2346 3241 non
2377 3178 2746 3249 exspectarent
2772 3180 3166 3248 resurgentem,
3194 3187 3295 3249 nec
3324 3180 3573 3252 tenerent

1984 3276 2403 3347 promittentem.

2052 3365 2277 3445 CAPUT
2320 3365 2383 3435 ll.
2411 3394 2483 3407 -—
2506 3363 2638 3430 Nos,
2674 3364 2936 3435 inquiunt,
2967 3364 3291 3435 sperabamus
3314 3366 3431 3436 quia
3462 3367 3570 3437 ipse

1982 3469 2088 3525 erat
2112 3460 2467 3529 redempturus
2497 3456 2681 3519 Israel.
2713 3457 2757 3511 Ο
2791 3458 3053 3527 discipuli,
3082 3459 3409 3533 sperabatisz
3442 3476 3569 3531 ergo

1976 3552 2085 3620 jam
2115 3567 2219 3617 pou
2248 3551 2474 3618 sticratis
2493 3552 2516 3601 ’ἐ
2540 3550 2679 3614 Ecce
2705 3548 2949 3613 Christus
2976 3549 3123 3614 vivit,
3147 3558 3200 3613 et
3218 3565 3340 3619 spes
3360 3561 3569 3617 mortua

1982 3652 2064 3709 est
2088 3643 2139 3707 in
2167 3642 2317 3703 vobis
2346 3643 2358 3695 l
2390 3642 2618 3703 Prorsus
2645 3641 2771 3693 vivit
2791 3642 3053 3701 Christus.
3102 3641 3293 3703 Vivens
3329 3640 3570 3705 Christus

1985 3742 2189 3807 mortua
2237 3731 2617 3803 discipulorum
2658 3732 2820 3797 corda
2864 3731 3065 3795 invenit
3094 3750 3106 3785 :
3135 3747 3359 3801 quorum
3401 3735 3569 3795 oculis

1982 3834 2037 3895 et
2077 3824 2324 3895 apparuit
2350 3833 2403 3887 ct
2432 3841 2538 3889 non
2566 3826 2839 3893 apparuit;
2872 3833 2927 3887 et
2968 3824 3245 3889 )‘idebatur
3268 3836 3319 3891 et
3347 3828 3571 3893 abscon-

1982 3915 2225 3985 debatur.
2261 3914 2393 3969 Nam
2433 3916 2476 3981 si
2520 3931 2624 3989 non
2658 3916 2939 3983 videbatur
2960 3956 2975 3983 ,
3005 3915 3272 3985 quomodo
3314 3917 3461 3983 illum
3491 3918 3571 3973 in-

1982 4014 2345 4089 terrogantem
2387 4006 2712 4077 audiebant,
2743 4008 3090 4078 interroganti
3134 4009 3571 4079 respondebant?

1982 4099 2041 4167 In
2070 4102 2149 4169 via
2185 4118 2305 4167 cum
2352 4102 2458 4157 illis
2488 4110 2735 4170 tanquam
2762 4116 2945 4167 comes
2987 4102 3333 4167 ambulabat,
3374 4114 3427 4170 et
3458 4106 3571 4174 ipse

1983 4193 2090 4263 dux
2118 4203 2251 4259 erat.
2287 4195 2478 4263 Utique
2503 4195 2779 4259 videbant,
2808 4196 2901 4259 sed
2933 4211 3036 4258 non
3067 4197 3442 4265 agnoscebant.
3479 4199 3572 4268 Te-

1984 4285 2230 4368 nebantur
2258 4286 2391 4351 enim
2420 4286 2554 4347 oculi
2594 4303 2765 4347 eorum
2791 4326 2804 4350 ,
2847 4286 2984 4350 sicut
3007 4286 3305 4369 audivimus
3327 4329 3343 4355 ,
3374 4306 3436 4353 ne
3457 4308 3570 4369 eum

1983 4386 2328 4447 agnoscerent.
2359 4376 2474 4458 Non
2514 4377 2831 4439 tenebantur
2850 4414 2864 4442 ,
2909 4392 2975 4439 ne
3000 4376 3242 4443 viderent
3268 4395 3283 4434 :
3313 4380 3409 4437 sed
3436 4389 3572 4441 tene-

1985 4469 2184 4535 bantur.
2212 4486 2273 4533 ne
2300 4486 2415 4531 eum
2444 4480 2791 4540 agnoscerent.

2055 4563 2109 4619 5.
2143 4560 2373 4627 Christus
2404 4578 2496 4625 cur
2520 4562 2724 4631 agnosci
2746 4562 2901 4627 voluit
2921 4563 2973 4625 in
2995 4563 3242 4634 fractique
3268 4566 3433 4634 panis.
3461 4563 3545 4629 Ha

1983 4652 2274 4722 spitalitatis
2306 4669 2511 4707 merces.
2561 4653 2677 4720 Eia,
2721 4636 2947 4719 fratres,
2980 4654 3066 4719 ubi
3116 4654 3277 4721 voluit
3314 4636 3572 4725 Dominus

1984 4745 2332 4817 agnosci?ln
2360 4745 2619 4809 fractione
2665 4746 2835 4817 panis.
2879 4746 3062 4813 Securi
3106 4760 3327 4812 sumus,
3378 4762 3567 4816 panem

1984 4836 2297 4906 fratigilnus.
2325 4847 2381 4903 et
2410 4837 2693 4905 Donatium
2724 4838 3079 4907 agnoscimus.
3108 4835 3292 4907 Naluit
3312 4840 3526 4909 agnasci
3550 4880 3568 4909 υ

1985 4928 2089 4995 nisi
2118 4929 2185 4993 ibi
2210 4945 2224 4992 ;
2256 4938 2472 4998 propter
2508 4944 2637 4997 nos,
2672 4929 2759 4999 qui
2786 4943 2891 4983 non
2920 4944 3040 4991 eum
3084 4928 3247 4997 visuri
3277 4945 3489 4999 eramus
3517 4932 3567 4999 in

1985 5034 2163 5085 carne,
2193 5027 2248 5083 et
2278 5027 2451 5095 tamen
2495 5018 2862 5087 manducatuti
2904 5032 3119 5088 eramus
3164 5017 3279 5090 eius
3329 5035 3567 5103 carnem.

1986 5110 2235 5180 Quisquis
2265 5125 2391 5179 ergo
2424 5110 2593 5177 fidelis
2622 5126 2681 5165 es
2702 5152 2717 5175 ,
2768 5110 3009 5180 quisquis
3037 5126 3147 5195 nqn
3176 5112 3403 5187 inaniter,
3432 5115 3573 5185 chri-

1986 5203 2188 5281 stianus
2220 5200 2449 5267 vocaris,
2476 5201 2715 5271 quisquis
2740 5200 3019 5271 ecclesiam
3044 5218 3148 5274 non
3172 5204 3288 5261 sine
3314 5220 3470 5279 causa
3500 5208 3573 5262 in.

1984 5295 2242 5365 gredcris,
2272 5294 2511 5363 quisquis
2536 5293 2753 5361 verbum
2782 5293 2875 5361 Dei
2901 5309 3022 5361 cum
3053 5296 3244 5366 timore
3274 5304 3329 5361 et
3356 5312 3450 5369 spe
3478 5315 3572 5367 au-

1985 5388 2088 5454 dis,
2118 5389 2427 5455 conSoletnr
2450 5397 2499 5441 te
2521 5387 2707 5465 l'ractio
2731 5388 2900 5457 panis.
2933 5388 3187 5471 Absentia
3208 5389 3439 5461 Domini,
3464 5408 3569 5461 non

1985 5492 2065 5543 est
2099 5482 2333 5543 absentia
2371 5499 2381 5533 :
2416 5480 2609 5543 habeto
2638 5479 2794 5547 (idem
2821 5522 2837 5547 ,
2864 5489 2919 5541 et
2956 5490 3127 5549 tecum
3157 5490 3239 5537 est
3274 5498 3431 5553 quem
3460 5500 3566 5557 non

1986 5574 2154 5635 vides.
2184 5574 2281 5641 Illi,
2315 5572 2527 5633 quando
2552 5588 2671 5637 cum
2699 5574 2776 5641 eis
2816 5574 3070 5645 Dominus
3096 5574 3412 5653 loquebatur
3430 5617 3444 5643 ,
3473 5591 3570 5649 nec

2054 5786 2069 5815 ¹
2096 5782 2229 5841 Editi,
2255 5792 2427 5831 sermo.
2455 5777 2621 5863 Melius
2636 5786 2760 5840 Mss,
2778 5790 2921 5831 mors.
