4056 6444
556 340 703 402 1119

559 461 723 518 ﬁdem
768 458 1079 517 habebant:
1105 455 1230 529 quia
1269 468 1393 512 eum
1431 451 1792 510 resurrexisse
1821 467 1927 509 non
1957 455 2143 510 crede-

556 554 704 619 bant,
727 567 834 608 non
862 563 1142 621 resurgere
1181 561 1341 619 posse
1363 545 1671 617 sperabam.
1703 544 2054 602 Perdiderant
2081 546 2145 601 ﬁ-

555 645 700 710 dem,
733 642 1076 714 perdiderant
1099 656 1270 712 spem.
1301 638 1664 694 Ambulabant
1689 640 1885 695 mortui
1909 655 2032 696 cum
2059 641 2142 696 vi-

554 746 712 794 vente
733 779 750 807 ,
787 737 1130 793 ambulabant
1165 735 1364 792 mortui
1399 751 1522 792 cum
1550 736 1665 807 ipsa
1695 735 1822 792 vita.
1868 736 2002 793 Cum
2039 736 2146 794 illis

551 829 860 885 ambulabat
897 830 1045 896 vita;
1077 828 1174 885 sed
1201 829 1255 884 in
1285 843 1470 885 eorum
1497 828 1750 885 cordibus
1787 830 2026 886 nondum
2051 845 2142 886 re-

553 930 743 976 novata
776 921 792 953 ¹
825 929 942 976 erat
969 921 1096 976 vita.

623 1012 848 1069 CAPUT
887 1013 977 1069 Ill.
1004 1045 1077 1056 —
1103 1013 1174 1069 Et
1197 1023 1253 1070 tu
1277 1029 1425 1086 ergo,
1449 1015 1494 1071 si
1517 1015 1600 1071 vis
1625 1014 1824 1072 habere
1853 1016 2039 1086 vitam,
2061 1016 2144 1073 l'ac

549 1103 692 1176 quod
723 1103 984 1171 iecerunt,
1006 1115 1066 1160 ut
1085 1121 1343 1178 agnoscas
1369 1107 1670 1162 Dominum.
1703 1106 1943 1178 Hospitio
1963 1123 2143 1164 susce-

552 1206 764 1267 perunt.
795 1197 1000 1254 Similis
1028 1200 1170 1255 enim
1209 1209 1325 1255 erat
1353 1200 1611 1256 Dominus
1649 1209 1899 1272 tanquam
1938 1202 1992 1256 in
2020 1203 2141 1258 lon-

551 1290 747 1361 ginqua
774 1292 1050 1362 pergenti,
1081 1292 1157 1346 illi
1183 1307 1312 1347 vero
1341 1303 1622 1349 tenuerunt
1647 1308 1789 1348 eum.
1837 1294 1904 1348 Et
1933 1303 2141 1364 postea-

549 1397 708 1452 quam
738 1391 1002 1439 venerunt
1028 1383 1093 1438 ad
1147 1383 1322 1439 locum
1369 1401 1475 1455 quo
1507 1385 1812 1454 tendebant,
1841 1387 2094 1443 dixerunt
2121 1406 2137 1446 :

476 1491 487 1508 ἰ
545 1471 668 1526 Jam
694 1474 776 1527 hic
801 1473 1060 1530 nobiscum
1084 1491 1232 1529 mane
1254 1518 1269 1543 ,
1300 1476 1568 1531 declinavit
1610 1479 1742 1533 enim
1771 1480 1824 1532 in
1877 1495 2138 1550 vesperum

547 1565 673 1619 dies.
721 1565 865 1621 Tene
896 1564 1161 1638 hospitem
1185 1607 1200 1632 ,
1245 1568 1288 1623 si
1329 1568 1409 1622 vis
1448 1583 1739 1638 agnoscere
1783 1570 2135 1628 Salvatorem.

547 1657 697 1724 Quod
741 1659 934 1714 tulerat
962 1658 1246 1714 inﬁdelitas
1269 1701 1284 1725 ,
1317 1659 1549 1715 reddidit
1577 1663 1926 1733 hospitalitas.
1960 1665 2139 1720 Domi~

547 1766 649 1806 nus
692 1766 820 1822 ergo
864 1753 1205 1822 praesentavit
1243 1767 1304 1808 se
1350 1753 1523 1823 ipsum
1565 1754 1616 1808 in
1659 1754 1919 1811 fractione
1966 1758 2132 1827 panis.

545 1842 742 1898 Discite
773 1844 861 1898 ubi
890 1843 1173 1898 Dominum
1203 1844 1489 1914 quaeratis,
1518 1844 1707 1901 discite
1742 1846 1828 1901 ubi
1859 1847 2097 1904 habeatis
2119 1891 2135 1918 ,

544 1935 732 1990 discite
772 1935 859 1990 ubi
904 1937 1238 2006 agnoscatis,
1271 1937 1487 2007 quando
1531 1937 1883 1994 manducatis.
1932 1939 2138 1997 Norunt

543 2026 686 2080 enim
730 2026 912 2082 ﬁdeles
952 2027 1151 2098 aliquid
1194 2029 1335 2099 quod
1382 2029 1573 2085 melius
1616 2030 1918 2103 intelligunt
1955 2033 2009 2088 in
2035 2033 2137 2090 ista

543 2117 791 2184 lectione,
822 2133 984 2189 quam
1012 2119 1086 2173 illi
1115 2121 1205 2190 qui
1237 2135 1342 2176 non
1373 2130 1661 2180 noverunt.

611 2211 666 2265 4.
713 2210 943 2266 Christus
981 2210 1254 2266 absentauit
1297 2229 1350 2268 se
1392 2230 1604 2284 corpore
1644 2224 1697 2269 ut
1742 2217 2024 2286 aediﬁcetur
2066 2220 2135 2289 [i-

541 2300 649 2356 des.
698 2300 952 2356 Dominus
978 2301 1134 2358 Jesus
1171 2304 1413 2374 cognitus
1441 2315 1557 2373 est;
1589 2315 1643 2363 et
1675 2317 2020 2380 posteaquam
2044 2325 2135 2366 co-

539 2392 719 2462 gnitus
745 2401 847 2459 est,
881 2407 1141 2463 nusquam
1167 2397 1482 2466 comparuit.
1504 2397 1782 2454 Abscessit
1815 2401 1883 2455 ab
1908 2401 1987 2457 eis
2012 2416 2134 2457 cor-

539 2498 705 2555 pore,
751 2485 842 2555 qui
892 2485 1170 2541 tenebatur
1206 2487 1330 2544 ﬁde.
1386 2487 1509 2544 Ideo
1552 2490 1693 2545 enim
1739 2492 1995 2549 Dominus
2035 2495 2134 2551 ab-

540 2577 768 2632 sentavit
807 2592 867 2633 se
904 2590 1129 2648 corpore
1178 2580 1245 2634 ab
1286 2582 1431 2635 omni
1472 2581 1711 2638 Ecclesia
1737 2625 1750 2648 ,
1803 2593 1858 2640 et
1894 2586 2134 2643 ascendit

543 2669 597 2723 in
624 2671 840 2734 ctelum,
867 2677 927 2724 ut
955 2669 1088 2726 ﬁdes
1115 2670 1426 2727 aediﬁcetur.
1469 2672 1526 2728 Si
1554 2675 1695 2729 enim
1725 2689 1832 2730 non
1866 2677 2004 2732 nosti
2029 2677 2132 2734 nisi

542 2761 683 2832 quod
724 2761 875 2818 vides
899 2803 914 2828 ,
944 2762 1032 2817 ubi
1058 2772 1141 2817 est
1180 2763 1354 2818 ﬁdes?
1397 2763 1454 2820 Si
1495 2775 1674 2821 autem
1715 2766 1889 2821 credis
1914 2775 1969 2822 et
1989 2768 2132 2839 quod

541 2869 648 2910 non
691 2854 861 2923 vides,
897 2869 1018 2910 cum
1057 2853 1255 2911 videris
1296 2857 1572 2925 gaudebis.
1615 2857 1932 2915 Ediﬁcetur
1957 2861 2128 2931 ﬁdes,

541 2948 662 3018 quia
707 2947 962 3004 reddetur
1011 2948 1240 3018 species.
1286 2948 1475 3004 Veniet
1511 2949 1653 3020 quod
1699 2965 1806 3006 non
1850 2953 2126 3023 videmus,

541 3041 754 3108 veniet,
800 3041 992 3096 fratres
1018 3082 1032 3106 ,
1063 3042 1241 3096 veniet
1271 3058 1284 3094 :
1318 3041 1412 3097 sed
1450 3041 1571 3097 vide
1599 3045 1868 3113 quomodo
1897 3053 1950 3101 te
1977 3047 2130 3102 inve-

541 3134 670 3188 niet.
721 3131 854 3186 Nam
891 3131 1069 3187 veniet
1117 3132 1258 3202 quod
1297 3131 1481 3188 dicunt
1521 3132 1770 3189 homines
1802 3153 1817 3192 :
1867 3136 1968 3192 Ubi
2009 3148 2126 3209 est,

536 3223 749 3294 quando
773 3231 876 3291 est,
903 3223 1175 3294 quomodo
1209 3232 1291 3279 est
1311 3265 1326 3292 ,
1355 3224 1567 3294 quando
1593 3227 1722 3294 erit,
1755 3229 1970 3298 quando
1998 3247 2128 3288 ven-

537 3324 712 3370 turum
743 3315 868 3372 est?
891 3313 1081 3372 Certus
1122 3325 1241 3372 esto
1263 3357 1279 3384 ,
1307 3317 1486 3372 veniet
1520 3335 1534 3370 :
1565 3333 1665 3373 nec
1693 3319 1868 3374 solum
1912 3323 2121 3392 veniet,

534 3405 628 3461 sed
659 3415 713 3461 et
742 3407 787 3461 si
817 3406 954 3461 nolis
981 3405 1182 3462 veniet.
1215 3405 1308 3462 Vae
1341 3408 1431 3478 qui
1460 3423 1565 3464 non
1605 3409 1984 3480 crediderunt;
2026 3415 2129 3472 erit

534 3496 676 3552 enim
719 3497 802 3557 his
829 3512 1053 3568 magnus
1097 3506 1337 3564 tremor;
1371 3507 1426 3553 et
1466 3514 1716 3570 magnum
1758 3502 2007 3572 gaudium
2047 3505 2127 3560 eis

532 3590 621 3658 qui
645 3588 1012 3644 crediderunt.
1045 3587 1370 3644 Gaudebunt
1391 3588 1598 3657 ﬁdeles,
1627 3591 2020 3650 confundentur
2045 3595 2128 3652 in-

534 3679 740 3736 ﬁdeles.
772 3679 984 3736 Fideles
1011 3679 1202 3736 dicturi
1246 3689 1373 3734 sunt
1405 3697 1418 3733 :
1452 3679 1666 3736 Gratias
1705 3683 1833 3752 tibi,
1865 3685 2121 3756 Domine;

533 3789 656 3829 vera
681 3772 1002 3839 audivimus,
1042 3787 1168 3828 vera
1198 3773 1525 3829 credidimus
1547 3816 1562 3840 ,
1592 3789 1718 3830 vera
1748 3780 2083 3847 speravimus
2105 3824 2120 3850 ,

529 3881 657 3921 vera
686 3864 975 3921 cernimus.
1003 3863 1249 3920 [nﬁdeles
1288 3875 1464 3921 autem
1491 3865 1683 3921 dicturi
1711 3878 1836 3923 sunt
1866 3885 1881 3924 :
1913 3871 2012 3927 Ubi
2042 3882 2126 3929 est

529 3957 671 4029 quod
697 3973 803 4013 non
832 3956 1226 4013 credebamus?
1253 3957 1340 4014 ubi
1379 3967 1461 4014 est
1499 3960 1641 4030 quod
1681 3961 1769 4016 illa
1809 3979 1928 4033 qua:
1975 3965 2124 4037 lege-

528 4051 741 4117 bantur,
789 4050 1064 4106 mendacia
1115 4050 1999 4128 putabamus?[Laudandiergo'I
2030 4059 2121 4129 qui

529 4157 635 4197 non
681 4141 861 4198 vident
905 4153 960 4199 et
1003 4142 1264 4198 credunt:
1292 4141 1413 4213 quia
1450 4158 1570 4197 cum
1612 4144 1871 4211 viderint,
1919 4149 2121 4218 gaude-

529 4235 681 4290 bunt.
701 4233 1079 4289 Causasalutis
1098 4241 1296 4288 nostrae
1320 4233 1557 4305 suscepit
1575 4235 1833 4290 Dominus
1859 4251 2077 4295 carnem
2103 4258 2118 4304 ;

530 4327 581 4381 in
611 4339 715 4397 qua
743 4326 976 4396 suscepit
998 4333 1052 4379 et
1081 4334 1327 4380 mortem.
1359 4323 1674 4380 Resurrexit
1697 4325 1783 4383 die
1803 4329 1981 4396 tertio,
2008 4330 2119 4401 jam

530 4434 634 4474 non
665 4417 891 4473 ulterius
919 4416 1251 4482 moriturus;
1283 4425 1336 4472 et
1365 4425 1579 4487 recepta
1605 4432 1764 4488 quam
1801 4418 2124 4490 deposuerat

526 4511 702 4566 carnis
728 4507 1051 4575 substantia,
1084 4508 1290 4578 primus
1325 4508 1484 4564 nobis
1505 4509 1917 4566 resurrectionis
1945 4512 2122 4568 incorb

527 4603 792 4675 ruptibilis
820 4602 948 4658 fecit
985 4602 1313 4672 exemplum.
1353 4601 1663 4658 Ascendens
1691 4603 1744 4658 in
1777 4603 1966 4660 eodem
1995 4620 2120 4662 cor-

528 4710 658 4766 pore
686 4694 754 4750 ad
783 4695 1030 4760 Patrem,
1079 4692 1231 4748 sedet
1271 4692 1338 4746 ad
1382 4692 1655 4748 dexteram
1686 4695 1820 4761 Dei,
1858 4695 2116 4765 judicium

526 4788 698 4844 Patris
723 4785 1125 4843 communicans
1151 4793 1435 4855 potestate,
1459 4801 1618 4855 quem
1645 4795 1926 4841 venturum
1952 4788 2018 4843 ad
2042 4790 2120 4858 ju-

523 4882 722 4938 dicium
766 4893 1045 4951 speramus
1070 4878 1314 4933 vivorum
1341 4891 1406 4933 ac
1446 4885 1780 4933 mortuorum
1807 4895 1820 4932 :
1853 4888 1911 4935 ut
1935 4891 1989 4936 et
2017 4895 2116 4938 nos

522 4973 590 5029 de
615 4971 770 5029 nobis
796 4971 1098 5037 credamus,
1129 4969 1197 5025 de
1234 4970 1351 5040 ipso
1382 4969 1600 5040 pulvere
1627 4970 1872 5027 eamdem
1897 4987 2116 5030 carnem

523 5067 766 5136 accipere
789 5105 804 5132 ,
851 5062 1040 5119 eadem
1068 5076 1188 5118 ossa
1213 5103 1229 5130 ,
1261 5060 1507 5117 eamdem
1548 5075 1764 5132 semper
1804 5079 2114 5122 mansuram

521 5161 884 5218 membrorum
923 5157 1339 5229 reparationem.
1387 5156 1586 5212 Omnes
1636 5171 1820 5213 sumus
1864 5173 2112 5216 resurre-

522 5252 655 5308 cturi
687 5267 702 5308 :
733 5249 830 5306 sed
869 5263 976 5304 non
1003 5262 1191 5304 omnes
1218 5247 1465 5302 laetaturi.
1506 5246 1680 5302 Veniet
1718 5249 1860 5316 dies,
1901 5248 2107 5319 inquit,

517 5342 723 5417 quando
749 5358 922 5396 omnes
949 5341 1034 5410 qui
1059 5341 1112 5395 in
1142 5340 1476 5394 monumentis
1516 5349 1670 5404 sunt,
1711 5339 1917 5394 audient
1947 5357 2112 5396 vocem

523 5433 647 5488 Filii
687 5433 785 5489 Dei
818 5449 836 5488 :
865 5443 913 5489 et
943 5433 1211 5504 procedent
1238 5433 1326 5504 qui
1362 5432 1491 5486 bona
1527 5440 1766 5503 egerunt,
1807 5431 1860 5485 in
1887 5448 2112 5488 resurre-

521 5528 736 5582 ctionem
764 5528 914 5594 vita;
942 5527 1029 5597 qui
1056 5541 1171 5580 vero
1197 5526 1330 5580 male
1354 5532 1576 5595 egerunt,
1616 5524 1672 5578 in
1695 5524 2108 5579 resurrectionem

527 5620 704 5675 iudicii
733 5619 911 5694 (Joan.
940 5633 998 5686 v,
1023 5617 1114 5685 28,
1146 5616 1288 5690 29)].
1312 5616 1392 5672 ιω
1436 5616 1547 5684 ﬁet,
1579 5624 1636 5672 ut
1663 5615 1963 5672 confusioni
1987 5616 2110 5673 red-

586 5755 603 5789 ί
627 5761 727 5804 Am.
755 5760 808 5803 et
833 5758 907 5801 Er.
933 5753 1190 5812 omittunt,
1227 5753 1453 5800 renovata
1473 5761 1492 5810 ;
1510 5749 1648 5812 cujus
1668 5747 1776 5798 low
1791 5749 1971 5812 Regius
2006 5759 2108 5798 ma-

457 5826 462 5832 .
520 5819 1106 5942 “ﬁgimqbéwi’nc‘s'i‘in
1128 5873 1435 5926 includuntur
1456 5872 1744 5925 addiderunt
1759 5874 2084 5927 bovanienses

1800 333 1858 393 St
1897 330 2274 395 AUGUSTINI‘
2307 337 2616 402 EPISCOPI

3709 365 3831 428 “20

2260 455 2416 512 datur
2438 459 2778 529 supplicium,
2804 462 3010 523 ﬁduciae
3037 474 3056 510 ι
3084 469 3345 530 reddatur
3363 477 3666 547 praemium.
3691 483 3830 544 Ibunt

2252 549 2395 604 enim
2424 552 2502 616 illi
2530 554 2584 608 in
2609 556 2974 615 ambustionem
3001 574 3246 620 aeternam
3279 609 3292 622 .
3316 569 3449 640 justi
3485 583 3657 627 autem
3695 577 3746 632 in
3772 582 3832 635 ci-

2253 651 2356 694 tam
2392 653 2632 701 aeternam
2676 647 2885 720 (Matth.
2922 669 3027 710 xxv
3049 697 3067 724 ,
3106 657 3220 730 46).
3269 659 3529 720 Conversi
3563 666 3633 722 ad
3673 668 3832 728 Domi-

2253 749 2379 790 num
2399 777 2415 805 ,
2443 745 2548 794 etc.

2671 912 2901 972 SERMO
2937 915 3285 975 ccxxxvv
3314 922 3412 996 (a).

2690 1075 2742 1117 tn
2761 1068 2938 1122 (lienis
2970 1072 3288 1139 Paschalibus,
3315 1093 3396 1130 vn.

2317 1209 2398 1266 De
2433 1213 2608 1267 eadem
2645 1215 2856 1273 lectione
2897 1218 3164 1293 Evangelii
3207 1223 3400 1294 Lacte,
3448 1245 3564 1299 cap.
3602 1247 3731 1285 xxrv
3754 1273 3768 1297 ,

2842 1335 2913 1406 φ.
2946 1337 3106 1394 15-51
3145 1339 3239 1411 (b).

2321 1463 2371 1516 Ι.
2405 1461 2548 1517 Mors
2567 1463 2754 1520 Christi
2774 1478 2979 1540 propter
3005 1472 3149 1526 aliud
3165 1515 3179 1539 ,
3203 1483 3249 1528 et
3275 1485 3478 1548 prapter
3498 1481 3648 1532 aliud
3667 1499 3825 1536 resur-

2244 1554 2414 1607 rectio.
2466 1555 2724 1613 Dominus
2769 1571 2952 1617 noster
2999 1565 3154 1620 Jesus
3200 1566 3465 1636 Christus,
3515 1573 3660 1628 sicut
3700 1577 3833 1645 Apo-

2243 1645 2410 1700 stolus
2436 1647 2582 1713 dicit,
2610 1662 2836 1706 mortuus
2866 1665 2936 1708 est
2958 1666 3162 1726 propter
3179 1658 3364 1714 delicta
3385 1672 3582 1728 nostra,
3603 1676 3649 1719 et
3672 1684 3832 1722 resur-

2242 1741 2370 1792 rexit
2392 1745 3021 1815 prapterjustiﬁcalionem
3038 1760 3261 1806 nostram
3278 1751 3454 1821 (Rom.
3481 1772 3554 1822 Iv,
3579 1758 3695 1830 25).
3723 1761 3829 1816 Sic-

2244 1843 2301 1886 ut
2333 1843 2504 1889 morte
2531 1836 2698 1906 ipsius
2737 1840 3092 1910 seminamur,
3125 1845 3203 1900 sic
3227 1851 3623 1906 resurrectione
3675 1854 3832 1924 ipsius

2240 1927 2621 1993 germinamus.
2646 1929 2856 1986 Etenim
2875 1945 3044 1990 morte
3061 1937 3226 2005 ipsius
3251 1941 3580 2010 signiﬁcatur
3596 1962 3748 2002 mors
3761 1949 3833 2003 vi-

2243 2023 2309 2069 ta:
2338 2027 2552 2073 nostrae.
2583 2020 2660 2076 De
2692 2022 2788 2078 hac
2816 2040 2876 2079 re
2900 2026 3021 2080 audi
3053 2029 3366 2096 Apostolum
3388 2051 3400 2087 :
3419 2034 3738 2108 Consepulti,
3759 2040 3831 2095 in~

2239 2107 2372 2177 quit,
2392 2126 2562 2166 sumus
2583 2111 2781 2169 Christo
2800 2132 2889 2186 per
2906 2115 3222 2187 Baptismum
3244 2124 3295 2176 in
3319 2136 3550 2192 mortem,
3572 2139 3627 2182 ut
3658 2147 3831 2201 quem-

2239 2198 2510 2255 admodum
2558 2202 2785 2261 Christus
2813 2211 3084 2265 resurrean't
3115 2229 3148 2265 ιι
3175 2217 3385 2270 mortuis
3407 2259 3421 2284 ,
3452 2219 3527 2272 sic
3581 2229 3628 2274 et
3654 2198 3754 2277 nos
3785 2225 3832 2278 in

2239 2294 2458 2349 novitate
2470 2297 2584 2351 vitae
2601 2300 2912 2355 ambulemus
2925 2301 3124 2375 (Id._vi,
3149 2307 3225 2376 4).
3251 2307 3341 2363 llle
3358 2326 3463 2365 non
3486 2311 3674 2368 habuit
3696 2316 3830 2387 quod

2238 2386 2547 2443 emendaret
2574 2389 2627 2444 in
2653 2405 2812 2447 cruce
2839 2411 2852 2446 :
2873 2396 2995 2464 quia
3015 2395 3130 2451 sine
3145 2409 3369 2467 peccato
3382 2405 3627 2459 ascendit
3643 2407 3702 2460 in
3720 2386 3832 2463 cru-

2238 2490 2376 2530 cem.
2412 2477 2522 2534 Nos
2551 2481 2604 2535 in
2630 2497 2790 2539 cruce
2815 2484 2930 2555 ejus
2957 2489 3308 2546 emendentur
3326 2535 3341 2558 ,
3390 2505 3443 2549 et
3471 2497 3542 2551 ibi
3572 2512 3830 2566 ponamus

2237 2567 2379 2636 quod
2407 2569 2545 2627 male
2571 2576 2933 2632 contraximus
2956 2620 2971 2645 ,
3018 2591 3079 2634 ut
3116 2581 3398 2651 justiﬁcari
3439 2589 3558 2654 ejus
3587 2605 3831 2647 resurre-

2237 2660 2415 2716 ctione
2451 2665 2737 2733 possimus.
2767 2668 3104 2742 Distinguerc
3128 2677 3272 2730 enim
3301 2678 3371 2733 ita
3409 2679 3623 2737 debetis
3653 2703 3667 2737 :
3700 2687 3827 2741 Tra-

2239 2752 2374 2807 ditus
2403 2764 2476 2809 est
2506 2771 2714 2825 prapter
2756 2760 2943 2815 delicta
2971 2775 3140 2819 nostra
3164 2809 3178 2834 ,
3224 2777 3271 2822 et
3309 2775 3581 2828 resurrexit
3624 2790 3831 2848 propter

2233 2845 2644 2914 iustiﬁcationem
2684 2863 2929 2908 nostram.
2959 2855 3075 2912 Non
3102 2857 3265 2925 dixit,
3309 2861 3556 2920 Traditus
3587 2845 3675 2922 est
3718 2845 3833 2941 pro-

2236 2946 2354 3006 pter
2390 2939 2821 3008 justiﬁcationem
2867 2956 3144 3018 nostram,
3186 2963 3239 3007 et
3277 2959 3572 3013 resurrexit
3610 2939 3834 3034 propter

2235 3028 2431 3085 delicta
2459 3042 2663 3088 nostra.
2709 3036 2764 3090 In
2797 3037 2913 3108 ejus
2956 3041 3239 3100 traditione
3268 3045 3524 3106 delictum
3550 3028 3750 3120 sonat,
3781 3056 3831 3111 in

2235 3120 2352 3190 ejus
2380 3126 2774 3182 resurrectione
2799 3129 3003 3198 justitia
3029 3143 3201 3190 sonat.
3237 3135 3382 3209 Ergo
3406 3142 3674 3199 moriatur
3698 3146 3829 3202 deli-

2232 3221 2399 3278 ctum,
2437 3223 2491 3269 et
2520 3229 2762 3288 resurgat
2784 3220 3010 3290 justitia.

2303 3306 2357 3359 2.
2393 3305 2524 3378 Spes
2554 3309 2820 3380 discipulis
2843 3327 3002 3369 morte
3026 3316 3213 3374 Christi
3240 3322 3430 3378 ablata.
3460 3327 3625 3384 Istam
3654 3347 3829 3403 spem,

2233 3393 2333 3451 hoc
2365 3397 2564 3455 donum
2589 3443 2604 3469 ,
2647 3403 2785 3459 hanc
2816 3408 3225 3475 promissionem
3251 3455 3268 3482 ,
3300 3417 3436 3472 hanc
3469 3429 3678 3478 tantam
3709 3440 3829 3497 gra-

2231 3489 2378 3555 tiam,
2407 3493 2621 3562 quando
2649 3504 2894 3552 mortuus
2922 3508 3006 3555 est
3030 3500 3296 3572 Christus,
3337 3507 3587 3582 discipuli
3616 3489 3739 3586 ejus
3767 3517 3832 3574 de

2229 3580 2407 3634 animo
2450 3583 2838 3654 perdiderunt,
2873 3598 2926 3644 et
2955 3591 3009 3645 in
3037 3593 3152 3662 ejus
3193 3606 3364 3653 morte
3393 3601 3463 3656 ab
3481 3580 3588 3673 spe
3614 3580 3832 3664 decide-

2229 3683 2372 3727 runt.
2404 3673 2545 3731 Ecce
2571 3680 2987 3738 annuntiabatur
3014 3684 3118 3740 illis
3141 3694 3466 3749 resurrectio
3491 3696 3628 3766 ejus,
3660 3713 3719 3756 et
3752 3703 3832 3756 vi-

2227 3761 2491 3819 debantur
2519 3767 2626 3822 illis
2651 3770 2810 3826 verba
2833 3775 3188 3833 nuntiantium
3210 3783 3361 3851 quasi
3385 3785 3829 3848 deliramentum.

2228 3853 2390 3923 Quasi
2435 3859 2842 3920 deliramentum
2895 3866 3032 3924 facta
3082 3882 3198 3928 erat
3244 3877 3460 3933 veritas.
3504 3880 3559 3937 Si
3610 3885 3834 3954 quando

2230 3950 2550 4018 praedicatur
2577 3960 2900 4016 resurrectio
2925 3962 2976 4017 in
3002 3963 3105 4019 isto
3129 3974 3388 4038 tempore,
3413 3981 3470 4027 et
3494 3950 3718 4032 videtur
3737 3980 3836 4032 ali-

2231 4041 2318 4096 cui
2348 4057 2468 4100 esse
2503 4045 2913 4106 deliramentum
2938 4093 2952 4119 ,
2981 4070 3160 4112 nonne
3187 4073 3374 4116 omnes
3410 4062 3600 4121 dicunt
3626 4066 3834 4125 habere

2230 4131 2380 4189 illum
2411 4138 2612 4206 grande
2643 4146 3007 4200 tormentum?
3033 4148 3220 4206 Nonne
3242 4167 3432 4210 omnes
3457 4157 3830 4231 detestantur,

2228 4226 2564 4296 abhorrent,
2609 4248 2957 4305 aversantur,
2986 4256 3145 4298 aures
3177 4244 3465 4316 claudunt,
3504 4255 3701 4308 audire
3733 4271 3834 4311 no-

2229 4317 2388 4373 lunt?
2420 4320 2560 4377 Ecce
2599 4327 2738 4393 quod
2784 4341 2937 4385 erant
2979 4331 3263 4404 discipuli,
3311 4350 3527 4396 mortuo
3559 4345 3832 4403 Christo:

2227 4410 2366 4480 quod
2399 4426 2496 4467 nos
2521 4413 2887 4484 exhorremus,
2919 4423 3021 4477 hoc
3045 4435 3200 4480 erant
3227 4426 3325 4484 illi.
3357 4430 3471 4488 Hoc
3497 4436 3708 4492 malum
3737 4439 3835 4494 ha-

2223 4499 2423 4556 bebant
2469 4513 2667 4560 arietes
2690 4548 2705 4572 ,
2737 4510 2876 4578 quod
2921 4510 3141 4569 horrent
3177 4517 3319 4588 agni.
3353 4520 3559 4579 Deinde
3589 4527 3682 4582 isti
3722 4529 3836 4584 duo

2224 4593 2419 4663 quibus
2445 4598 2694 4666 apparuit
2719 4600 2770 4653 in
2799 4603 2902 4668 via,
2929 4615 2982 4659 et
3010 4609 3325 4666 tenebantur
3347 4617 3486 4669 oeuli
3509 4633 3730 4687 eorum,
3764 4638 3837 4678 ne

2223 4683 2370 4738 illum
2403 4700 2755 4756 agnoscerent
2782 4733 2794 4756 ,
2827 4694 2912 4749 ubi
2938 4707 3054 4751 erat
3078 4712 3172 4754 cor
3194 4741 3209 4765 ,
3255 4703 3494 4762 indicant
3519 4712 3688 4766 verba
3718 4731 3733 4780 ;
3779 4725 3838 4770 et
3895 4709 3897 4712 ⁴

2223 4777 2349 4845 quid
2375 4789 2564 4849 agatur
2592 4781 2644 4837 in
2675 4784 2874 4856 animo,
2905 4805 3001 4843 vox
3032 4793 3183 4847 testis
3205 4805 3306 4862 est,
3337 4799 3430 4853 sed
3460 4803 3615 4858 nobis
3647 4823 3662 4858 :
3702 4822 3834 4861 nam

2221 4869 2299 4924 illi
2327 4872 2487 4928 etiam
2509 4889 2603 4930 cor
2630 4881 2866 4947 patebat.
2897 4882 2972 4939 De
2996 4884 3135 4940 illius
3161 4898 3332 4946 morte
3353 4893 3726 4963 loquebantur
3754 4903 3840 4955 in.

2221 4970 2305 5019 ter
2329 4980 2408 5021 se.
2437 4968 2694 5039 Adjunxit
2724 4986 2782 5028 se
2810 4974 2911 5030 illis
2947 4976 3060 5048 ipse
3088 4981 3238 5049 quasi
3285 4985 3474 5040 tertius
3510 4989 3734 5057 viator;
3781 5005 3838 5048 et

2219 5057 2306 5114 via
2327 5059 2381 5114 in
2405 5061 2488 5115 via
2504 5064 2666 5134 caspit
2682 5066 2934 5138 colloqui,
2957 5072 3290 5130 commiscuit
3310 5091 3642 5136 sermonem.
3672 5085 3842 5152 Qua:-

2222 5149 2294 5207 rit
2316 5151 2442 5223 quid
2485 5153 2627 5210 inter
2657 5171 2717 5212 se
2744 5157 3088 5230 loquerentur
3110 5206 3126 5231 ,
3157 5180 3279 5222 cum
3309 5171 3490 5226 omnia
3529 5149 3746 5241 scit-eti;
3779 5187 3840 5232 ut

2217 5338 2320 5418 NonI
2338 5332 2586 5418 habebant
2607 5341 2708 5405 om.
2728 5344 2779 5418 et
2793 5343 2866 5418 [Et
2887 5352 2980 5390 nec
2996 5344 3148 5416 nostri
3167 5350 3478 5418 manuscripti
3502 5355 3584 5414 qui
3602 5353 3699 5418 hic
3724 5367 3845 5418 post

2215 5397 2384 5479 verba,
2395 5395 2673 5479 mendacia
2687 5399 2984 5479 putabamus,
3005 5407 3224 5479 proxime
3242 5395 3842 5479 διιιὶῖἱξίἶιῖὶιῖῖξῖᾖὲῖῖι

2215 5457 2509 5542 confusioni,
2524 5465 2617 5542 etc.
2644 5457 2737 5534 Nec
2758 5461 2884 5512 male
2902 5457 3071 5542 siones
3092 5457 3844 5542 colis-ercet:ltaqu’e'ﬁlaénie;

2215 5526 2318 5595 tum
2351 5520 2544 5595 esse-id
2567 5524 2865 5584 suspicamur
2895 5525 3100 5579 alterius
3133 5520 3841 5595 cujuspianrsstrmdniglb‘rtue

2213 5580 2278 5632 de
2299 5583 2534 5645 Symbolo.

2278 5646 2294 5676 ⁸
2322 5652 2371 5694 tn
2392 5654 2516 5706 Mss,
2537 5645 2732 5698 lwtitiaz.

2275 5729 2293 5749 "
2313 5729 2604 5779 Emendatus
2617 5730 2676 5780 ad
2693 5731 2756 5782 cl.
2772 5746 2813 5782 r.
2831 5741 2868 5784 t.
2890 5743 2984 5786 vat.
3003 5751 3052 5787 v.
3073 5744 3181 5789 Lov.

2295 5813 2347 5872 a)
2371 5812 2510 5872 Alias,
2525 5813 2590 5862 de
2613 5816 2823 5866 Diversis
2843 5817 2922 5867 88.

2295 5826 2325 5861 a
2371 5812 2510 5872 Alias,
2525 5813 2590 5862 de
2613 5816 2823 5866 Diversis
2843 5817 2922 5867 88.

2273 5811 2350 5937 ibi
2371 5877 2548 5925 (matur
2570 5889 2598 5925 a
2623 5878 2749 5928 Beda
2771 5887 2821 5929 et
2842 5879 2997 5942 Floro,
3020 5883 3081 5932 ad
3105 5891 3230 5935 Rom.
3253 5901 3319 5940 Iv.
