4070 6330
317 332 456 392 1121

315 464 410 507 eos
444 445 513 502 ad
548 445 941 502 confessionem
980 452 1228 514 tanquam
1270 440 1515 498 nesciens
1565 442 1897 509 provocaret.

317 544 384 598 Et
409 540 591 597 dicunt
619 539 695 595 illi
722 557 737 593 :
772 537 850 592 Tu
875 538 1011 593 solus
1051 535 1390 608 peregrinaris
1414 534 1467 587 in
1492 531 1817 595 Jerusalem,
1856 534 1903 580 et

316 635 480 690 nescis
509 633 631 704 quid
656 639 823 685 actum
852 631 915 685 sit
936 631 990 684 in
1015 629 1106 684 illa
1132 628 1241 683 istis
1265 627 1458 695 diebus,
1488 626 1550 679 de
1571 624 1697 679 Jesu
1723 621 1902 676 Naza-

316 743 439 781 rene
459 767 473 792 ,
504 724 590 798 qui
627 722 725 793 fuit
765 722 1012 798 propheta
1040 736 1252 792 magnus
1275 719 1300 773 ?
1323 719 1440 775 Jam
1469 731 1577 772 non
1605 714 1861 771 Dominus
1885 753 1902 781 ,

316 816 411 872 sed
438 814 718 886 propheta.
764 814 876 869 Hoc
901 813 1045 868 enim
1081 827 1204 867 eum
1234 809 1493 881 putabant
1536 808 1698 862 fuisse
1721 847 1737 874 ,
1782 819 1905 861 cum

319 918 527 965 mortus
554 916 715 963 esset.
745 906 933 961 Adhuc
978 906 1311 961 honorabant
1356 903 1506 975 quasi
1551 900 1902 971 prophetam;

319 1005 555 1061 nondum
583 1004 941 1074 agnoscebant
983 1002 1263 1056 Dominum
1284 1042 1299 1068 ,
1333 1013 1441 1053 non
1470 997 1639 1052 solum
1670 991 1909 1063 Prophe-

317 1108 514 1164 tarum,
544 1097 638 1153 sed
666 1099 825 1153 etiam
853 1096 1197 1167 Angelorum.
1223 1091 1506 1160 Quomodo,
1538 1088 1803 1160 inquiunt,
1830 1103 1909 1142 se-

316 1190 485 1245 niores
511 1190 668 1245 nostri
694 1200 739 1244 et
763 1189 1015 1260 principes
1034 1180 1347 1241 sacerdotum
1374 1182 1691 1238 tradiderunt
1717 1196 1829 1235 eum
1853 1179 1908 1234 in

318 1286 693 1340 damnationem
722 1285 916 1338 mortis.
939 1281 1008 1336 Et
1028 1298 1137 1336 ecce
1152 1281 1267 1351 jam
1296 1279 1470 1333 tertius
1490 1286 1563 1331 est
1590 1276 1697 1330 dies
1726 1291 1789 1351 ea:
1808 1289 1908 1346 quo

317 1380 413 1434 ista
444 1390 581 1451 gesta
608 1388 747 1434 sunt.
782 1377 894 1431 Nos
927 1386 1095 1431 autem
1132 1374 1457 1446 sperabamus
1497 1369 1615 1441 quia
1657 1369 1763 1439 ipse
1801 1373 1909 1420 erat

316 1471 669 1541 redempturus
697 1468 879 1524 Israel.
913 1467 1030 1538 Ipse
1055 1474 1137 1522 est
1169 1474 1309 1541 totus
1338 1461 1532 1519 labor?
1562 1459 1903 1531 Sperabatis,

313 1563 425 1632 jam
456 1537 794 1633 desperatis?
822 1537 1024 1616 Videtis
1056 1560 1177 1630 quia
1205 1537 1549 1628 perdiderant
1578 1570 1748 1625 Spem.
1782 1552 1908 1606 Cte-

319 1654 395 1723 pit
426 1670 553 1724 ergo
580 1654 657 1709 eis
678 1669 946 1724 exponere
972 1652 1296 1722 Scripturas,
1324 1658 1382 1704 ut
1408 1648 1517 1702 illic
1549 1647 1716 1717 magis
1742 1661 1909 1715 agno-

319 1745 835 1815 scerentChristum,
856 1749 942 1804 ubi
955 1742 1607 1802 deseruerantChristum.
1628 1741 1753 1796 ldeo
1766 1739 1908 1795 enim

319 1841 732 1911 desperaverant
760 1843 1049 1906 Christum,
1078 1840 1200 1911 quia
1224 1838 1469 1894 viderant
1494 1845 1786 1891 mortuum.
1816 1834 1910 1889 Ille

320 1948 450 1988 vero
480 1935 689 2005 aperuit
727 1934 806 1988 eis
840 1932 1141 2004 Scripturas
1164 1974 1179 1999 ,
1221 1940 1278 1986 ut
1312 1939 1664 2001 agnoscerent
1698 1928 1820 1998 quia
1864 1941 1910 1983 St

319 2033 564 2078 mortuus
589 2040 693 2078 non
720 2022 930 2091 fuisset,
954 2023 1198 2079 Christus
1219 2036 1339 2076 esse
1359 2035 1464 2075 non
1492 2028 1691 2090 posset.
1722 2019 1908 2073 Docuit

317 2116 386 2171 de
419 2116 599 2187 Moyse
622 2158 636 2183 ,
680 2116 861 2171 docuit
886 2116 954 2171 de
991 2113 1437 2184 subsequentibus
1462 2111 1786 2181 Scripturis,
1815 2110 1909 2164 do~

318 2209 427 2264 cuit
456 2210 523 2265 de
554 2210 861 2278 Propltetis,
893 2208 1037 2279 quod
1079 2209 1182 2262 illis
1209 2208 1453 2272 dixerat,
1490 2206 1621 2272 Quia
1651 2204 1909 2275 oportebat

317 2302 574 2356 Christum
597 2302 726 2355 mori
745 2342 759 2367 ,
785 2310 830 2356 et
858 2301 930 2355 sic
956 2302 1147 2355 intrare
1172 2302 1225 2354 in
1252 2300 1469 2372 gloriam
1498 2314 1663 2352 suam.
1706 2298 1907 2352 Audie-

228 2470 237 2475 Χ
319 2393 447 2447 bant
473 2436 486 2459 ,
510 2392 834 2465 gaudebant,
860 2393 1236 2463 suspirabant;
1277 2402 1332 2447 et
1354 2389 1624 2462 quomodo
1650 2390 1749 2457 ipsi
1775 2405 1906 2446 con-

318 2483 446 2539 fessi
473 2495 618 2553 sunt,
649 2484 910 2540 ardebant
942 2502 955 2538 :
987 2494 1040 2541 et
1065 2493 1387 2555 praesentem
1416 2484 1591 2540 lucem
1617 2498 1723 2538 non
1746 2497 1910 2553 agno-

318 2577 557 2632 sccbant.

390 2672 445 2725 5.
479 2668 855 2739 Hospitalitatis
884 2669 1135 2723 meritunt.
1163 2667 1331 2736 Quale
1369 2676 1546 2723 autem
1568 2666 1906 2739 mysterium,

316 2763 511 2819 fratres
535 2763 678 2819 mei?
708 2763 871 2818 Intrat
902 2763 969 2817 ad
995 2778 1110 2827 eos,
1135 2762 1193 2817 lit
1217 2763 1295 2817 eis
1321 2761 1553 2832 hospes;
1591 2770 1644 2817 et
1682 2762 1774 2832 qui
1814 2777 1911 2832 per

321 2866 486 2911 totam
525 2856 667 2911 viam
719 2871 825 2910 non
872 2855 1281 2926 agnoscebatur,
1338 2855 1390 2909 in
1439 2854 1697 2910 fractione
1758 2855 1908 2925 panis

318 2950 645 3021 agnoscitur.
679 2949 874 3005 Discite
902 2948 1142 3019 hospites
1167 2948 1459 3019 suscipere,
1490 2948 1579 3003 ubi
1604 2950 1911 3020 agnoscitur

317 3031 692 3096 ChristusJXn
715 3041 931 3096 nescitis
952 3040 1073 3111 quia
1099 3040 1143 3095 si
1171 3056 1327 3111 quem
1348 3041 1697 3096 christianum
1722 3055 1910 3097 susce-

318 3134 523 3205 peritis,
564 3134 740 3205 ipsum
783 3132 1091 3203 suscipitis?
1136 3131 1325 3188 Nonne
1365 3133 1479 3202 ipse
1513 3132 1662 3201 dicit,
1706 3132 1909 3207 Hospes

317 3227 412 3297 fui,
441 3237 487 3281 et
507 3227 794 3297 suscepistis
832 3226 951 3280 me?
990 3225 1060 3281 Et
1098 3225 1311 3295 quando
1339 3225 1388 3280 ei
1422 3224 1634 3293 dicitur,
1672 3224 1906 3295 Domine,

316 3320 519 3392 quando
560 3330 606 3375 te
638 3320 856 3375 vidimus
889 3319 1177 3390 hospitem?
1206 3317 1533 3388 Respondet,
1565 3316 1690 3373 Cum
1723 3319 1815 3373 uni
1847 3335 1911 3374 ea:

316 3414 539 3468 minimis
568 3414 690 3467 meis
712 3412 919 3483 fecistis,
944 3411 1069 3464 mihi
1094 3411 1282 3482 fecistis
1306 3410 1518 3480 (Matth.
1546 3427 1671 3477 xxv,
1699 3411 1790 3480 55,
1815 3411 1905 3479 58,

317 3508 433 3579 40).
460 3506 592 3562 Cum
623 3522 750 3576 ergo
782 3505 1104 3560 christianus
1130 3504 1479 3559 christianum
1520 3505 1763 3574 suscipit,
1795 3518 1910 3561 ser-

316 3603 470 3657 viunt
500 3599 737 3654 membra
763 3598 1046 3663 membris;
1077 3605 1132 3652 et
1157 3596 1353 3667 gaudet
1377 3606 1556 3667 caput,
1598 3606 1652 3652 et
1681 3598 1781 3652 sibi
1811 3598 1910 3651 im-

318 3704 471 3767 putat
491 3693 672 3748 datum
697 3692 837 3762 quod
864 3692 1105 3747 membro
1138 3692 1257 3760 ejus
1301 3690 1461 3746 fuerit
1488 3700 1783 3762 erogatum.
1812 3691 1911 3748 Hic

319 3804 449 3859 ergo
488 3795 734 3858 pascatur
771 3786 1017 3842 Christus
1061 3786 1326 3852 esuriens,
1350 3785 1573 3855 accipiat
1617 3793 1799 3855 potum
1838 3786 1911 3840 si-

322 3882 481 3946 tiens,
510 3880 768 3935 vestiatur
816 3878 1010 3946 nudus,
1049 3878 1372 3948 suscipiatur
1415 3877 1749 3948 peregrinus,
1780 3878 1909 3933 visi-

321 3950 463 4029 telur
484 3982 734 4044 aegrotus.
769 3972 882 4027 lloc
928 3972 1088 4027 habet
1130 3972 1425 4028 necessitas
1470 3971 1699 4027 itineris.
1730 3971 1818 4027 Sic
1856 3972 1909 4028 in

322 4068 421 4123 ista
468 4066 895 4138 peregrinatione
932 4065 1217 4120 vivendum
1251 4075 1352 4129 est,
1384 4065 1474 4121 ubi
1503 4075 1622 4135 eget
1642 4064 1906 4122 Christus.

318 4162 452 4232 Eget
478 4161 531 4215 in
561 4163 691 4226 suis,
724 4160 913 4229 plenus
941 4167 1025 4214 est
1051 4159 1105 4213 in
1141 4173 1221 4214 se.
1249 4156 1355 4213 Sed
1395 4158 1484 4227 qui
1524 4166 1645 4229 eget
1678 4158 1731 4212 in
1775 4159 1907 4225 suis,

322 4264 378 4311 et
423 4254 611 4333 plenus
655 4262 735 4308 est
778 4254 831 4307 in
866 4266 946 4321 se,
991 4261 1208 4323 egentes
1251 4252 1465 4307 adducit
1494 4251 1560 4307 ad
1590 4266 1668 4307 se.
1701 4252 1776 4307 lbi
1804 4268 1909 4307 non

322 4349 425 4404 erit
454 4348 640 4414 fames,
672 4361 776 4401 non
802 4347 905 4401 erit
936 4346 1083 4415 sitis,
1108 4360 1215 4400 non
1260 4346 1362 4400 erit
1404 4346 1640 4413 nuditas,
1674 4362 1780 4401 non
1810 4346 1913 4401 erit

324 4440 604 4512 aegritudo,
627 4455 730 4493 non
746 4439 849 4495 erit
865 4438 1247 4510 peregrinatio,
1264 4453 1370 4494 non
1387 4438 1670 4505 eritlabor,
1690 4455 1793 4495 non
1811 4439 1913 4494 erit

323 4532 495 4588 dolor.
526 4532 649 4586 Scio
678 4531 798 4601 quia
828 4531 929 4585 ista
955 4530 1026 4585 ibi
1053 4545 1158 4586 non
1189 4539 1365 4595 erunt,
1398 4541 1453 4585 et
1478 4531 1658 4585 nescio
1687 4532 1813 4600 quid
1841 4532 1911 4587 ibi

323 4624 447 4681 erit.
473 4623 578 4680 Ista
608 4624 751 4679 enim
778 4638 897 4693 quae
926 4623 997 4678 ibi
1024 4639 1133 4678 non
1170 4632 1348 4690 erunt,
1380 4623 1506 4677 novi
1538 4640 1551 4676 :
1577 4623 1705 4678 illud
1734 4632 1912 4679 autem

325 4715 468 4785 quod
496 4715 567 4771 ibi
589 4714 860 4770 inventuri
886 4729 1089 4779 summ,
1117 4729 1217 4771 nec
1242 4715 1431 4770 oculus
1460 4715 1614 4779 vidit,
1646 4732 1745 4771 nec
1769 4718 1914 4772 auris

324 4807 545 4875 audivit,
593 4820 694 4862 nec
734 4806 789 4861 in
833 4821 927 4861 cor
967 4804 1200 4863 hominis
1238 4806 1482 4861 ascendit
1530 4808 1573 4877 (Ι
1599 4806 1718 4862 Cor.
1743 4823 1801 4871 ιι,
1831 4806 1909 4879 9).

325 4900 522 4955 Amare
551 4910 853 4969 pessumus,
882 4897 1188 4953 desiderare
1219 4912 1520 4967 possumus,
1547 4898 1601 4952 in
1635 4897 1733 4952 hac
1756 4914 1913 4968 pere-

324 4992 625 5063 grinatione
651 4999 797 5045 tanto
824 4991 965 5045 bono
991 4990 1260 5060 suspirare
1287 5004 1606 5060 possumus:
1631 4990 1790 5061 digne
1815 4990 1917 5047 hoc

327 5086 563 5156 cogitare
583 5093 637 5140 et
658 5084 837 5140 verbis
870 5082 1137 5153 explicare
1165 5098 1271 5137 non
1301 5098 1605 5154 possumus.
1631 5083 1790 5140 Certe
1814 5099 1915 5156 ego

328 5192 436 5232 non
487 5192 721 5247 possum.
753 5177 913 5247 Ergo,
945 5174 1136 5231 fratres
1173 5176 1297 5241 mei,
1328 5177 1550 5247 quaerite
1573 5178 1693 5247 quis
1722 5178 1912 5248 possit.

327 5266 384 5323 Si
412 5266 655 5323 invenire
682 5266 934 5337 potestis;
959 5273 1014 5321 et
1036 5281 1123 5322 me
1148 5266 1423 5322 vobiscum
1453 5267 1773 5338 discipulum
1805 5278 1915 5325 tra-

330 5358 462 5414 hite.
487 5358 617 5415 Illud
642 5359 776 5427 scio,
803 5359 1057 5430 quoniam
1085 5358 1174 5429 qui
1210 5368 1386 5430 potens
1406 5368 1495 5427 est,
1528 5361 1667 5416 sicut
1691 5363 1919 5431 Aposto-

331 5450 419 5506 lus
467 5453 561 5519 ait,
612 5455 776 5521 facere
811 5468 964 5523 super
1000 5467 1152 5523 quam
1197 5453 1429 5523 petimus,
1466 5462 1553 5507 aut
1590 5452 1919 5526 intelligimus

335 5543 553 5617 (Ephes.
571 5561 648 5612 ιιι,
675 5544 786 5617 20),
819 5546 943 5600 illuc
969 5544 1244 5615 perducet,
1263 5544 1353 5600 ubi
1376 5547 1466 5601 fiat
1492 5546 1632 5617 quod
1658 5547 1918 5618 scriptum

334 5646 436 5703 est,
468 5635 613 5692 Beati
638 5638 721 5707 qui
751 5638 978 5692 habitant
1008 5636 1064 5691 in
1099 5637 1250 5692 domo
1274 5646 1380 5705 tua,
1408 5639 1461 5692 in
1490 5640 1680 5694 swcula
1704 5643 1919 5696 saeculo-

335 5749 451 5788 rum
477 5733 754 5789 laudabunt
784 5743 831 5789 te
858 5730 1033 5804 (Psal.
1065 5748 1290 5803 Lxmn,
1319 5733 1399 5804 5).
1430 5732 1621 5790 Totum
1650 5737 1919 5808 negotium

338 5830 600 5903 nostrum,
628 5828 745 5890 laus
770 5829 868 5889 Dei
890 5829 1011 5891 erit.
1036 5828 1176 5900 Quid
1200 5828 1560 5903 laudabimus,
1582 5831 1751 5894 sinon
1775 5849 1923 5894 amaa

1672 316 1904 377 SERMO
1940 316 2296 375 CCXXXVII.

3460 329 3602 386 1122

2013 430 2247 509 bimus‘;
2278 442 2333 490 et
2369 434 2501 491 illud
2534 436 2851 508 amabimus,
2873 437 3016 509 quod
3043 438 3600 499 videbimustVerum

2012 526 2155 582 enim
2183 526 2501 598 videbimus,
2548 539 2603 586 et
2645 531 2818 602 ipsum
2870 548 3057 589 verum
3100 533 3245 590 Deus
3291 536 3415 604 erit,
3441 551 3601 607 quem

2012 617 2366 676 laudabimus.
2398 620 2478 677 lbi
2523 623 2858 681 inveniemus
2884 627 3029 697 quod
3066 627 3225 684 hodie
3247 630 3599 701 eantavimus,

2012 711 2208 782 Amen,
2239 712 2436 769 Verum
2461 726 2543 772 est
2566 735 2578 770 :
2603 718 2853 787 Alleluia,
2884 719 3125 777 Laudate
3150 722 3456 779 Dominum.

2402 874 2631 931 SERMO
2670 876 3001 935 ccxxxvn
3041 882 3060 903 ¹
3112 879 3208 953 (a).
3491 861 3526 901 ⁸

2429 996 2481 1039 ιιι
2502 989 2678 1042 diebus
2698 992 3015 1055 Paschalibus,
3041 1009 3121 1045 vru
3140 995 3180 1043 ².

2012 1070 2093 1129 De
2128 1072 2309 1128 ultima
2344 1075 2552 1130 lectione
2586 1075 2849 1148 Evangelii
2890 1077 3069 1145 Luae,
3096 1094 3211 1150 cap.
3236 1094 3381 1145 xxiv,
3409 1080 3595 1149 57-59;

2370 1184 2486 1224 cum
2503 1168 2803 1239 refutatione
2820 1169 3242 1224 Manichaeorum.

2109 1324 2334 1381 CAPUT
2400 1324 2686 1382 PRlMUM.
2749 1354 2819 1365 —-
2873 1327 2924 1380 1.
2978 1324 3255 1395 Discipulis
3323 1325 3599 1395 spiritum,

2016 1434 2116 1472 non
2139 1434 2340 1472 carnem
2366 1416 2553 1473 Christi
2582 1435 2635 1473 se
2662 1418 2831 1473 videre
2869 1418 3186 1489 palantibus,
3211 1418 3397 1472 similes
3425 1418 3604 1473 Mani-

2014 1512 2161 1567 chcei.
2193 1511 2449 1583 Negantes
2488 1528 2689 1567 carnem
2732 1512 2941 1579 Christi,
2995 1521 3151 1566 totum
3196 1513 3488 1583 mysterium
3520 1528 3604 1567 re-

2016 1603 2318 1673 demptionis
2343 1614 2531 1658 nostrae
2554 1613 2819 1659 evacuant.
2850 1603 2931 1658 De
2963 1603 3356 1659 resurrectione
3395 1602 3604 1658 Domini

2015 1698 2157 1769 quod
2183 1699 2503 1769 sequebatur
2529 1700 2584 1755 in
2612 1698 2905 1770 Evangelia
2932 1699 3226 1755 secundum
3255 1698 3473 1765 Lucam,
3508 1699 3604 1754 ho-

2014 1791 2103 1847 die
2133 1792 2476 1847 terminatum
2504 1800 2604 1859 est,
2632 1793 2720 1847 ubi
2751 1792 3052 1848 audivimus
3085 1792 3395 1863 apparuisse
3427 1791 3607 1846 Domi-

2016 1900 2143 1938 num
2185 1887 2236 1939 in
2268 1886 2448 1940 medio
2496 1885 2879 1956 discipulorum
2929 1901 3150 1942 suorum
3196 1885 3606 1954 disceptantium

2014 1978 2083 2034 de
2110 1981 2504 2035 resurrectione
2535 1980 2674 2050 ejus,
2707 1988 2761 2035 et
2800 1996 2904 2034 non
2933 1979 3287 2035 credentium.
3318 1979 3450 2034 Tam
3478 1992 3608 2034 vero

2015 2073 2095 2128 eis
2121 2074 2451 2144 inepinatum
2483 2074 2580 2129 fuit
2604 2083 2659 2130 et
2683 2074 3015 2141 incredibile,
3046 2086 3102 2131 ut
3129 2090 3229 2130 nec
3257 2075 3499 2131 videntes
3525 2074 3606 2128 vi-

2015 2166 2224 2223 derent.
2248 2168 2515 2224 Videbunt
2543 2170 2683 2224 enim
2708 2171 2906 2239 vivum,
2936 2186 3094 2241 quem
3125 2172 3607 2242 plauserant-nor-

2016 2266 2199 2314 tuutn:
2230 2259 2479 2314 videbant
2518 2261 2570 2315 in
2610 2260 2788 2316 medio
2827 2262 2909 2316 sui
2950 2272 3201 2330 stantem,
3231 2277 3389 2333 quem
3424 2262 3609 2317 dolue-

2015 2361 2136 2407 rant
2184 2353 2236 2406 in
2281 2367 2440 2408 cruce
2504 2353 2845 2423 pendentem.
2873 2353 3138 2409 Videbant
3184 2370 3345 2424 ergo;
3393 2363 3446 2408 et
3483 2354 3607 2424 quia

2014 2444 2126 2499 suis
2153 2446 2321 2501 oculis
2348 2461 2453 2501 non
2485 2446 2795 2513 credebant,
2827 2456 2884 2502 ut
2905 2463 3093 2502 verum
3119 2447 3382 2516 viderent,
3412 2446 3521 2502 falli
3546 2462 3608 2504 se

2013 2538 2290 2608 putabant.
2324 2538 2700 2594 Existimabam
2741 2541 2894 2607 enim,
2938 2541 3075 2596 sicut
3103 2540 3346 2608 audistis,
3378 2558 3432 2595 se
3454 2541 3606 2611 spiri-

2015 2641 2122 2686 tum
2147 2632 2332 2687 videre.
2360 2632 2512 2701 Quod
2558 2641 2742 2702 postea
2780 2631 3127 2688 crediderunt
3152 2632 3221 2687 de
3247 2633 3459 2689 Christo
3486 2649 3608 2703 pes-

2014 2724 2136 2779 simi
2170 2724 2425 2792 Ineretiei,
2461 2725 2609 2796 prius
2635 2725 2739 2781 hoc
2763 2724 3108 2781 crediderunt
3138 2725 3429 2780 titubantes
3460 2727 3607 2795 Apo-

2015 2818 2158 2874 stoli.
2189 2817 2328 2875 Sunt
2352 2818 2495 2874 enim
2525 2819 2685 2874 hodie
2724 2820 2815 2890 qui
2856 2836 2964 2875 non
2997 2819 3223 2876 credunt
3261 2835 3478 2876 carnem
3510 2818 3608 2875 ha-

2013 2910 2193 2967 buisse
2221 2911 2489 2967 Christum
2514 2929 2528 2964 :
2559 2913 2680 2983 quia
2717 2922 2771 2967 et
2817 2922 3023 2983 partum
3051 2913 3271 2984 virginis
3298 2914 3600 2978 destruunt,

2014 3011 2067 3058 et
2117 3003 2307 3057 nolunt
2347 3018 2468 3057 enm
2517 3012 2698 3058 natum
2742 3018 2807 3059 ex
2854 3002 3051 3059 femina
3089 3004 3327 3059 credere.
3393 3003 3608 3059 Verbum

2014 3111 2133 3151 caro
2158 3100 2353 3165 factum
2380 3105 2452 3152 est
2483 3096 2660 3170 (Joan.
2690 3113 2731 3167 ι,
2765 3098 2879 3168 14),
2913 3114 3136 3167 prorsus
3164 3098 3481 3154 alienant’a
3510 3115 3607 3155 sua

2014 3189 2139 3257 fide,
2173 3190 2255 3246 vel
2299 3190 2474 3260 potius
2514 3204 2543 3243 a
2588 3205 2686 3245 sua
2733 3188 3062 3245 infidelitate.
3091 3189 3281 3245 Totam
3312 3191 3467 3245 istam
3494 3190 3606 3246 dis-

2014 3283 2382 3353 pensationem
2424 3282 2612 3338 salutis
2658 3290 2877 3348 nostra),
2910 3282 3052 3353 quod
3095 3281 3266 3339 factus
3318 3292 3401 3339 est
3445 3282 3606 3339 homo

2017 3390 2115 3444 pro
2157 3374 2476 3430 inveniendo
2517 3374 2750 3440 homine,
2781 3375 2870 3445 qui
2900 3374 3041 3430 Deus
3072 3374 3268 3430 fecerat
3291 3374 3602 3443 hominem;

2014 3473 2183 3521 totum
2212 3467 2333 3533 hoc,
2362 3466 2504 3538 quod
2524 3466 2767 3522 Christus
2790 3466 2842 3520 in
2867 3466 3239 3522 remissionem
3266 3475 3604 3537 peccatorum

2015 3568 2320 3614 nostrorum
2348 3574 2553 3624 verum,
2580 3572 2687 3614 non
2719 3560 2908 3613 falsum
2939 3560 3253 3630 sanguinem
3279 3557 3439 3629 fudit,
3462 3568 3518 3616 et
3537 3559 3606 3616 de

2015 3665 2144 3705 vero
2176 3665 2273 3705 suo
2304 3651 2562 3722 sanguine
2588 3650 3000 3721 chirographum
3027 3662 3365 3721 peccatorum
3395 3661 3607 3708 nostro-

2014 3762 2133 3802 rum
2158 3746 2387 3813 delevit;
2418 3747 2519 3803 hoc
2542 3758 2708 3803 totum
2736 3748 2973 3804 haeretici
2992 3749 3324 3807 damnabiles
3344 3767 3605 3809 evacuare

2015 3850 2296 3896 conantur.
2344 3841 2536 3898 Totum
2590 3842 2711 3909 hoc,
2753 3854 2810 3898 ut
2855 3844 3133 3900 Manichaei
3173 3846 3418 3914 credunt,
3462 3847 3605 3917 quod

2015 3938 2263 4008 apparuit
2307 3938 2477 3993 oculis
2522 3937 2821 4007 hominum,
2871 3938 3090 4010 spiritus
3140 3939 3269 4009 fuit,
3317 3955 3443 3997 caro
3497 3956 3606 3997 non

2016 4027 2133 4084 fuit.

2086 4121 2314 4179 CAPUT
2353 4121 2417 4177 ll.
2440 4152 2513 4163 —
2535 4121 2591 4182 2.
2612 4121 2733 4177 Νοη
2776 4124 2953 4178 melius
2982 4124 3046 4179 de
3072 4122 3271 4178 Christo
3290 4124 3491 4192 sentire,
3521 4123 3608 4193 qui

2017 4231 2131 4269 eum
2159 4215 2333 4268 dicunt
2366 4215 2600 4286 spiritum
2639 4216 2796 4287 fuisse
2842 4217 2949 4269 sine
2993 4232 3160 4269 carne.
3192 4216 3333 4271 Ecce
3374 4217 3606 4286 loquitur

2019 4306 2389 4377 Evangelium.
2428 4306 2613 4363 Stabat
2656 4308 2914 4363 Dominus
2959 4309 3098 4385 inter
3138 4309 3428 4379 discipulos
3458 4326 3603 4375 suos,

2018 4401 2255 4455 nondum
2283 4400 2564 4456 credentes
2588 4401 2731 4471 quod
2760 4412 3147 4458 rcsurrexerat.
3179 4404 3437 4458 Videbant
3459 4420 3603 4472 eum,

2019 4502 2074 4548 et
2100 4493 2355 4563 putabant
2384 4509 2446 4548 se
2470 4493 2712 4561 spiritum
2736 4493 2939 4549 videre.
2964 4493 3028 4549 Si
3055 4494 3187 4549 nihil
3216 4495 3465 4559 maliest,
3484 4510 3602 4549 cre-

2019 4584 2149 4641 dere
2176 4584 2444 4641 ChriStum
2482 4586 2725 4654 spiritum
2770 4584 2953 4651 fuisse,
2988 4602 3092 4641 non
3120 4602 3335 4641 carnem
3362 4602 3376 4650 ;
3406 4586 3450 4640 si
3476 4586 3607 4641 nihil

2019 4678 2146 4733 mali
2186 4687 2287 4746 est,
2314 4678 2652 4732 dimittantur
2693 4678 2746 4732 in
2791 4678 2890 4733 ista
2935 4679 3186 4749 opinione
3223 4678 3488 4748 discipuli.
3516 4681 3609 4734 At-

2024 4770 2244 4837 tendite,
2276 4780 2332 4825 ut
2360 4771 2665 4841 intelligetis
2692 4771 2832 4841 quod
2858 4772 2979 4826 volo
3007 4772 3187 4827 dicere
3221 4790 3233 4824 :
3269 4772 3407 4826 Deus
3432 4782 3608 4827 autem

2021 4863 2185 4919 donet
2227 4874 2288 4919 ut
2323 4864 2517 4931 dicam,
2551 4865 2602 4919 id
2630 4874 2730 4931 est,
2765 4866 2841 4920 sic
2866 4865 3037 4920 dicam
3056 4907 3072 4933 ,
3097 4866 3364 4935 quomodo
3394 4882 3487 4922 vos
3512 4883 3610 4921 au-

2021 4955 2139 5011 dire
2164 4956 2395 5026 expedit.
2430 4958 2569 5012 Ecce
2598 4958 2701 5013 hoc
2732 4958 2905 5028 ipsum
2940 4968 3146 5028 repeto.
3182 4957 3481 5028 Aliquando
3511 4960 3610 5029 ipsi

2022 5049 2385 5118 detestabiles,
2416 5066 2634 5107 carnem
2681 5050 3030 5119 detestantes,
3062 5062 3116 5107 et
3161 5041 3453 5108 secundum
3489 5068 3610 5107 car-

2023 5158 2148 5200 nem
2172 5144 2435 5214 viventes,
2458 5146 2740 5217 aliquando
2761 5146 2863 5201 hoc
2889 5145 3091 5215 dicunt,
3115 5156 3168 5203 et
3197 5148 3275 5203 sic
3300 5149 3611 5220 decipiunt:

2091 5334 2107 5366 ι
2131 5333 2271 5397 editi,
2289 5333 2383 5384 hoc
2405 5340 2457 5384 et
2479 5333 2700 5396 proximo
2715 5331 2839 5397 loco,
2859 5332 3136 5384 amarimus.
3158 5343 3214 5386 At,
3230 5334 3494 5384 Victorinus
3511 5343 3615 5397 Ms.,

2024 5396 2307 5460 amabimus,
2343 5404 2443 5460 Quo
2466 5398 2614 5460 etiam
2636 5408 2701 5445 ex
2723 5396 2888 5446 codice
2914 5397 3187 5447 restituitur
3218 5398 3323 5460 hinc
3352 5399 3616 5460 sententia,

2033 5468 2209 5509 Verum
2224 5458 2352 5509 enim
2370 5456 2651 5522 ridebimus,
2680 5465 2794 5522 etc.,
2814 5472 2924 5522 quae
2938 5460 2988 5507 in
3011 5461 3153 5510 editis
3169 5459 3489 5509 deSIderatur.

2092 5524 2113 5553 ³
2136 5532 2186 5571 ιιι
2208 5524 2402 5583 optimae
2426 5528 2552 5570 noue
2576 5520 2869 5585 Floriacenci
2898 5525 3221 5585 manuscripto
3244 5522 3320 5570 hic
3354 5534 3515 5572 sermo
3540 5523 3556 5572 i

2027 5582 2269 5643 scribitur,
2305 5588 2554 5646 Tractatus
2578 5589 2753 5646 quarta
2778 5582 2917 5641 feria.

2093 5648 2114 5679 ³
2137 5649 2209 5696 sic
2238 5647 2288 5695 in
2324 5644 2673 5707 manuscrip‘tis.
2701 5652 2755 5694 At
2777 5646 2825 5694 in
2851 5645 2994 5696 editis
3016 5645 3110 5697 alia
3131 5647 3325 5698 inducta
3349 5654 3427 5699 est
3446 5652 3617 5699 vocum

2028 5710 2369 5771 interpunctio,
2395 5708 2572 5771 omisso
2595 5708 2766 5768 verbo,
2788 5707 3015 5759 alienant.

2095 5778 2109 5790 '
2130 5768 2395 5831 castigatus
2417 5770 2474 5819 ad
2502 5768 2534 5817 f.
2561 5784 2602 5819 ι’.
2629 5778 2665 5821 ι.
2702 5785 2748 5819 v.
2780 5780 2874 5823 Am.
2904 5776 2975 5823 Er.
3000 5780 3100 5822 Par.
3123 5778 3232 5824 Lor.

2094 5836 2168 5895 (ιι)
2192 5832 2330 5897 Alias,
2348 5833 2413 5885 de
2434 5839 2672 5891 't‘etnvot'e
2696 5832 2803 5891 115.
