4070 6330
517 373 659 454 i123

517 495 624 579 Qui
649 493 843 590 moliriss
864 489 1086 565 credudt
1123 491 1192 565 de
1234 482 1470 576 Christo,
1504 483 1583 564 illi
1621 493 1711 578 qui
1751 482 1937 588 dicunt
1975 503 2106 590 quia

517 593 734 661 carnem
759 587 960 668 habuit,
986 591 1060 659 an‘
1085 589 1188 676 nos
1214 603 1302 674 qui
1329 597 1577 672 dicimus,
1611 599 1755 659 Deus
1781 613 1912 671 erat,
1946 587 2107 676 spiri-

517 695 600 754 iu's
628 693 763 765 erat,
791 691 851 754 ét'
869 688 1038 774 oculis
1067 671 1348 753 hominum
1363 689 1465 752 non
1487 689 1706 769 corpus,
1735 687 1994 778 sed-Deus.
2014 715 2108 778 ap-

516 762 772 861 parebat?
800 767 946 857 Quid
985 789 1069 846 est
1115 775 1327 858 melius,
1377 807 1527 857 caro,
1561 789 1635 846 an'
1676 762 1936 863 spiritusi
1969 769 2106 858 Quid

514 881 823 949 remonsuri
864 895 1069 950 sumus,
1103 881 1204 935 nisi
1252 881 1497 954 spiritum
1546 899 1707 938 carne
1751 898 1869 938 esse
1919 882 2106 937 melio-

514 973 664 1028 rem?
692 973 749 1028 Si
776 989 924 1045 ergo,
957 973 1105 1042 dicit,
1137 976 1411 1030 conﬁteris
1437 978 1557 1047 quia
1585 977 1803 1046 spiritus
1828 977 2017 1031 melior
2037 975 2106 1030 sit

513 1082 670 1136 quam
711 1083 870 1132 caro;
895 1059 1090 1122 melius
1137 1061 1235 1136 ego
1274 1067 1342 1124 de
1385 1049 1598 1124 Christo
1643 1053 1836 1146 sentio,
1863 1069 1952 1148 qui
1981 1084 2102 1124 eum

514 1153 760 1228 spiritum
810 1147 974 1215 fuisse
1012 1159 1152 1225 dico,
1203 1179 1310 1217 non
1357 1166 1598 1234 Carnem.
1629 1161 1672 1217 Ο
1701 1161 1882 1216 infelix
1914 1163 2098 1218 error!

516 1252 730 1318 Quare?
771 1251 883 1320 Ego
920 1241 1137 1308 carnem
1176 1255 1295 1308 dico
1337 1255 1500 1308 fuisse
1531 1238 1837 1309 Christum?
1864 1253 1940 1307 Tu
1969 1253 2102 1307 dicis

516 1343 759 1412 spiritum
785 1361 800 1399 :
825 1357 924 1413 ego
952 1344 1198 1416 spiritum
1229 1354 1283 1400 et
1311 1357 1545 1400 carnem.
1575 1345 1689 1400 Non
1722 1355 1776 1399 tu
1807 1345 1995 1399 m‘eliu‘s
2021 1345 2104 1399 di-

513 1436 610 1498 cis,
646 1435 740 1490 sed
768 1436 946 1492 minus
972 1439 1127 1494 dicis.
1153 1440 1289 1493 Audi
1310 1451 1440 1509 ergo
1457 1449 1623 1495 totum
1645 1439 1935 1509 quoddico
1960 1454 2098 1509 ego:

510 1529 564 1583 id
595 1539 697 1596 est,
723 1533 866 1600 quod
895 1533 1023 1588 dicit
1048 1533 1310 1587 catholica
1341 1533 1490 1599 ﬁdes,
1520 1535 1661 1604 qunti
1689 1534 1818 1588 dicit
1844 1533 2099 1588 fundatis-

509 1623 642 1678 sima
689 1632 744 1679 et
790 1627 1130 1680 serenissima
1162 1627 1377 1680 veritas.
1422 1625 1500 1680 Tu
1549 1627 1637 1696 qui
1680 1626 1812 1680 dicis
1855 1626 2099 1694 Spiritum

512 1723 719 1771 tantum
763 1718 925 1774 fuisse
955 1718 1258 1784 Christum;
1290 1719 1430 1789 quod
1461 1728 1543 1774 est
1566 1728 1623 1774 et
1649 1719 1865 1789 spiritus
1896 1729 2096 1786 noster,

510 1808 564 1865 id
591 1823 690 1876 est,
720 1813 896 1866 anima
941 1822 1136 1876 nostra,
1169 1813 1270 1867 hoc
1315 1813 1449 1868 dicis
1499 1822 1701 1866 tantum
1747 1813 1910 1867 fuisse
1949 1812 2100 1866 Chri-

513 1904 839 1958 stum:audi
879 1903 1003 1972 quid
1050 1903 1217 1958 dicas.
1266 1904 1396 1958 Dico
1439 1905 1580 1973 quod
1619 1905 1771 1958 dicis.
1815 1904 1944 1957 Erat
1986 1903 2099 1972 ipse

512 1999 730 2067 spiritus
749 2013 814 2054 ex
831 2014 898 2054 ea
932 2009 1119 2053 natura
1147 2009 1200 2054 et
1225 2001 1541 2063 substantia,
1565 1999 1703 2054 unde
1729 2009 1783 2053 et
1810 2008 1992 2053 noster
2018 2004 2100 2053 est

510 2091 744 2162 spiritus.
777 2091 986 2158 Quanto
1026 2093 1202 2147 minus
1244 2093 1408 2159 dicas,
1437 2093 1672 2148 attende.
1704 2093 1832 2146 Erat
1870 2093 1940 2147 ibi
1968 2093 2100 2147 Ver-

510 2183 796 2250 bum.erat
829 2183 897 2236 ibi
925 2199 1070 2237 caro.
1102 2184 1181 2238 'l‘u
1209 2184 1340 2239 dicis
1375 2201 1387 2236 :
1425 2184 1702 2238 Humanus
1745 2185 1963 2253 spiritus
2005 2195 2097 2239 so-

456 2281 476 2301 ⁶
507 2275 608 2330 lus.
638 2277 746 2345 Ego
789 2276 948 2330 dico:
981 2276 1246 2344 Verbum,
1293 2277 1532 2346 spiritus,
1582 2291 1810 2347 corpus;
1859 2276 2000 2332 Deus
2045 2285 2107 2346 et,

508 2366 688 2422 homo.
714 2368 767 2422 Si
794 2369 899 2422 duo
929 2368 1052 2422 nolo
1079 2368 1280 2434 dicere,
1314 2370 1358 2424 si
1397 2369 1530 2424 duas
1576 2385 1662 2423 res
1702 2369 1827 2423 nolo
1881 2368 2094 2435 dicere;

506 2460 614 2517 isto
659 2469 778 2515 utor
816 2461 1156 2532 compendio,
1186 2460 1332 2516 Deus
1360 2472 1413 2516 et
1453 2462 1631 2515 homo.
1665 2462 1728 2516 Et
1751 2475 1908 2516 verus
1934 2461 2094 2527 Deus,

507 2562 561 2608 et
584 2568 743 2608 verus
771 2554 951 2608 homo.
980 2552 1120 2607 Nihil
1146 2553 1335 2607 falsum
1363 2554 1416 2607 in
1444 2554 1796 2619 humanitate,
1828 2552 1960 2607 nihil
1997 2553 2096 2606 fal-

505 2661 624 2702 sum
653 2647 703 2702 in
730 2647 1025 2702 divinitate.
1060 2647 1168 2702 Sed
1210 2647 1277 2702 de
1323 2647 1440 2716 ipso
1480 2647 1696 2701 homine
1745 2647 1790 2701 si
1827 2646 2020 2717 quieris
2067 2661 2097 2699 a

507 2757 613 2808 me,
646 2741 751 2795 duo
781 2742 973 2796 iterum
1001 2740 1123 2796 dico
1150 2741 1375 2795 :Anima
1408 2740 1659 2808 humana,
1686 2750 1739 2795 et
1762 2753 1887 2795 caro
1913 2739 2097 2794 huma-

507 2835 700 2890 na.Tu
752 2836 914 2890 homo
959 2851 1018 2890 es
1067 2845 1284 2906 propter
1332 2836 1562 2890 animam
1608 2844 1660 2888 et
1707 2849 1921 2888 carnem
1965 2833 2098 2888 :ille

504 2926 754 2994 Christus
781 2937 996 2996 propter
1027 2928 1192 2981 Deum
1224 2934 1277 2982 et
1307 2925 1597 2980 hominem.
1623 2926 1761 2979 Ecce
1783 2924 1923 2994 quod
1953 2923 2092 2978 dico.

577 3019 627 3072 5.
660 3017 1058 3071 Manichteorum
1087 3034 1228 3071 error
1250 3018 1303 3070 in
1333 3017 1696 3085 discipulorum
1714 3016 2098 3084 reprehensione

505 3107 794 3161 damnatus.
831 3108 1082 3177 Discipuli
1108 3110 1344 3177 spiritum
1373 3125 1424 3162 se
1458 3108 1625 3161 videre
1645 3116 1895 3178 putantes,
1920 3123 2093 3176 repre-

505 3200 814 3254 henduntur.
841 3200 944 3255 Sed
978 3209 1030 3254 tu
1057 3200 1248 3256 melius
1277 3211 1327 3254 te
1367 3201 1545 3255 dicere
1579 3209 1749 3268 putas,
1777 3199 1898 3269 quia
1923 3199 2090 3254 dicis:

502 3292 729 3362 Spiritus
766 3301 910 3357 erat,
942 3292 1161 3361 spiritus
1205 3292 1516 3362 apparebat,
1542 3292 1760 3361 spiritus
1788 3291 2088 3361 videbatur,

502 3387 719 3455 spiritus
759 3387 811 3440 in
841 3386 1056 3441 homine
1080 3385 1518 3452 conversabatur.
1547 3385 1660 3439 Hoc
1683 3384 1850 3439 dicis:
1876 3395 1931 3438 ut
1959 3385 2090 3451 dixi,

501 3475 605 3532 hoc
626 3477 881 3547 putabant
899 3485 953 3533 et
974 3477 1240 3546 discipuli.
1266 3476 1319 3532 Si
1342 3475 1472 3530 nihil
1499 3477 1622 3530 mali
1643 3476 1796 3543 dicis,
1825 3477 1866 3530 si
1895 3477 2092 3532 bonum

499 3577 582 3641 est
606 3570 749 3640 quod
780 3570 954 3636 dicis;
990 3571 1185 3627 bonum
1227 3579 1342 3626 erat
1385 3580 1438 3625 et
1473 3571 1617 3641 quod
1657 3571 1900 3640 discipuli
1941 3582 2094 3641 puta-

498 3661 643 3716 bant.
673 3662 729 3716 Si
756 3663 1010 3716 Dominus
1049 3664 1127 3718 sie
1167 3678 1261 3718 eos
1296 3663 1519 3730 dimisit,
1553 3672 1609 3716 ut
1649 3663 1752 3718 hoc
1776 3673 2084 3732 putarent;

499 3754 847 3809 dimittendus
877 3772 936 3811 es
963 3765 1016 3809 et
1048 3765 1123 3810 tu.
1151 3756 1262 3811 Iloc
1287 3757 1430 3811 enim
1457 3755 1750 3811 credebant
1769 3757 1910 3827 quod
1935 3766 1989 3811 et
2010 3765 2087 3810 tu:

498 3849 544 3905 si
575 3849 771 3903 bonum
810 3859 893 3906 est
935 3851 1078 3920 quod
1118 3859 1170 3904 tu
1213 3850 1408 3918 credis,
1436 3850 1634 3906 bonum
1677 3860 1792 3906 erat
1829 3851 1970 3922 quod
2015 3851 2092 3906 illi

498 3939 806 4014 credebant.
837 3941 941 4016 Sed
965 3959 1071 4016 non
1103 3952 1219 4018 erat
1245 3943 1468 4022 bonum.
1677 4005 1680 4012 ι

571 4032 796 4090 CAPUT
836 4033 921 4087 ΙΙΙ.
945 4035 1115 4088 —Ait
1142 4035 1243 4088 illis
1273 4035 1549 4100 Dominus,
1569 4035 1705 4101 Quid
1720 4036 1906 4090 turbati
1931 4038 2091 4092 estis?

499 4122 838 4180 Perturbatio
875 4128 1102 4183 credidit
1146 4128 1288 4198 quod
1315 4130 1510 4184 credis.
1544 4130 1719 4198 Quid?
1744 4131 2004 4184 Putabant
2030 4147 2089 4185 se

497 4215 738 4286 spiritum
771 4218 969 4272 videre.
1011 4219 1078 4272 Et
1128 4220 1392 4274 Dominus
1438 4220 1502 4275 ad
1553 4220 1666 4275 lucc
1697 4237 1709 4274 :
1743 4219 1878 4287 Quid
1904 4222 2090 4274 turbati

496 4307 632 4373 estis,
665 4316 708 4362 et
734 4311 1060 4380 cogitationes
1088 4312 1365 4365 ascendunt
1404 4312 1456 4365 in
1487 4328 1573 4364 cor
1598 4314 1853 4366 vestrum?
1877 4310 2091 4383 Cogita—

495 4397 670 4454 tiones
698 4400 813 4454 istae
840 4410 1064 4456 terrena:
1088 4411 1229 4457 sunt.
1259 4402 1315 4459 Si
1343 4404 1485 4458 enim
1509 4405 1754 4459 cmlcstes
1775 4416 1971 4473 essent,
2000 4405 2090 4462 de-

494 4491 819 4546 scenderent
854 4493 905 4547 iu
937 4509 1048 4558 cor,
1083 4510 1187 4548 non
1235 4495 1604 4551 ascenderem.
1637 4495 1812 4562 Quare
1839 4497 1979 4550 enim
2007 4497 2087 4552 di-

493 4583 632 4637 citur
664 4584 837 4651 nobis,
866 4585 1085 4638 Sursum
1113 4600 1226 4652 cor,
1258 4585 1357 4640 nisi
1392 4595 1451 4640 ut
1487 4596 1713 4642 terreme
1737 4587 2085 4657 cogitationes

493 4689 599 4728 non
639 4685 763 4730 ante
803 4690 872 4746 se,
909 4677 1141 4731 inveniat
1163 4693 1258 4732 cor
1283 4685 1544 4745 nostrum,
1575 4678 1714 4748 quod
1747 4695 1956 4733 sursum
1983 4693 2084 4748 po-

492 4766 799 4821 suerimus?
842 4767 1006 4839 Ergo,
1058 4769 1193 4834 Quid
1236 4768 1420 4824 turbati
1469 4773 1605 4837 estis,
1661 4781 1707 4825 et
1758 4773 2084 4844 cogitationes

491 4857 768 4912 ascendunt
801 4860 853 4913 in
876 4876 964 4913 cor
987 4861 1248 4916 vestrum?
1276 4860 1457 4917 Videte
1482 4879 1661 4916 manus
1689 4881 1826 4918 meas
1858 4874 1904 4917 et
1933 4866 2082 4935 pedes

491 4965 647 5016 meos,
677 4949 880 5020 palpate
907 4961 954 5005 et
981 4952 1160 5005 videte.
1189 4953 1242 5007 Si
1273 4943 1456 5022 parum
1486 4961 1567 5007 est
1592 4953 1742 5008 vobis
1771 4955 2076 5026 attendere;

490 5055 680 5093 manus
706 5031 921 5096 mittite.
954 5041 1008 5096 Si
1040 5058 1224 5128 parum
1269 5033 1360 5098 est
1391 5045 1683 5108 attendere,
1714 5061 1816 5101 nec
1854 5033 2082 5102 Sufﬁciat

489 5139 743 5218 tangere;
771 5131 1000 5202 palpate.
1023 5133 1154 5198 Nec,
1177 5127 1417 5204 Tangite,
1445 5136 1616 5190 solum
1647 5127 1818 5218 dixit;
1839 5139 1932 5193 sed
1954 5140 2090 5220 Pal-p

488 5233 609 5294 pate
653 5215 712 5280 et.
751 5235 1100 5282 contrectate.
1135 5229 1363 5284 Probent
1405 5230 1506 5285 sibi
1554 5245 1741 5286 manus
1791 5215 2003 5297 vestrae,
2031 5233 2078 5287 si

486 5317 818 5372 mentiuntur
840 5319 979 5374 oculi
1007 5318 1169 5374 vestri
1196 5337 1208 5372 :
1235 5318 1455 5390 Palpate
1488 5331 1534 5374 et
1573 5322 1750 5387 videte,
1799 5323 1981 5377 oculos
2020 5324 2074 5378 in

484 5407 736 5463 manibus
762 5401 975 5466 habete.
1003 5399 1139 5477 Quid
1169 5412 1398 5481 palpate,
1443 5422 1495 5468 et
1535 5413 1660 5482 quid
1704 5409 1918 5468 videte?
1942 5413 2076 5481 Quia

570 5501 696 5554 ritus
715 5517 914 5556 carnem
930 5513 980 5557 et
999 5520 1113 5557 ossa
1130 5521 1230 5558 non
1255 5504 1420 5572 habet,
1441 5506 1570 5559 sicut
1588 5523 1665 5559 me
1681 5501 1855 5559 videtis
1872 5505 2070 5561 habere.

570 5515 696 5554 ritus
715 5517 914 5556 carnem
930 5515 980 5557 et
999 5520 1113 5557 ossa
1130 5521 1230 5558 non
1255 5515 1420 5572 habet,
1441 5515 1570 5559 sicut
1588 5523 1665 5559 me
1681 5515 1855 5559 videtis
1872 5515 2070 5561 habere.

485 5515 720 5646 grains
740 5607 861 5647 cum
888 5593 1181 5664 discipulis,
1208 5597 1476 5666 corrigere
1503 5612 1622 5651 cum
1649 5595 1939 5665 discipulis.
1965 5597 2072 5652 Hu-

485 5697 704 5739 manum
760 5697 862 5753 est,
909 5687 1165 5742 concedo.
1214 5689 1414 5745 Putatis
1463 5690 1705 5760 spiritum
1757 5689 2068 5746 Christum:

487 5775 589 5832 hoc
618 5784 675 5831 et
714 5778 922 5845 Petrus,
949 5779 1050 5835 hoc
1081 5789 1135 5835 et
1163 5781 1341 5836 czeteri
1370 5781 1460 5852 qui
1486 5783 1728 5853 spiritum
1755 5793 2072 5852 putaverunt

485 5880 545 5923 se
591 5867 800 5936 videre;
851 5870 944 5926 scd
986 5871 1038 5924 in
1083 5871 1186 5930 isto
1225 5888 1408 5928 errore
1451 5889 1553 5930 non
1595 5885 1982 5940 remanserunt,
2013 5885 2071 5932 ut

1750 388 1808 450 s.
1848 351 2222 450 Ancus'r’mt‘
2257 363 2558 450 tetSCOpt

3660 389 3798 457 i121

2219 489 2358 564 scias
2385 493 2602 584 prorsus
2640 507 2742 564 hoc
2780 488 2948 566 fuisse
2969 507 3023 566 in
3051 489 3304 584 cordibus
3332 491 3539 569 eordm.
3563 473 3801 574 demens

2216 614 2310 656 eos
2338 597 2443 656 non
2471 591 2672 656 dimisit
2711 596 2792 658 sic
2835 615 2848 656 :
2891 597 3135 669 accessit,
3163 581 3614 663 medicamentum
3643 611 3799 666 adhi-

2215 683 2330 746 bu'i't
2355 710 2370 750 :
2393 677 2616 748 vulnera
2653 687 2706 749 in
2746 675 2997 752 cordibus
3018 689 3264 766 videbat;
3311 681 3366 756 ei
3403 691 3543 757 unde
3580 674 3799 760 vuiuera

2213 779 2452 860 cordium
2483 767 2712 856 cura‘rei,
2745 775 2796 842 in
2827 779 3354 870 carpere'eieatri‘ces
3380 768 3599 862 terebat

2283 869 2510 934 CAPUT
2549 879 2637 935 IV.
2659 911 2732 921 -
2754 881 2806 936 4.
2855 881 2932 936 De
2951 861 3149 962 Christo
3168 875 3291 966 quid
3316 861 3636 942 credendum.
3676 889 3800 944 Ver-

2211 967 2328 1022 bum
2372 967 2486 1024 Dei.
2539 967 2896 1027 Inca’rnation'e
2933 976 3148 1045 suscepit
3198 987 3356 1030 totum
3396 969 3670 1034 hominem.
3712 982 3805 1036 Sic

2209 1049 2337 1131 ergo
2379 1045 2677 1118 ciedamus.
2713 1049 2834 1119 Scio
2873 1049 2995 1135 q'Uia
3028 1066 3106 1120 sic
3141 1066 3398 1122 creditis:
3432 1059 3525 1124 sed
3569 1059 3638 1126 ita
3663 1063 3803 1127 forte

2210 1141 2418 1226 inagro
2448 1151 2549 1212 isto
2579 1147 2787 1212 Domini
2830 1160 2899 1213 sit
2942 1157 3104 1214 herba
3143 1161 3302 1227 mala,
3338 1150 3502 1217 etiam
3529 1151 3629 1219 eos‘
3663 1167 3804 1221 allo-

2207 1235 2344 1316 quor
2386 1264 2521 1318 quos
2563 1266 2668 1304 non
2696 1249 2870 1306 video.
2905 1250 3074 1306 Nemo
3116 1245 3300 1308 Credat
3323 1251 3389 1310 de
3417 1245 3653 1320 Christo,
3698 1243 3802 1313 nisi

2208 1327 2350 1407 qu'od
2377 1339 2444 1393 de
2488 1337 2546 1394 se
2581 1340 2726 1395 credi
2767 1342 2934 1397 voluit
2959 1333 3202 1397 Christus
3237 1361 3250 1398 :
3282 1335 3405 1399 ante
3447 1333 3610 1415 quem
3643 1331 3805 1403 nobis

2208 1415 2443 1498 expedit,
2474 1439 2530 1485 ut
2555 1429 2838 1486 credamus
2859 1421 3000 1502 quod
3027 1427 3176 1488 credi
3194 1419 3340 1490 dese
3361 1429 3547 1503 valuit,
3580 1425 3667 1507 qui
3699 1455 3805 1494 nos

2206 1507 2453 1588 redemit,
2486 1523 2575 1591 qui
2615 1522 2838 1578 salutem
2856 1520 3126 1578 .nOstram"
3146 1526 3408 1595 quaesivit,
3439 1528 3524 1597 qui
3556 1543 3651 1597 pro
3698 1531 3803 1584 no-

2206 1610 2288 1665 bis
2319 1612 2638 1683 sanguinem'
2664 1612 2832 1682 fudit;
2876 1617 2963 1686 qui
2992 1629 3086 1686 pro
3118 1618 3271 1672 nobis
3297 1604 3442 1688 quod
3478 1611 3587 1674 non"
3625 1623 3675 1677 ei
3705 1622 3805 1677 de-

2205 1699 2428 1759 bebatur
2453 1707 2690 1776 pertulit,
2722 1707 2822 1779 q'ui'
2843 1705 2997 1765 nobis
3021 1711 3161 1780 quod
3189 1711 3343 1766 nobis
3369 1699 3474 1767 non
3502 1713 3806 1770 debebatur

2204 1789 2380 1850 attulit
2409 1815 2421 1850 :
2452 1797 2553 1852 hoc
2577 1797 2878 1856 credamus.
2907 1789 3151 1856 Christus
3178 1803 3307 1873 quid
3336 1805 3455 1859 est?
3482 1791 3648 1861 Filius
3680 1807 3798 1874 Dei,

2203 1883 2438 1945 Verbum
2467 1879 2589 1946 Dei.
2624 1893 2761 1958 Quid
2809 1897 2890 1948 est
2922 1881 3153 1949 Verbum
3186 1880 3322 1951 Dei?
3345 1891 3496 1964 Q'uOd
3541 1888 3648 1954 diei
3690 1916 3804 1955 non

2202 1990 2382 2051 potest
2434 1998 2528 2053 per
2553 1976 2772 2038 verbum
2828 1979 3087 2051 hominis,
3127 1974 3228 2041 li'oc
3273 1995 3356 2042 est
3405 1977 3633 2043 Verbtim
3676 1989 3800 2046 Dei.

2203 2070 2408 2138 Quaeris
2434 2087 2462 2127 a
2496 2089 2579 2128 me
2610 2073 2735 2145 quid
2767 2073 2838 2129 sit
2867 2066 3107 2130 Verbum‘
3137 2075 3249 2132 Dei.
3276 2077 3330 2133 Si
3363 2063 3456 2133 tibi
3483 2080 3676 2135 vellem
3712 2082 3801 2136 di-

2203 2177 2327 2217 cere
2352 2162 2477 2233 quid
2518 2159 2585 2218 sit
2623 2165 2843 2220 verbum
2876 2165 3128 2234 hominis,
3172 2183 3275 2222 non
3318 2163 3547 2239 explica,
3581 2167 3800 2243 fatigor,

2206 2253 2415 2320 htesito,
2460 2257 2783 2322 succumbo;
2818 2273 2922 2312 non
2969 2263 3184 2329 possum
3216 2262 3482 2330 explicare
3511 2255 3624 2317 vim'
3645 2265 3803 2319 verbi

2203 2345 2442 2399 humani.
2474 2343 2612 2402 Ecce
2639 2347 2933 2419 antequani'
2955 2347 3128 2404 diean'i
3157 2347 3326 2418 vobis,
3370 2351 3509 2422 qubd
3554 2349 3680 2408 €010
3709 2355 3801 2411 di-
3827 2371 3830 2374 ‘

2203 2451 2343 2502 cere,
2388 2438 2496 2507 j’am
2552 2440 2772 2494 verbum
2819 2451 2901 2495 est
2958 2439 3018 2495 in'
3051 2435 3220 2496 corde
3271 2443 3423 2511 meo;
3481 2448 3720 2502 nondum
3770 2465 3802 2503 a

2203 2545 2291 2584 me
2321 2529 2520 2585 dictum
2546 2542 2647 2597 est,
2677 2543 2730 2587 et
2752 2532 2892 2603 apud
2917 2549 3003 2588 me
3031 2544 3112 2589 est
3140 2553 3155 2589 :
3183 2535 3374 2591 dieitur
3402 2551 3431 2591 a
3457 2553 3562 2606 me,
3594 2549 3648 2594 et
3678 2556 3802 2610 per-

2202 2622 2350 2677 venit
2371 2623 2436 2676 ad
2463 2631 2534 2691 te,
2564 2633 2618 2678 et
2644 2640 2748 2680 non
2780 2626 2980 2680 recedit
3002 2642 3033 2680 a
3061 2643 3165 2682 me.
3197 2627 3492 2696 lntenditis,
3528 2635 3594 2685 υτ
3608 2633 3802 2688 audia-

2205 2714 2272 2768 tis
2293 2715 2522 2768 verbum‘
2539 2717 2576 2770 a~
2595 2717 2710 2782 me;
2746 2717 2954 2772 ment‘e‘s
2979 2717 3188 2774 vestras
3208 2715 3394 2790 pasco,
3418 2717 3550 2778 cu‘m‘
3579 2717 3813 2800 loquor.

2206 2805 2520 2862 Divideretis
2559 2809 2699 2863 inter
2738 2815 2828 2864 t’os
2865 2807 3065 2880 cibum,
3119 2809 3173 2868 si'
3206 2805 3454 2871 all'errem
3493 2809 3797 2887 tient'ribus,

2203 2901 2301 2954 nec
2333 2909 2471 2954 totus
2500 2893 2801 2969 perveniret
2831 2899 2895 2958 ad
2941 2901 3212 2974 singulos;
3259 2908 3353 2962 sed
3387 2901 3584 2979 quanto
3616 2912 3801 2980 plures

2204 2990 2354 3057 estis,
2388 2998 2534 3044 tanto
2557 2992 2606 3044 in
2634 2992 2781 3061 plura
2805 2992 2968 3047 frutra
3001 2995 3147 3064 quod
3170 2991 3428 3066 ponerem’
3459 2989 3797 3072 diit’ideretis,
3859 3059 3863 3064 ,

2199 3087 2260 3135 et‘
2283 3089 2428 3136 tanto
2460 3083 2634 3139 minus
2663 3084 2885 3155 quisque
2914 3088 3198 3156 acciperet,
3223 3087 3420 3159 qu'anto
3448 3071 3621 3164 niajor
3650 3091 3803 3152 esset

2199 3172 2578 3242 a'ccipie’ntiitm'
2626 3175 2924 3229 multitudo.
2979 3177 3134 3231 Modo
3183 3191 3359 3235 autem
3414 3177 3606 3240 eibuiu'
3637 3187 3796 3242 attuli

2199 3265 2499 3330 mentibus;
2529 3263 2668 3331 dico,
2702 3265 2960 3337 Accipite,
2995 3265 3209 3331 suniite,
3236 3267 3498 3329 comedite
3532 3293 3546 3330 :
3576 3273 3796 3347 accepi-

2199 3357 2316 3423 stis,
2346 3355 2671 3439 comedisds,
2695 3369 2748 3414 et
2773 3376 2878 3414 non
2905 3359 3178 3417 divisistis.
3208 3363 3473 3435 Quidquid
3499 3365 3718 3439 loquor,
3737 3369 3804 3427 et‘

2197 3441 2447 3502 omnibus
2479 3455 2644 3504 totum
2675 3459 2775 3517 cst‘,
2803 3459 2856 3506 et
2895 3452 3114 3524 singulis
3155 3463 3320 3508 totum
3353 3457 3456 3513 est.
3491 3459 3629 3515 Ecce
3657 3479 3793 3531 quo-

2198 3542 2360 3594 modo
2390 3553 2492 3595 non
2533 3549 2706 3612 potest
2741 3545 3164 3614 satis'expliear‘i,
3201 3549 3589 3617 qnaiitam‘vim
3631 3543 3797 3609 habet

2196 3631 2428 3687 hominis
2462 3635 2680 3688 verhmn
2707 3654 2720 3690 :
2749 3645 2800 3689 et
2847 3635 3018 3692 diciti's
3058 3638 3208 3706 mihi,
3258 3639 3393 3708 Quid
3439 3643 3524 3697 est
3566 3646 3789 3700 verbum

2198 3723 2330 3777 Dei?
2366 3726 2591 3780 Verbum
2619 3728 2708 3781 Dei
2741 3731 2916 3797 pascit
2937 3731 3260 3799 Ang’elor‘um
3297 3729 3381 3787 [οἳ
3396 3736 3582 3790 millia.
3616 3739 3793 3794 Mente

2197 3817 2341 3869 enim
2388 3827 2694 3886 pascuntur,
2740 3830 2920 3875 mente
2953 3823 3258 3891 implentur.
3308 3825 3498 3896 Implet
3532 3831 3789 3900 Angelos,

2199 3908 2389 3978 implet
2410 3912 2689 3973 mundum.
2717 3913 2903 3982 implet
2929 3915 3146 3984 virginis
3171 3921 3416 3973 uteruui':
3446 3936 3544 3974 nec
3573 3923 3641 3975 ibi
3670 3939 3791 3993 spa-

2199 4000 2378 4067 tiatu‘r,
2429 4018 2527 4057 nec
2573 4003 2660 4056 hie
2698 4013 3034 4074 angustatur.
3078 4006 3215 4072 Quid
3259 4021 3338 4063 est
3382 4009 3613 4066 Verbtim
3659 4015 3792 4069 Dei?

2195 4088 2315 4160 lpse
2368 4092 2548 4146 dicat:
2581 4093 2812 4149 breviter
2855 4097 2922 4149 de
2963 4112 3020 4150 se
3069 4099 3233 4164 dicit;
3266 4100 3356 4154 sed
3407 4119 3656 4172 magnum
3707 4118 3790 4162 est

2195 4184 2335 4252 quod
2374 4185 2503 4239 dicit
2531 4204 2544 4239 :
2576 4185 2688 4256 Ego
2717 4198 2762 4239 et
2796 4186 2954 4241 Pater
2983 4206 3140 4242 unum
3181 4207 3349 4245 smnus
3375 4193 3548 4264 (Joan.
3582 4213 3634 4260 χ,
3669 4200 3784 4270 50).

2194 4275 2330 4330 Nolo
2378 4293 2623 4331 numeres
2650 4319 2664 4345 ,
2707 4279 2866 4333 verba
2911 4283 3174 4350 appende.
3229 4285 3364 4348 Quid
3419 4290 3582 4356 ergo?
3627 4290 3786 4345 Plura

2194 4369 2353 4421 verba
2384 4368 2451 4423 de
2488 4384 2592 4422 uno
2619 4371 2792 4424 verbo'
2829 4387 2931 4424 non
2969 4372 3242 4428 sufliciuut
3271 4377 3608 4444 explicando.
3666 4381 3782 4435 Ver-

2193 4457 2312 4512 bum
2337 4476 2464 4530 ergo
2489 4461 2628 4530 quod
2653 4478 2759 4515 non
2784 4472 2959 4531 potest
2978 4466 3249 4533 explicari,
3273 4484 3390 4521 caro
3408 4474 3596 4539 factum
3623 4483 3713 4539 est,
3738 4485 3786 4528 et

2192 4552 2430 4606 habitavit
2474 4555 2526 4607 in
2575 4553 2716 4608 nobis
2758 4554 2867 4627 (Id.
2899 4573 2936 4622 ι,
2971 4555 3072 4629 14).
3126 4558 3372 4629 Suscepit
3417 4572 3584 4616 totum
3631 4565 3781 4634 quasi

2191 4647 2405 4717 plenum
2436 4649 2726 4715 hominem,
2770 4651 3001 4703 animam
3036 4661 3090 4705 et
3127 4667 3321 4722 corpus
3361 4656 3611 4710 hominis.
3643 4658 3710 4712 Et
3738 4662 3780 4713 si

2189 4739 2385 4808 aliquid
2413 4741 2778 4808 scrupulosius
2807 4742 2889 4795 vis
2919 4743 3134 4806 audire;
3164 4745 3284 4814 quia
3313 4747 3540 4802 animam
3573 4743 3626 4804 et
3663 4766 3781 4804 car-

2190 4848 2309 4885 nem
2339 4833 2496 4887 habet
2525 4842 2577 4887 et
2607 4848 2772 4905 pecus
2800 4852 2812 4888 :
2843 4832 2966 4890 eum
2991 4831 3112 4890 dico
3149 4839 3379 4893 animam
3411 4842 3779 4898 liumanam'et

2187 4938 2404 4978 carnem
2440 4925 2747 4993 humanam,
2777 4935 2940 4981 totam
2967 4929 3197 4982 animam
3236 4929 3518 4986 humanam
3550 4938 3773 5005 accepit.

2186 5015 2422 5071 Fuerunt
2451 5019 2592 5072 enim
2622 5020 2711 5088 qui
2740 5019 3142 5078 hinc‘hmresim
3176 5022 3514 5091 facerent,‘et
3539 5027 3790 5084 dicerent

2185 5111 2308 5180 quia
2339 5111 2514 5164 anitiia
2542 5111 2741 5166 Christi
2787 5128 2890 5166 non
2932 5111 3124 5168 habuit
3157 5113 3423 5176 mentem,
3445 5133 3548 5172 non
3593 5120 3786 5176 habuit

2185 5201 2533 5270 intellectum,
2581 5217 2688 5256 non
2729 5202 2913 5257 habuit
2950 5205 3254 5272 rationem;
3285 5207 3378 5262 sed
3412 5209 3642 5264 Verbum
3685 5213 3786 5266 Dei‘

2186 5293 2285 5347 fuit
2313 5295 2388 5348 illi
2415 5305 2512 5364 pro
2552 5305 2751 5362 mente,
2784 5297 2894 5365 pro"
2920 5297 3215 5365 intellectu,
3250 5303 3362 5369 pro
3385 5303 3610 5358 ratione.
3643 5304 3774 5358 Nolo

2182 5387 2258 5442 sic
2278 5388 2485 5442 eredas.
2516 5388 2705 5444 Totum
2747 5390 2991 5458 redemit,
3025 5392 3112 5460 qui
3143 5401 3307 5446 totum
3336 5398 3571 5451 creavit':
3606 5403 3769 5452 totum

2181 5480 2435 5548 suscepit,
2464 5488 2631 5533 totum
2670 5479 2916 5536 liberavit
2952 5483 3206 5536 Verbum.
3254 5486 3327 5538 lbi
3357 5503 3511 5542 mens
3543 5483 3780 5544 hominis

2180 5581 2231 5627 et
2268 5572 2584 5638 intellectus,
2627 5574 2696 5627 ibi
2716 5574 2902 5639 anima
2929 5575 3203 5630 viviﬁcaris
3244 5587 3507 5649 carnem;
3537 5585 3608 5639 ibi
3648 5602 3770 5640 euro

2179 5677 2302 5718 vera
2327 5673 2383 5719 et
2409 5664 2610 5736 integra
2637 5683 2651 5721 :
2681 5675 2951 5734 peccatum
2983 5669 3154 5724 solum
3181 5686 3284 5725 non
3313 5674 3382 5729 ibi
3409 5677 3447 5729 ί.

2385 5830 2437 5905 et
2447 5825 2660 5905 _l.ov.hsic
2687 5840 2716 5892 ε,
2727 5823 2987 5905 [ἰυίβᾳιηδ
3010 5840 3220 5905 εᾳζῃρηι.
3235 5840 3364 5905 garo
3384 5848 3495 5885 vera
3517 5846 3560 5888 et
3586 5838 3763 5905 integit:

2179 5889 2283 5935 erat
2297 5883 2378 5944 ibi,
2408 5895 2652 5948 peccatum
2670 5885 2819 5938 sdittm
2834 5883 2935 5938 "non
2951 5895 3054 5939 erat
3071 5889 3153 5943 ibi.
3235 5883 3288 5942 si.
