4070 6330
272 350 396 425 ins
866 382 869 385 ι

684 446 927 521 SERMO"
951 445 1310 517 ccxvam'
1333 458 1375 509 ο.

692 609 741 651 In
763 574 939 650 diebus
957 596 1277 657 Paschalibus,
1310 608 1381 644 ιχ.

270 720 332 770 De
353 711 517 768 eadem
537 706 743 762 lectione
762 701 1028 773 Evangelii
1046 700 1219 766 Luctc,
1239 715 1351 769 cap.
1379 704 1525 764 xm,
1562 697 1595 766 ᾗ
1620 734 1633 749 .
1652 694 1829 749 58-47.

334 852 379 900 ι.
430 836 655 898 Christus
703 850 847 892 verus
887 830 937 889 et
976 830 1095 887 vera
1134 826 1369 886 Ecclesid
1415 830 1476 884 ea:
1525 828 1634 882 [beo
1677 826 1830 880 Luca}

265 939 558 1013 a‘g‘a'Oscitur.
606 930 693 988 Sic
737 934 886 985 sacra
934 920 1291 998 perennisq'ue
1333 922 1643 993 evangelica
1677 906 1832 974 lectio

267 1035 406 1090 nobis
453 1028 782 1085 demenstrat
836 1024 1017 1078 verum
1057 1020 1345 1082 Christum,
1397 1006 1451 1071 ei
1492 1010 1672 1070 veram
1731 998 1834 1067 Ee-

262 1125 481 1187 clesiam,
518 1116 585 1172 ne
638 1114 689 1171 iii
736 1115 919 1184 aliquo
956 1124 1141 1168 eorum
1196 1106 1464 1173 erremus,
1512 1100 1602 1161 aut
1649 1112 1834 1160 sancto

262 1228 448 1288 sponso
488 1210 771 1278 aliam’pro
798 1200 898 1260 alia
923 1216 1303 1274 supponamus,
1333 1209 1423 1253 aut
1442 1188 1649 1253 saneta?
1676 1188 1836 1265 spon-

260 1320 327 1361 sae
349 1304 457 1360 non’
479 1300 641 1357 suum‘
665 1294 849 1352 virum
871 1296 965 1351 sed
1002 1294 1164 1348 alium
1196 1284 1567 1362 importemus.
1600 1278 1834 1357 Ergone

262 1402 307 1455 in
353 1394 525 1465 aliqUO
574 1390 759 1447 eeruht
807 1398 1066 1452 erremus,
1121 1393 1368 1455 tanquam
1417 1378 1835 1436 matrimoniales

259 1498 428 1546 eorum
460 1484 730 1553 Evangelii
759 1480 963 1537 tabulas
994 1476 1296 1534 audiamus.

321 1578 370 1636 ἓ.
411 1578 607 1635 Contra‘
657 1572 973 1629 Manicha’os
1012 1582 1058 1627 et
1102 1556 1540 1632 Pri‘s‘rillianistas,
1581 1558 1837 1617 Christum

258 1676 426 1730 habere
453 1672 620 1726 veram
647 1685 869 1723 carnem.
904 1660 974 1720 l‘le
1002 1662 1225 1719 Domino
1265 1660 1491 1717 Christo
1515 1660 1627 1713 non
1647 1655 1834 1711 deme-

257 1780 387 1835 runt,
412 1782 507 1822 nec
527 1766 740 1825 desunt,
770 1763 857 1833 qui
880 1761 956 1817 sic
985 1760 1253 1824 falluntur,
1284 1766 1343 1811 ut
1368 1754 1490 1812 eum
1514 1766 1693 1809 veram
1722 1754 1840 1806 car-

255 1878 366 1919 nem
396 1858 643 1915 habbi‘sse
676 1860 779 1911 noh
808 1850 1107 1910 crederent.
1140 1850 1370 1905 A'udiant
1389 1846 1529 1918 quod
1562 1844 1718 1899 modo
1744 1858 1840 1897 au-

254 1955 497 2011 divimus;
536 1948 591 2004 Ιιι
641 1948 778 2004 coite
819 1948 918 2011 est,
970 1944 1071 2000 s‘ed‘
1106 1944 1190 1997 hic
1232 1940 1424 1996 senat:
1455 1938 1523 1993 ad
1563 1935 1839 1991 dexteram

254 2047 415 2104 Patris
444 2038 616 2108 sedet,
651 2041 754 2097 sed’
788 2041 925 2095 inter
966 2040 1065 2092 nos
1091 2035 1344 2105 loquitur.
1373 2032 1491 2100 Ipse
1521 2028 1579 2085 se
1620 2028 1834 2092 ihdiCet,

252 2141 357 2211 ipse
382 2153 438 2193 se
463 2134 791 2191 manifestet.
821 2129 967 2198 Quid
990 2140 1121 2199 opus
1146 2134 1227 2182 est
1257 2133 1315 2180 ut
1352 2124 1511 2179 alium
1546 2114 1613 2175 di:
1641 2120 1729 2174 illo
1762 2120 1840 2173 te;

249 2209 375 2288 stem
404 2227 747 2301 quan-anius?
793 2224 979 2294 Ipsum‘
1019 2221 1190 2291 potius
1234 2216 1535 2272 audiamus.
1585 2209 1843 2281 Apparuit

250 2298 509 2394 diseipulis
540 2320 682 2381 sols.
707 2316 967 2373 etsubito
1005 2312 1149 2368 stetit
1181 2313 1230 2365 in
1260 2307 1436 2363 medio
1463 2304 1670 2361 eorum.
1704 2298 1847 2357 Cum‘

250 2390 503 2487 legeretur
522 2410 774 2467 audistis.
805 2408 887 2462 Illi
922 2416 1099 2461 autem
1142 2400 1331 2457 turbati
1372 2390 1534 2452 sunt:
1567 2396 1843 2450 esistima-

250 2511 371 2566 bant
397 2508 538 2565 enim
591 2508 650 2562 s‘e
679 2504 923 2574 spiritum
967 2498 1169 2553 videre.
1205 2496 1317 2550 Hoc
1345 2498 1427 2546 est
1455 2489 1594 2559 quod
1634 2486 1840 2557 putant,

251 2603 335 2673 qui
373 2614 491 2656 eum
522 2613 723 2655 veram
742 2598 957 2650 carnem
1008 2589 1203 2643 habere
1252 2600 1355 2639 non
1389 2581 1613 2636 credunt
1640 2598 1651 2633 :
1682 2575 1844 2640 illuni-

251 2672 378 2748 chte'i
419 2694 571 2757 sum,
611 2680 1027 2743 Priscillianisl'a:
1069 2687 1211 2745 sunt,
1247 2685 1301 2731 et
1345 2672 1462 2728 alite
1498 2680 1845 2739 quaecumque

256 2803 349 2843 nec
389 2781 733 2841 norninanda!
768 2787 967 2849 pestes;
1016 2774 1131 2828 Non
1174 2771 1317 2825 enim
1350 2773 1537 2838 putant
1578 2762 1844 2817 Christum

255 2881 379 2937 nihil
402 2894 545 2946 esse,
581 2868 683 2930 hoc
708 2888 814 2927 non
844 2860 1066 2940 putant;
1099 2861 1471 2932 sed's‘piritum‘
1493 2864 1675 2928 putant
1702 2868 1843 2917 esse,

255 2978 462 3029 carnem
499 2972 607 3025 non
640 2964 905 3020 habuisse.
939 2958 1076 3025 Quid
1121 2968 1196 3022 tu,
1238 2951 1549 3009 Catholica?
1590 2947 1717 3017 quid
1768 2954 1844 3010 tu,

259 3078 467 3134 sponsa,
508 3072 615 3115 non
645 3054 920 3111 adultera?
952 3052 1087 3119 Ergo
1118 3045 1241 3116 quid
1275 3052 1350 3109 tu,
1381 3042 1479 3095 nisi
1509 3037 1649 3109 quod
1688 3037 1754 3089 ab
1784 3049 1849 3088 eo

258 3131 482 3209 didicisti
505 3154 527 3206 Ἰ
575 3151 688 3205 Non
733 3146 874 3202 enim
920 3143 1093 3196 alium'
1130 3138 1405 3191 meliorem
1447 3132 1513 3186 de
1560 3131 1650 3183 illo
1690 3142 1847 3197 quam

258 3248 439 3317 ipsum
473 3253 661 3300 testem
715 3238 953 3293 invenire
1000 3230 1249 3303 potuisti;
1289 3228 1439 3295 Ergo'
1471 3222 1595 3292 quid
1644 3220 1737 3274 tu?
1785 3218 1851 3271 Et

258 3340 487 3394 Verbum
518 3346 571 3392 et
592 3335 835 3404 spiritum
867 3326 1095 3381 hominis
1123 3332 1174 3377 et
1201 3334 1413 3376 carnem
1442 3315 1673 3370 hominis
1697 3312 1853 3366 Chri-

259 3438 398 3486 stum
429 3434 548 3486 esse
576 3425 828 3482 didicisti.
857 3420 995 3489 Quid
1025 3416 1252 3471 didicisti
1274 3414 1340 3466 de
1374 3410 1549 3465 Verbo
1567 3408 1590 3461 ?
1619 3407 1685 3459 In
1709 3406 1851 3475 prin—

258 3526 388 3596 cipio
438 3528 543 3577 erat
598 3518 835 3577 Verbum,
882 3521 927 3567 et
977 3509 1191 3563 Verbum
1237 3508 1347 3558 erat
1395 3501 1532 3571 apud
1583 3500 1763 3562 Deum,
1806 3506 1855 3550 et

259 3588 397 3670 Dens
438 3620 541 3667 erat
581 3607 843 3664 Verbum:
871 3604 963 3656 hoc
1012 3609 1119 3654 erat
1147 3599 1198 3651 in
1229 3594 1485 3664 principio
1510 3591 1647 3661 apud
1689 3588 1854 3640 Deum

260 3709 438 3777 (Joan.
473 3723 507 3771 ι,
540 3707 590 3769 l',
618 3694 873 3775 ‘2):Qnid'
897 3693 1137 3749 didicisti
1162 3692 1229 3745 de
1267 3688 1453 3759 spiritu
1485 3682 1747 3738 hominis?
1788 3679 1854 3733 Et

259 3773 504 3856 inclinato
526 3773 688 3868 capite
715 3790 920 3846 tradidit
944 3788 1173 3858 spiritum
1198 3783 1310 3853 (Id.
1344 3794 1461 3846 XIX,
1487 3776 1596 3847 50).
1620 3773 1856 3841 Quid'di-

263 3892 529 3948 dicisti'de
559 3885 755 3943 carne?
782 3882 937 3937 Modo
958 3878 1098 3933 audi.
1133 3877 1348 3945 Ignosce
1380 3869 1597 3939 illisqui
1626 3869 1724 3920 hoc
1757 3882 1851 3935 pu-

264 3997 394 4053 tant,
436 3982 576 4054 quod
617 3979 764 4050 prius
810 3980 1053 4030 errantes
1088 3966 1343 4035 discipuli'
1372 3968 1704 4033 putaverunt.
1748 3957 1855 4013 Sed

264 4079 333 4133 illi
364 4080 633 4132 in‘errore
660 4066 764 4125 non
802 4066 1298 4138 perseveravemnt.
1333 4057 1473 4110 Natii‘
1496 4056 1595 4108 hoc
1634 4060 1855 4121 putave-

263 4179 383 4225 runt
411 4165 678 4236 discipuli,
708 4161 847 4232 quod
877 4158 1034 4213 hodie
1061 4160 1245 4226 putant
1268 4148 1565 4211 Maniclnei,
1596 4145 1735 4215 quod
1760 4145 1856 4198 ho-

265 4263 348 4316 die
374 4267 566 4332 putant
592 4252 1027 4315 Priscillianisttc,
1076 4253 1180 4300 non
1218 4244 1382 4298 fuisse
1412 4240 1589 4294 veram
1636 4251 1851 4290 carnem

266 4354 316 4407 in
358 4352 586 4408 Domino
624 4347 855 4410 Christo,‘
908 4340 1001 4395 sed
1042 4332 1409 4392 tantummodo
1454 4330 1717 4399 spiritum.
1764 4324 1855 4379 Vi-

267 4448 487 4503 deamus
521 4444 567 4499 si
592 4440 793 4497 dimisit
822 4448 917 4494 eos
945 4434 1146 4490 errare;
1178 4429 1365 4484 Videte
1391 4434 1547 4495 quam
1582 4422 1749 4476 malus
1788 4420 1857 4473 sit

269 4554 438 4604 error,
473 4550 631 4605 quem
673 4530 910 4585 medicus
942 4524 1225 4581 festinabat
1272 4530 1479 4581 sanare,
1518 4512 1697 4567 noluit
1722 4526 1854 4565 con-

272 4632 503 4683 ﬁrmare.
534 4627 859 4681 Putaverunt
900 4634 1026 4687 ergo
1069 4631 1127 4669 se
1158 4613 1402 4683 spiritum
1444 4608 1626 4661 videre
1653 4623 1664 4657 :
1687 4614 1740 4659 et
1769 4604 1856 4658 ille

268 4724 353 4793 qui
393 4720 599 4777 sciebat
635 4718 799 4771 malas
840 4717 967 4767 istas
1014 4709 1361 4776 cogitationes
1406 4718 1544 4765 esse,
1576 4701 1641 4755 de
1670 4700 1854 4753 eorum

267 4816 515 4870 cordibus
542 4810 839 4871 eradicans,
866 4802 999 4868 Quid
1031 4800 1214 4854 turbati
1241 4800 1375 4862 estis,
1407 4795 1575 4849 dixit?
1602 4794 1723 4863 quid
1750 4802 1859 4845 tur-

270 4908 371 4962 bati
397 4908 535 4971 estis,
565 4912 611 4956 et
639 4899 966 4971 cogitationes
990 4891 1264 4947 ascendant
1292 4890 1344 4941 in
1369 4903 1456 4940 cor
1476 4884 1734 4939 vestrum?
1764 4883 1856 4935 Vi-

271 5001 380 5055 dete
406 5010 589 5054 manus
614 5010 750 5049 meas
774 5000 817 5046 et
844 4990 991 5061 pedes
1027 5000 1197 5039 meos:
1228 4980 1431 5049 tangite,
1475 4988 1519 5031 et
1555 4976 1713 5030 videte
1740 4975 1859 5044 quia

272 5094 476 5163 spiritus
504 5102 705 5143 carnem
731 5094 776 5137 et
813 5098 928 5137 ossa
961 5095 1059 5132 non
1091 5074 1257 5140 habet,
1297 5072 1428 5126 sicut
1458 5084 1535 5122 me
1564 5067 1739 5121 videtis
1766 5066 1860 5118 ha-

274 5160 401 5240 bere.
426 5184 785 5239 Tene‘conlra
826 5187 1013 5228 omnes
1056 5166 1292 5222 omnidm
1324 5164 1540 5217 insanas
1577 5158 1858 5228 cogitatio-

273 5290 388 5344 nes,
431 5286 554 5330 tene
594 5269 737 5342 quod
780 5262 1068 5333 accepisti:
1096 5256 1328 5326 alioquin
1374 5252 1577 5323 peristi.
1617 5248 1859 5304 Christus

274 5385 459 5426 verum
489 5340 741 5427 Verbum,
767 5355 1115 5428 unigenitum,
1145 5347 1362 5419 aequalis
1392 5344 1555 5409 Patri,
1585 5357 1741 5397 verus
1764 5340 1861 5393 hu—

339 5499 531 5550 ‘Prodit
577 5494 705 5545 nunc
751 5484 1055 5554 [trimum‘ex'
1075 5483 1234 5554 veteri
1259 5476 1619 5554 VindOCinensis
1656 5472 1862 5554 abitalia;

752 5536 870 5603 'i'é'r'é
882 5536 899 5537 ﬂ
919 5551 1025 5600 800.
1067 5544 1321 5615 Exordium
1364 5544 1409 5589 in
1463 5549 1541 5587 Ms.
1592 5536 1865 5615 ex‘cmplari

976 5622 1085 5675 qum
1130 5605 1253 5656 tituli
1298 5605 1402 5652 loco
1441 5615 1551 5684 esse
1591 5600 1866 5684 dchllerant

275 5660 952 5741 itanune‘liabct
970 5660 1031 5741 115‘
1054 5681 1121 5741 0.0
1145 5680 1264 5741 "ei?
1284 5676 1477 5741 Sypnso.’
1500 5664 1545 5711 id
1563 5669 1638 5741 (ἶδῐ
1659 5660 1858 5717 Cbrism'

286 5727 803 5807 l'éiiéﬁ'épbﬁgaga
828 5746 903 5807 est
926 5735 1131 5807 ecclesia
1156 5727 1401 5786 catholica,
1430 5727 1501 5775 sic
1522 5736 1656 5797 sacra
1688 5735 1865 5785 peren-

286 5789 309 5859 ξ
332 5789 521 5874 nisque-
532 5789 812 5874 euangelica
837 5800 997 5867 lectio,
1016 5814 1037 5843 ι)
1061 5804 1162 5874 etc.
1188 5802 1322 5843 Hunc
1344 5798 1398 5841 et
1427 5789 1731 5852 superiorem
1755 5798 1862 5834 ser-

496 5858 786 5923 obnfervmm
804 5864 1034 5915 sermbne
1055 5858 1163 5911 116.

1668 5949 1676 5956 ρ
1717 5940 1833 5964 tog.

1564 318 1792 395 statim
1829 306 2202 392 CCsXva.

3097 397 3107 407 _
3388 296 3526 380 ine

1941 442 2131 533 manus
2157 442 2389 523 spiritus,
2418 442 2541 509 vera
2570 442 2703 509 caro‘
2736 438 2853 507 Sine
2890 430 3131 523 peccatu.
3161 432 3286 502 nec
3314 428 3522 499 m'nrtua

1941 534 2041 613 esti,
2066 542 2518 629 hreclresurreiit,
2543 538 2655 601 haec
2682 542 2933 618 pependit
2961 542 3021 621 in
3040 532 3198 614 ligno,
3226 532 3338 597 hinc
3358 542 3527 607 iacuit

1945 640 1995 693 in
2038 640 2309 709 sepulcro,
2344 641 2457 695 haec
2500 641 2647 696 sedet
2695 641 2747 694 in
2796 636 2954 696 coelo.
2999 620 3221 713 Volebat
3270 624 3525 692 Dominus

1942 724 2184 788 ChriStus
2210 720 2530 802 persuadere
2559 718 2830 802 discipulis
2862 732 2982 803 quia
3024 712 3157 786 illud;
3194 722 3339 802 quod
3377 730 3527 783 vide-

1943 827 2087 887 bant,
2122 830 2240 912 ossa
2268 826 2321 882 et
2348 843 2473 881 caro
2500 812 2655 882 erant
2680 846 2692 880 :
2726 822 2818 882 Sed
2846 822 2899 881 tu
2922 814 3261 881 contradicis.
3290 806 3383 878 Ille
3401 839 3527 903 ergo

1944 906 2220 1001 mentitur,
2253 930 2305 973 et
2350 912 2413 973 tu
2442 912 2624 1001 verum
2655 918 2825 973 dicis?
2855 912 2908 973 tu
2938 904 3189 983 aedificas,
3232 912 3285 971 et
3314 900 3411 970 ille
3431 900 3527 969 de-

1943 1009 2108 1078 cipit?
2148 1002 2322 1075 Qttare
2364 1000 2493 1064 mihi
2538 994 2639 1065 hoc
2676 996 2843 1064 vel‘uit
2888 1000 3213 1080 persuadere
3261 992 3525 1072 Christus,

1942 1104 2045 1157 nisi
2074 1104 2195 1174 quia
2235 1099 2439 1158 seiebat
2463 1090 2595 1174 (inid
2626 1086 2754 1157 mihi
2800 1086 3021 1173 prodest
3043 1080 3282 1167 credere,
3322 1082 3377 1155 et'
3404 1098 3530 1169 quid

1943 1198 2072 1252 mihi
2118 1182 2280 1253 nocet‘
2318 1186 2424 1253 non
2462 1174 2829 1253 crediere?{Sic
2876 1196 3001 1267 ergo
3030 1190 3253 1251 credite.
3284 1184 3411 1265 Ipse"
3448 1201 3529 1248 est

1944 1305 2192 1361 sponsus.
2372 1354 2377 1363 ι
2706 1352 2716 1363 _

2014 1382 2066 1436 5.
2109 1354 2637 1447 Οοηινάοᾎιιίιιῗιςιὰς,
2684 1366 2973 1434 ΕεσΙεείαηί
3003 1396 3107 1433 esse
3153 1368 3253 1433 toto
3290 1360 3406 1432 orbe
3430 1378 3532 1448 dif-

1945 1478 2132 1545 fusam.
2164 1460 2463 1529 Audiamus
2488 1462 2543 1529 ei
2567 1456 2632 1529 de
2664 1489 2858 1543 Sponsa
2885 1493 2898 1527 :
2926 1464 3047 1542 quia
3088 1468 3265 1545 nescio
3292 1464 3378 1539 qui
3409 1485 3531 1523 rur-

1944 1581 2035 1619 sus
2066 1562 2301 1620 l'aventes
2331 1552 2606 1631 adulteris,
2638 1565 2823 1618 volunt
2862 1579 3039 1617 veram
3074 1540 3402 1625 subvertere,
3432 1559 3533 1613 fal-

1945 1672 2163 1727 samque
2185 1674 2504 1727 supponere.
2536 1652 2825 1711 Audiamus
2848 1666 2897 1711 et
2920 1648 3223 1725 desponsa.
3251 1652 3380 1709 Cum
3403 1668 3532 1723 ergo

1947 1748 2245 1819 tetigissent
2271 1751 2454 1820 pedes,
2502 1752 2713 1814 manus,
2754 1748 2993 1816 carnem,
3026 1764 3181 1813 ossa;
3215 1744 3407 1816 adjecit
3434 1748 3537 1801 Do-

1948 1840 2142 1899 minus.
2175 1836 2227 1896 et
2264 1842 2356 1907 ait,
2391 1834 2598 1896 Habetis
2639 1842 2719 1895 hic
2756 1836 2949 1912 aliquid
2974 1841 3112 1911 quod
3161 1834 3537 1893 manducare‘?

1950 1944 2005 1988 ut
2033 1936 2194 1989 etiam
2231 1937 2626 1990 communicato
2671 1928 2799 1989 cibo
2822 1926 3136 2005 probaretur
3166 1950 3324 2007 verus
3355 1918 3532 1987 homo.

1948 2022 2186 2097 Accepit,
2221 2028 2576 2095 manducavit,
2613 2028 2792 2094 dedit;
2837 2036 2890 2082 et
2919 2043 3037 2082 cum
3082 2018 3255 2081 adhuc
3302 2024 3537 2094 trepida-

1949 2118 2070 2174 rent
2098 2136 2204 2189 prae
2231 2120 2444 2189 gaudio,
2475 2110 2549 2173 ait
2572 2120 2720 2174 illis»:
2757 2104 2876 2173 Non
2904 2135 2965 2171 ne
2993 2112 3098 2172 [nec
3127 2118 3349 2171 dicebam
3379 2116 3530 2182 vobis,

1950 2228 2063 2265 cum
2083 2212 2249 2264 adhuc
2272 2230 2423 2266 essem
2446 2208 2698 2266 vobiscum
2712 2204 2931 2279 ?Qnare
2963 2206 3249 2265 modo'non
3281 2225 3402 2263 cum
3432 2208 3535 2262 illis

1951 2304 2102 2358 erat?
2153 2300 2290 2369 Quid
2340 2308 2441 2369 est,
2491 2320 2606 2355 eum
2657 2288 2823 2355 adhuc
2869 2319 3027 2356 essem
3073 2298 3367 2355 vobiscum?
3404 2298 3538 2354 Cum

1950 2402 2125 2457 adhuc
2157 2390 2392 2457 mortalis
2436 2418 2632 2468 essem,
2661 2402 2800 2473 quod
2832 2411 2885 2479 et
2910 2418 3007 2456 vos
3040 2403 3191 2457 estis.
3234 2399 3371 2469 Quid
3410 2414 3540 2468 ergo

1952 2493 2195 2549 dicebam
2222 2493 2412 2547 vobis?
2459 2513 2476 2544 ‹
2505 2494 2636 2559 Quia
2668 2493 2949 2562 oportebat
2979 2493 3192 2563 impleri
3219 2486 3396 2546 omnia
3422 2507 3540 2561 qua:

1954 2592 2149 2671 scripta
2181 2600 2304 2645 sunt
2351 2591 2401 2643 in
2434 2590 2593 2659 Lege,
2635 2598 2691 2669 et
2716 2590 2769 2643 in
2799 2588 3099 2658 Prophetis,
3133 2596 3187 2643 et
3217 2578 3269 2642 in
3316 2585 3541 2641 Psalmis

1952 2668 2021 2738 de
2062 2700 2166 2737 me.
2214 2684 2363 2736 ’l‘unc
2402 2683 2606 2751 aperuit
2649 2666 2749 2735 illis
2799 2696 3035 2744 sensum,
3083 2689 3141 2734 ut
3186 2679 3543 2749 intelligerent;

1955 2776 2292 2845 Scripturas;
2326 2783 2376 2829 et
2404 2774 2535 2828 dixit
2562 2774 2659 2840 eis,
2693 2774 2815 2842 quia
2849 2773 2925 2826 sic
2964 2772 3247 2841 oportebat
3272 2769 3540 2824 Christum

1955 2870 2083 2939 pati,
2117 2878 2171 2924 et
2197 2877 2475 2938 resurgere
2520 2883 2551 2920 a
2590 2867 2815 2921 mortuis
2846 2867 2931 2920 die
2967 2866 3146 2920 tertia.
3179 2884 3197 2916 ι
3233 2864 3423 2918 Tollite
3453 2878 3535 2918 ve.

1955 2978 2069 3017 ram
2095 2977 2330 3025 carnem,
2362 2977 2465 3013 non
2512 2959 2613 3013 erit
2639 2974 2762 3037 vera
2793 2958 2991 3027 passio,
3029 2972 3133 3009 non
3177 2955 3278 3009 erit
3302 2969 3427 3009 vera
3455 2970 3543 3009 re-

1956 3053 2236 3108 surrectio.
2284 3052 2424 3105 Ecce
2461 3050 2623 3105 habes
2659 3064 2913 3118 sponsum
2944 3065 2956 3100 :
2984 3046 3255 3115 Oportebat
3283 3043 3546 3099 Christum

1958 3146 2082 3216 pati,
2123 3155 2168 3198 et
2209 3158 2471 3213 resurgere
2502 3134 2541 3194 ἀ
2586 3140 2793 3193 mortuis
2836 3139 2981 3192 tertia
3009 3138 3106 3190 die.
3165 3134 3309 3189 Tene
3345 3142 3543 3204 caput:

1957 3238 2083 3293 audi
2128 3236 2195 3291 de
2235 3250 2479 3305 corpore.
2513 3222 2647 3301 Quid
2684 3231 2825 3286 enim
2876 3229 3035 3283 modo
3065 3227 3323 3282 debemus
3364 3233 3547 3280 osten-

1957 3330 2127 3385 dere?
2158 3329 2257 3395 Qui
2288 3327 2584 3381 andivimns
2611 3338 2888 3393 sponsum,
2915 3336 3263 3391 agnoscamus
3306 3328 3359 3373 et
3388 3333 3547 3388 spon-

1958 3438 2091 3475 sam.
2131 3421 2197 3473 Et
2239 3418 2505 3490 prwdicari
2535 3417 2588 3469 in
2620 3417 2818 3469 nomine
2855 3415 2962 3483 ejus
2992 3412 3335 3483 paenitentiam
3376 3420 3420 3463 et
3458 3426 3543 3464 re—

1960 3514 2246 3566 missionem
2299 3519 2635 3581 peccatornm.
2690 3506 2828 3561 Ubi?
2872 3504 3045 3558 unde?
3098 3502 3405 3573 quousque?
3448 3500 3579 3554 Per.

1960 3621 2129 3657 onmes
2168 3612 2356 3673 gentes,
2387 3600 2738 3677 incipientibus
2779 3598 2840 3650 ab
2870 3595 3176 3671 Jerusalem.
3212 3595 3348 3648 Ecce
3388 3593 3550 3647 habes

1960 3710 2232 3765 Sponsam.
2259 3694 2425 3769 Nemo
2455 3692 2545 3745 tibi
2582 3690 2784 3743 fabulas
2812 3688 3025 3751 vendat,
3060 3702 3161 3739 non
3194 3687 3346 3737 latret
3377 3684 3551 3738 rabies

1963 3785 2340 3865 haereticorum
2368 3784 2435 3837 de
2466 3781 2675 3851 angulo.
2708 3778 2844 3834 Toto
2873 3787 3135 3833 terrarum
3161 3775 3289 3830 orbe
3315 3774 3552 3829 Ecclesia

1961 3864 2148 3932 diliusa
2181 3885 2263 3931 est
2295 3894 2307 3929 :
2338 3890 2523 3929 omnes
2559 3882 2746 3943 gentes
2775 3870 2973 3923 habent
2998 3867 3289 3943 Ecclesiam
3312 3868 3353 3941 ἠ.
3385 3864 3553 3919 Nemo

1962 3986 2057 4025 vos
2087 3970 2233 4023 fallat
2261 3986 2273 4022 :
2306 3969 2417 4038 ipsa
2443 3977 2522 4021 est
2546 3938 2692 4029 vera,
2719 3964 2828 4032 ipsa
2850 3970 2933 4017 est
2962 3938 3255 4015 Catholica.
3281 3938 3551 4031 Christum

1963 4078 2068 4116 non
2099 4060 2345 4124 vidimus,
2378 4058 2511 4111 hanc
2538 4055 2778 4110 videmus
2805 4071 2816 4106 :
2847 4052 2913 4107 de
2952 4052 3040 4105 illo
3067 4042 3551 4121 credantusaApoé

1963 4156 2082 4211 stoli
2116 4172 2146 4209 e
2196 4162 2397 4229 contra.
2444 4151 2587 4205 illum
2646 4146 2924 4207 videbant,
2972 4143 3038 4197 de
3093 4143 3191 4196 ista
3243 4139 3549 4194 credebant.

1964 4247 2138 4304 Unam
2174 4261 2288 4300 rem
2331 4230 2405 4298 illi
2436 4241 2705 4303 videbant,
2750 4238 2905 4291 aliam
2944 4234 3274 4289 credebant:
3303 4241 3356 4285 et
3398 4246 3495 4285 nos
3523 4246 3553 4284 e

1964 4350 2152 4397 contra
2192 4353 2352 4392 unam
2395 4350 2503 4389 rem
2548 4332 2810 4396 videmus,
2856 4328 3014 4381 aliam
3056 4304 3356 4379 credamus.
3399 4321 3554 4375 Vide-

1962 4433 2091 4487 bant
2123 4430 2194 4483 illi
2235 4426 2529 4491 Christum,
2568 4421 2855 4477 credebant
2897 4398 3209 4481 Ecclesiam,
3244 4429 3401 4491 quam
3446 4428 3549 4465 non

1966 4519 2523 4577 videbantzvidcmus
2581 4526 2633 4569 et
2676 4527 2774 4566 nos
2818 4510 3134 4573 Ecclesium,
3176 4484 3455 4560 credamus
3500 4503 3553 4556 in

1963 4604 2257 4677 Christum,
2286 4628 2443 4682 quem
2483 4625 2586 4663 non
2616 4605 2894 4667 videmus;
2935 4611 2989 4656 et
3035 4608 3275 4653 tenentes
3309 4594 3448 4666 quod
3476 4594 3550 4648 vi-

1965 4711 2172 4771 demus,
2206 4704 2577 4776 perveniemus
2599 4698 2663 4753 ad
2692 4712 2812 4752 cum
2837 4710 2993 4765 quem
3024 4690 3259 4745 nondum
3288 4687 3548 4741 videmus.

1965 4806 2358 4874 Cognoscentes
2397 4798 2574 4865 itaque
2604 4808 2856 4863 sponsum
2889 4797 2941 4842 et
2969 4800 3241 4856 sponsam,
3277 4782 3326 4835 in
3362 4768 3577 4839 tabulis,

1965 4911 2151 4952 eorum
2177 4908 2268 4947 eos
2297 4900 2668 4960 agnoscamus,
2702 4900 2768 4939 ne
2811 4882 2865 4937 in
2895 4890 3000 4935 tam
3027 4876 3224 4932 sanctis
3256 4872 3450 4944 nuptiis
3486 4869 3550 4925 li-

1964 4989 2210 5059 tigemus.

2389 5070 2620 5128 saeuo
2650 5064 2957 5123 ccxxxnx
2987 5069 3003 5087 ·
3039 5062 3133 5135 (a).

2422 5196 2471 5237 ιιι
2493 5187 2667 5237 diebus
2690 5180 3006 5241 Pasclialibus,
3033 5192 3082 5228 ιι.

1969 5278 2048 5333 De
2078 5274 2460 5333 Resurrectione
2489 5269 2674 5325 Christi
2704 5265 2977 5319 secundum
3006 5264 3239 5317 Marcum
3269 5270 3312 5313 et
3340 5259 3549 5312 Lucam.

2040 5389 2267 5447 CAPUT
2304 5382 2584 5442 PRIMUM.
2609 5410 2679 5421 -——
2706 5380 2757 5434 1.
2789 5377 3106 5432 Restirrec'tio
3134 5374 3406 5428 secundum
3430 5384 3555 5441 qua-

2038 5533 2051 5562 ί
2079 5528 2148 5577 sic
2172 5524 2461 5590 plerumque
2480 5528 2680 5590 veteres
2704 5512 3008 5590 manuscripti
3028 5508 3075 5563 in
3093 5526 3153 5562 eo
3170 5510 3303 5562 Lucae
3320 5509 3449 5569 loco;
3471 5498 3569 5557 ubi

1974 5593 2088 5644 editi
2112 5578 2295 5639 habere
2316 5578 2491 5641 solent,
2511 5578 2839 5644 mandaretur.

2037 5641 2219 5701 ᾖῬυνιε
2255 5646 2393 5697 habet
2420 5641 2667 5705 Ecclesia,
3104 5696 3107 5703 ,
3184 5692 3208 5705 ,_
3266 5690 3273 5701 ,
3414 5686 3441 5705 η

2038 5720 2053 5733 ⁸
2081 5692 2333 5764 isititate;
2352 5692 2563 5764 adsue,
2591 5700 2688 5751 λιιι.
2708 5707 2779 5751 lir.
2802 5706 2903 5753 rar.
2929 5709 3058 5763 ιον..
3082 5696 3132 5750 et
3153 5692 3209 5747 ait
3234 5692 3552 5761 appendin

1976 5769 2461 5841 operumt‘ulgentii.

2042 5839 2114 5905 (a)
2139 5838 2277 5897 Alias,
2292 5828 2357 5885 de
2378 5841 2615 5895 Tempore
2646 5828 2751 5880 146.
