4056 6450
511 353 649 412 HT!

511 480 625 524 tuor
647 466 998 541 Evangelistas
1020 463 1222 521 recitari
1245 463 1415 520 solita.
1439 460 1711 519 Hodierno
1734 461 1823 518 die
1843 461 1955 532 jam
1979 475 2105 518 ecce

513 561 671 617 tertio
699 559 997 615 audivimus
1031 573 1096 614 ex
1123 556 1411 627 Evangelio
1437 555 1650 611 Domini
1676 555 1845 610 nostri
1866 568 2108 610 resurre-

511 655 742 709 ctionem
771 670 786 707 :
815 650 1264 722 quemadmodum
1291 665 1378 705 me
1402 649 1554 705 vobis
1580 649 1811 704 locutum
1839 661 1960 702 esse
1989 660 2105 700 me-

510 747 741 802 ministis
766 765 780 801 :
802 746 1057 816 quoniam
1083 744 1189 800 hoc
1215 743 1380 799 moris
1404 751 1504 808 est,
1527 751 1586 797 ut
1607 739 1898 798 secundum
1921 749 2109 793 omnes

511 840 883 912 Evangelistas
898 840 1222 896 resurrectio
1240 836 1449 892 Domini
1470 835 1742 892 recitetur.
1764 831 1924 889 Marci
1941 829 2108 884 Evan-

509 917 713 1006 gelium
737 941 854 1000 est,
883 931 1025 1002 quod
1068 929 1229 986 modo
1249 971 1263 995 ,
1304 943 1425 983 cum
1458 927 1753 998 legeretur,
1787 921 2105 977 audivimus.

513 1023 722 1080 Marcus
761 1033 939 1080 autem
977 1023 1172 1078 meruit
1200 1022 1356 1076 istam
1383 1017 1836 1089 dispensationem
1857 1056 1873 1082 ,
1902 1026 2027 1068 cum
2056 1011 2110 1066 in

511 1134 737 1175 numero
760 1119 972 1174 illorum
994 1115 1279 1172 duodecim
1299 1129 1407 1170 non
1427 1112 1638 1178 fuisset,
1659 1105 2110 1181 quemadmodum

512 1219 567 1268 et
599 1211 792 1267 Lucas.
823 1211 957 1266 Nam
1003 1225 1124 1266 cum
1167 1208 1274 1264 sint
1301 1216 1529 1278 quatuor
1552 1200 1944 1273 Evangelistae,
1977 1196 2109 1253 Mat-

513 1303 683 1359 tltanus
703 1347 718 1371 ,
747 1303 1012 1370 Joannes,
1041 1302 1250 1357 Marcus
1269 1343 1284 1368 ,
1311 1308 1366 1356 et
1390 1298 1596 1365 Lucas;
1629 1295 1737 1352 duo
1765 1300 1891 1349 sunt
1916 1306 1984 1346 ex
2009 1287 2112 1344 illis

504 1394 794 1462 duodecim
816 1393 1108 1465 Apostolis,
1137 1392 1191 1447 id
1216 1400 1317 1454 est,
1341 1389 1623 1446 Matthzeus
1649 1396 1705 1444 et
1724 1387 1978 1443 Joannes.
2006 1379 2114 1436 Sed

513 1486 724 1541 illorum
749 1485 1034 1556 praecessio
1055 1483 1335 1540 infecunda
1363 1497 1470 1538 non
1495 1481 1615 1549 fuit,
1638 1488 1698 1536 ut
1722 1482 2114 1547 consequentes

513 1579 739 1635 comites
765 1594 872 1634 non
900 1578 1182 1633 baberent.
1213 1576 1424 1631 Marcus
1453 1584 1508 1632 et
1536 1575 1706 1629 Lucas
1731 1569 2112 1642 Apostolorum

513 1686 621 1726 non
648 1686 804 1741 pares
823 1711 838 1736 ,
870 1669 965 1725 sed
995 1684 1255 1741 suppares
1281 1666 1516 1722 fuerunt.
1546 1665 1668 1720 Ideo
1695 1676 1926 1732 namque
1949 1658 2116 1716 voluit

516 1761 746 1832 Spiritus
771 1771 988 1816 sanctus
1018 1762 1179 1816 etiam
1204 1775 1270 1816 ex
1299 1759 1382 1814 his
1407 1757 1498 1829 qui
1527 1756 1667 1811 inter
1692 1754 1975 1810 duodecim
2007 1766 2116 1807 non

515 1852 752 1926 fperunt,
785 1853 984 1924 eligere
1013 1853 1080 1908 ad
1108 1851 1454 1922 Evangelium
1488 1847 1930 1904 conscribendum
1953 1844 2110 1911 duos,

517 1961 584 1998 ne
618 1952 894 2014 putaretur
921 1944 1092 2013 gratia
1120 1939 1518 2011 evangelizandi
1547 1953 1712 2008 usque
1736 1936 1801 1991 ad
1829 1933 2117 2004 Apostolos

517 2039 825 2109 pervenisse
845 2078 859 2103 ,
892 2046 948 2092 et
983 2037 1036 2090 in
1078 2036 1182 2090 illis
1222 2035 1418 2089 fontem
1457 2033 1643 2104 gratia:
1670 2030 1950 2086 defecisse.
1981 2025 2116 2082 Cum

518 2130 662 2185 enim
694 2129 837 2184 dicat
864 2128 1122 2183 Dominus
1159 2125 1227 2181 de
1265 2125 1454 2196 spiritu
1494 2139 1594 2179 suo
1623 2131 1677 2177 et
1704 2121 1772 2177 de
1803 2120 1967 2175 verbo
1995 2133 2115 2186 suo,

517 2219 661 2290 quod
702 2220 748 2273 si
787 2219 906 2289 quis
936 2217 1234 2288 perceperit
1261 2215 1526 2285 digneque
1552 2211 1832 2276 habuerit,
1865 2210 1951 2278 ﬁet
1977 2209 2029 2262 in
2061 2223 2118 2261 eo

517 2316 632 2384 fons
669 2327 815 2383 aqua:
852 2311 1085 2366 salientis
1120 2310 1172 2364 in
1199 2310 1353 2364 vitam
1380 2317 1619 2362 wternam
1667 2303 1847 2378 (Joan.
1875 2318 1953 2370 tv,
1986 2299 2073 2373 14)
2102 2318 2115 2354 :

519 2403 642 2460 fons
671 2404 855 2474 utique
883 2403 1147 2458 manando
1169 2417 1228 2456 se
1251 2401 1469 2467 indicat,
1499 2414 1603 2454 non
1627 2396 1953 2454 remanendo
1983 2413 1995 2448 :
2024 2409 2121 2464 per

519 2496 807 2566 Apostolos
834 2496 1079 2566 pervenit
1099 2495 1269 2566 gratia
1296 2492 1362 2547 ad
1385 2493 1539 2557 alios,
1569 2499 1622 2545 et
1643 2489 1789 2544 missi
1813 2497 1937 2544 sunt
1960 2501 2121 2542 evan-

517 2586 770 2658 gelizare.
802 2587 1066 2655 Quoniam
1097 2585 1188 2656 qui
1231 2585 1443 2640 vocavit
1485 2583 1716 2652 primos,
1750 2581 1864 2650 ipse
1908 2578 2123 2634 vocavit

519 2679 788 2736 secundos
819 2696 833 2734 :
866 2680 980 2750 ipse
1009 2678 1219 2735 vocavit
1257 2677 1418 2732 etiam
1455 2689 1625 2746 usque
1665 2672 1728 2727 ad
1773 2670 2120 2726 novissimum

521 2776 732 2841 tempus
759 2785 954 2840 corpus
980 2768 1250 2840 Unigeniti
1289 2767 1406 2833 sui,
1439 2765 1493 2821 id
1527 2774 1643 2832 est,
1685 2761 1978 2818 Ecclesiam
2009 2767 2122 2816 toto

521 2862 651 2918 orbe
679 2861 948 2918 diffusam.

593 2955 820 3011 CAPUT
850 2955 914 3010 ll.
941 2985 1011 2995 -—
1035 2953 1090 3007 2.
1119 2952 1348 3008 Christus
1374 2953 1427 3006 in
1451 2950 1597 3022 panis
1624 2949 1868 3020 fractione
1887 2947 2123 3018 agnosci-

521 3055 625 3100 tur.
653 3045 851 3116 Hospes
873 3063 980 3102 esse
999 3044 1230 3102 Christus
1251 3061 1343 3097 cur
1360 3042 1592 3097 voluerit.
1616 3040 1753 3108 Quid
1774 3054 1902 3109 ergo
1923 3037 2125 3092 audivi-

522 3154 642 3193 mus
674 3137 907 3193 Marcum
939 3135 1248 3193 dicentem?
1273 3134 1424 3202 Quod
1453 3132 1762 3203 apparuerit
1787 3131 2046 3184 Dominus
2071 3129 2122 3182 in

522 3231 607 3285 via
638 3229 882 3298 duobus,
914 3230 1052 3285 sicut
1090 3229 1225 3283 dixit
1253 3237 1306 3282 et
1334 3227 1538 3293 Lucas,
1583 3224 1734 3293 cujus
1777 3221 2123 3292 Evangelium

524 3321 640 3375 beri
665 3319 963 3375 audivimus
992 3337 1005 3373 :
1036 3319 1316 3389 Apparuit,
1346 3317 1536 3388 inquit,
1563 3315 1757 3370 duobus
1776 3314 1829 3367 in
1848 3315 1928 3367 uia
1946 3313 2000 3366 in
2021 3311 2125 3366 alia

523 3413 683 3484 e/ﬁgie
714 3411 904 3484 (Marc.
932 3427 1054 3477 xvr,
1083 3409 1198 3482 12).
1233 3411 1404 3464 Lucas
1433 3415 1612 3462 autem
1654 3405 1757 3461 hoc
1794 3405 1967 3474 ipsum
2009 3403 2126 3458 aliis

524 3505 701 3560 verbis
745 3503 916 3571 dixit,
963 3502 1058 3557 sed
1098 3502 1165 3556 ab
1209 3501 1397 3556 eadem
1438 3497 1702 3553 sententia
1738 3511 1844 3551 non
1873 3495 2122 3550 deviavit.

525 3588 695 3650 Lucas
715 3595 857 3650 enim
881 3593 1009 3665 quid
1032 3592 1202 3648 dixit?
1221 3591 1541 3647 Tenebantur
1561 3589 1694 3644 oculi
1714 3605 1907 3653 eorum,
1932 3605 1992 3642 ne
2011 3604 2126 3641 eum

523 3695 850 3758 agnoscerent
880 3685 1030 3758 (Luc.
1057 3701 1206 3752 ntv,
1234 3681 1346 3755 l6).
1376 3683 1582 3739 Marcus
1606 3690 1786 3735 autem
1810 3679 1935 3750 quid
1956 3679 2122 3734 dixit?

524 3779 779 3849 Apparuit
804 3778 874 3832 eis
905 3778 960 3831 in
983 3775 1089 3831 alia
1113 3776 1289 3848 efﬁgie.
1322 3773 1475 3842 Quod
1501 3774 1589 3828 ille
1617 3772 1772 3838 dixit,
1808 3769 2129 3824 Tenebantur

524 3873 660 3926 oculi
685 3887 878 3939 eorum,
903 3888 966 3926 ne
985 3887 1099 3925 eum
1119 3877 1482 3940 agnoscerent;
1509 3865 1614 3922 hoc
1642 3866 1740 3921 iste
1764 3864 1914 3929 dixit,
1945 3865 2003 3918 in
2023 3864 2126 3918 alia

525 3964 700 4035 efﬁgie.
735 3963 850 4018 Alia
879 3964 1024 4018 enim
1050 3961 1258 4032 efﬁgies
1283 3960 1397 4014 visa
1423 3967 1525 4020 est,
1553 3957 1776 4012 retentis
1800 3955 1990 4021 oculis,
2018 3970 2125 4010 non

525 4057 725 4126 apertis
751 4056 789 4108 ‘.
820 4055 958 4124 Quid
998 4069 1123 4124 ergo
1143 4096 1156 4118 ,
1199 4051 1392 4108 fratres
1413 4093 1428 4117 ,
1459 4049 1709 4121 quoniam
1753 4047 1926 4104 Lucas
1967 4047 2122 4116 dixit,

525 4145 669 4216 quod
694 4145 856 4200 credo
884 4161 980 4199 vos
1006 4145 1074 4200 de
1097 4144 1325 4199 lectione
1346 4141 1596 4198 hesterna
1624 4141 1990 4195 recentissime
2012 4154 2126 4194 me-

527 4237 784 4301 minisse,
832 4236 973 4308 quod
1028 4252 1149 4292 cum
1203 4234 1540 4290 benedictum
1592 4231 1861 4302 frangeret
1907 4244 2120 4300 panem,

528 4330 697 4398 aperti
726 4339 849 4384 sunt
875 4330 1014 4386 oculi
1035 4345 1256 4395 eorum;
1285 4327 1413 4399 quid
1438 4336 1701 4397 putamus,
1736 4327 1778 4380 si
1807 4334 1928 4380 tunc
1953 4328 2120 4395 aperti

527 4434 652 4480 sunt
679 4424 817 4480 oculi
852 4440 1036 4480 eorum
1057 4466 1072 4491 ,
1112 4440 1240 4496 ergo
1269 4424 1464 4479 clausis
1490 4423 1658 4478 oculis
1689 4423 1744 4477 in
1769 4423 1852 4477 via
1881 4438 2005 4478 cum
2034 4422 2124 4478 illo

527 4516 935 4582 comitabantur,
967 4527 1022 4572 et
1047 4524 1292 4586 poterant
1316 4517 1456 4572 scire
1482 4516 1569 4570 ubi
1597 4530 1813 4586 gressus
1839 4523 2119 4586 ponerent,

526 4609 568 4662 si
593 4609 805 4664 clausos
826 4608 1010 4664 oculos
1037 4607 1336 4664 haberent?
1366 4608 1550 4679 Aperti
1574 4616 1699 4662 sunt
1719 4622 1845 4678 ergo
1865 4607 1932 4662 ad
1951 4608 2124 4678 cogni-

528 4702 746 4767 tionem,
773 4717 878 4756 non
901 4701 968 4755 ad
989 4701 1270 4755 visionem.
1293 4700 1551 4755 Dominus
1573 4699 1748 4770 itaque
1769 4710 1950 4754 noster
1967 4699 2124 4756 Jesus

526 4792 770 4848 Christus
810 4802 935 4848 ante
977 4792 1128 4863 panis
1160 4791 1468 4846 fractionem
1499 4791 1709 4862 ignotus
1742 4791 1971 4861 loquitur
1999 4807 2122 4847 cum

529 4882 868 4952 hominibus,
914 4886 966 4940 in
1009 4886 1163 4956 panis
1201 4885 1456 4941 fractione
1484 4888 1826 4956 cognoscitur
1854 4903 1868 4940 :
1897 4885 2020 4957 quia
2049 4886 2119 4942 ibi

527 4978 838 5047 percipitur,
868 4977 958 5033 ubi
986 4979 1092 5033 vita
1121 4987 1320 5034 aeterna
1351 4977 1640 5049 percipitur
1659 4978 1701 5031 ¹.
1733 4977 1975 5049 Hospitio
2003 4993 2123 5034 sus-

526 5068 738 5139 cipitur,
761 5070 852 5141 qui
878 5070 1095 5126 domum
1121 5079 1272 5142 parat
1298 5069 1352 5125 in
1379 5070 1534 5126 coelo.
1561 5070 1649 5124 Ait
1666 5071 1808 5126 enim
1829 5071 2119 5126 secundum

527 5161 907 5229 evangelistam
947 5161 1206 5218 Joannem
1249 5181 1264 5218 :
1306 5160 1486 5216 Multa:
1514 5162 1801 5216 mansiones
1829 5171 1945 5217 sunt
1982 5162 2120 5233 apud

533 5248 736 5306 Patrem
757 5269 920 5307 meum
941 5269 960 5308 :
982 5254 1208 5325 alioquin
1231 5254 1446 5308 dicerem
1469 5254 1625 5321 vobis,
1653 5253 1749 5307 Ibo
1777 5270 1960 5324 parare
1983 5253 2120 5309 vobis

526 5341 715 5397 locum.
743 5342 850 5399 Sed
873 5344 918 5399 si
939 5345 1045 5400 iero
1065 5355 1111 5399 et
1133 5361 1395 5416 paravero,
1426 5346 1609 5400 iterum
1636 5345 1836 5398 ueniens
1865 5361 2119 5400 assumam

525 5448 611 5488 vos
645 5433 820 5506 (Joau.
848 5450 960 5501 ιη,
991 5437 1048 5504 2,
1079 5437 1157 5509 5).
1191 5436 1396 5508 Hospes
1420 5437 1474 5491 in
1500 5446 1642 5493 terra
1670 5451 1790 5491 esse
1817 5435 1984 5490 voluit
2009 5437 2116 5492 Do-

528 5527 704 5584 minus
739 5529 886 5599 cmli,
928 5529 1236 5600 peregrinus
1276 5530 1327 5584 in
1368 5529 1565 5585 mundo
1586 5571 1599 5595 ,
1634 5545 1727 5600 per
1756 5543 1913 5600 quem
1947 5525 2117 5585 factus

591 5667 609 5699 ⁸
637 5672 702 5716 Ita
718 5677 882 5731 sermo
899 5667 978 5727 37,
1001 5667 1054 5731 in
1077 5667 1348 5731 Appendice
1372 5667 1598 5717 editionis
1633 5674 1842 5731 Operam
1877 5663 2116 5730 Fulgentii

527 5730 898 5794 recentissima.
918 5736 979 5794 At
1000 5729 1080 5780 hic
1093 5727 1191 5794 tim.
1217 5736 1291 5778 Er.
1317 5737 1370 5780 et
1390 5727 1833 5794 l.0v.,iappai_'enlt's_.

527 5793 623 5907 va;
637 5789 948 5907 menti]
970 5792 1263 5855 Appendice,
1297 5804 1460 5843 sermo
1502 5789 1585 5853 57,
1605 5789 1718 5856 quia
1755 5789 1822 5842 ibi
1854 5789 2115 5856 percipitur

1756 350 1817 407 S.
1856 345 2220 407 AUGUSTINI
2259 346 2561 406 EPISCOPI

3662 349 3801 410 1128

2214 469 2299 516 εει
2325 458 2556 514 mundus
2586 476 2600 513 :
2629 457 2825 530 hospes
2853 473 2974 516 esse
2997 459 3244 532 dignatus
3267 468 3384 529 est,
3413 469 3473 518 ut
3494 471 3551 518 tu
3577 461 3805 520 haberes

2212 551 2554 621 suscipiendo
2598 549 3063 619 benedictionem;
3095 567 3201 608 non
3230 553 3353 625 quia
3386 554 3475 611 ille
3515 554 3801 627 indigebat,

2215 659 2337 700 cum
2367 643 2563 715 hospes
2596 643 2844 700 intrabat.

2285 741 2512 798 CAPUT
2552 740 2642 797 Ill.
2674 773 2746 783 -—
2773 743 2828 798 5.
2857 741 3002 798 Elius
3030 743 3098 798 ad
3127 743 3332 798 uiduam
3357 743 3572 798 mittitur
3596 758 3806 814 pascen-

2215 835 2310 889 dus
2329 875 2344 900 ,
2385 844 2438 888 ut
2477 835 2773 906 beneﬁcium
2807 846 3069 908 priestetur
3097 839 3340 910 poscenti.
3370 838 3541 894 Eliam
3569 850 3807 894 sanctum

2215 924 2370 982 famis
2392 938 2628 998 tempore
2648 943 2744 999 per
2763 944 2980 984 corvum
3001 929 3256 986 Dominus
3269 931 3524 1002 pascebat
3549 950 3563 986 :
3586 943 3640 986 et
3655 948 3807 1002 quem

2217 1021 2671 1092 persequebantur
2691 1022 2959 1091 homines,
2983 1024 3032 1079 ei
3056 1025 3357 1080 serviebant
3375 1041 3522 1081 aves.
3541 1027 3809 1082 Alferehat

2216 1125 2374 1166 servo
2397 1113 2492 1168 Dei
2520 1128 2713 1170 corvus
2739 1130 2899 1170 mane
2925 1131 3110 1186 panes,
3133 1126 3188 1171 et
3212 1115 3276 1170 ad
3302 1132 3582 1186 vesperam
3605 1134 3809 1172 carnes.
3838 1179 3840 1186 _

2215 1201 2330 1258 Non
2368 1203 2637 1274 indigebat
2666 1221 2794 1276 ergo
2824 1206 2911 1261 ille
2932 1247 2948 1273 ,
2976 1223 3132 1276 quem
3173 1208 3314 1264 Deus
3345 1209 3605 1263 ministris
3631 1209 3810 1263 avibus
3837 1193 3844 1216 ⁵

2218 1295 2469 1365 pascebat
2494 1314 2506 1350 :
2529 1306 2584 1351 et
2611 1306 2786 1353 tamen
2815 1301 3054 1369 quamvis
3081 1299 3223 1353 Elias
3249 1316 3353 1354 non
3383 1301 3667 1369 indigeret,
3699 1301 3810 1354 init-

2220 1387 2344 1441 titur
2363 1386 2429 1442 ad
2450 1386 2658 1443 viduam
2683 1389 2736 1443 in
2757 1388 3000 1460 Sarepta,
3029 1398 3082 1444 et
3101 1390 3294 1444 dicitur
3314 1390 3385 1456 ei,
3423 1389 3563 1444 Vade
3586 1391 3655 1443 ad
3674 1392 3811 1444 illam

2217 1481 2442 1547 viduam,
2475 1490 2642 1552 pascet
2667 1492 2731 1536 te.
2768 1482 3048 1538 Defecerat
3070 1483 3226 1545 Deus,
3255 1492 3311 1538 ut
3338 1483 3483 1539 Elias
3511 1483 3578 1537 ad
3605 1483 3813 1536 viduam

2218 1574 2557 1630 mitteretur?
2583 1573 2689 1630 Sed
2715 1576 2760 1631 si
2788 1576 2929 1631 Deus
2955 1591 3111 1630 servo
3137 1592 3235 1632 suo
3258 1576 3373 1630 sine
3401 1575 3635 1630 humano
3659 1577 3815 1628 mini-

2218 1668 2384 1721 sterio
2423 1682 2635 1738 semper
2680 1669 2940 1736 praeberet
2982 1684 3172 1738 panem
3193 1710 3208 1736 ,
3240 1668 3397 1722 vidua
3427 1668 3568 1722 unde
3601 1668 3816 1722 haberet

2219 1760 2564 1816 mercedem?
2589 1761 2810 1817 Mittitur
2830 1778 2957 1832 ergo
2983 1778 3086 1817 non
3115 1763 3357 1833 indigens
3379 1762 3444 1816 ad
3466 1763 3812 1833 indigentem,

2219 1869 2327 1909 non
2356 1854 2598 1909 esuriens
2626 1855 2693 1910 ad
2720 1856 3079 1922 esurientem;
3120 1863 3177 1911 et
3203 1856 3332 1910 dicit
3357 1856 3423 1909 ad
3455 1872 3575 1909 eam
3607 1875 3620 1910 :
3661 1855 3814 1924 Vade,

2221 1955 2264 2000 et
2307 1945 2436 2012 a/fer
2479 1947 2602 2001 mihi
2649 1949 2931 2016 pusillum,
2972 1960 3026 2003 ut
3065 1951 3383 2004 mendacem.
3428 1951 3521 2004 llla
3551 1951 3815 2006 modicum

2221 2038 2484 2108 habebat,
2513 2040 2654 2112 quod
2681 2051 3056 2114 consumptura
3090 2044 3291 2110 fuerat,
3319 2053 3373 2098 et
3401 2045 3680 2100 moritura.
3718 2045 3816 2106 Re-

2219 2133 2455 2202 spondit,
2483 2144 2740 2204 quantum
2767 2134 3010 2203 haberet,
3037 2137 3314 2207 propheta:
3340 2137 3608 2192 intimavit
3635 2159 3648 2190 :
3676 2147 3736 2193 et
3755 2140 3818 2192 ait

2222 2224 2299 2278 illi
2327 2225 2583 2295 propheta
2601 2268 2617 2294 ,
2653 2225 2816 2292 Vade,
2848 2229 2992 2298 prius
3021 2228 3151 2297 a/fer
3175 2230 3319 2284 mihi.
3353 2231 3444 2285 Illa
3475 2246 3580 2285 non
3608 2231 3816 2286 dubita-

2221 2317 2318 2379 vit,
2354 2317 2447 2372 sed
2465 2319 2672 2374 attulit.
2705 2319 2911 2376 Obtulit
2940 2321 3318 2387 refectionem,
3349 2333 3404 2378 et
3433 2324 3626 2378 meruit
3660 2323 3816 2378 bene-

2223 2409 2534 2466 dictionem.
2575 2413 2856 2468 Benedixit
2893 2425 3111 2470 sanctus
3143 2415 3290 2472 Elias
3331 2415 3573 2488 hydriam
3614 2415 3816 2482 farime,

2224 2509 2278 2556 et
2303 2517 2580 2572 capsacem
2611 2505 2738 2560 olei.
2769 2505 2906 2560 Illud
2943 2507 2996 2561 in
3035 2508 3194 2562 domo
3224 2509 3515 2578 repositum
3547 2519 3668 2564 erat
3699 2525 3818 2564 con-

2224 2594 2579 2662 sumendum;
2624 2606 2678 2652 et
2720 2597 2847 2652 illud
2891 2599 3070 2654 oleum
3102 2599 3154 2654 in
3184 2600 3304 2670 palo
3335 2601 3604 2670 pendebat
3631 2601 3816 2656 finien-

2225 2684 2351 2740 dum
2383 2705 2396 2740 :
2426 2688 2654 2743 accessit
2694 2688 2997 2745 benedictio
3017 2732 3032 2758 ,
3061 2699 3118 2746 et
3145 2706 3269 2745 vasa
3303 2691 3394 2746 illa
3437 2691 3679 2746 thesauri
3714 2691 3821 2747 facti

2193 2860 2200 2866 _
2225 2788 2351 2834 sunt
2372 2781 2410 2832 ³.
2437 2779 2740 2851 Laguncula
2768 2781 2870 2838 olei
2899 2781 3036 2837 facta
3063 2795 3145 2838 est
3171 2782 3293 2838 fons
3316 2784 3440 2850 olei,
3468 2783 3642 2839 farina
3668 2799 3821 2856 parva

2225 2871 2523 2928 uberrimas
2551 2884 2760 2944 segetes
2790 2876 3060 2944 superavit
3091 2875 3182 2949 (ΙΙΙ
3210 2875 3336 2947 Reg.
3361 2877 3519 2948 xvn).

2297 2963 2524 3022 CAPUT
2553 2966 2641 3021 IV.
2677 2997 2750 3008 —
2777 2968 2830 3022 4.
2865 2967 3033 3040 Super
3067 2985 3339 3041 pauperem
3365 2987 3467 3024 non
3490 2987 3603 3025 sese
3626 2969 3819 3038 efferat,

2227 3057 2316 3128 qui
2344 3058 2513 3128 ipsum
2529 3059 2700 3129 juvat.
2742 3059 2796 3114 Si
2826 3060 2968 3115 Elias
3001 3076 3106 3115 non
3139 3061 3437 3132 indigebat,
3467 3060 3725 3117 Christus
3753 3063 3823 3116 in-

2226 3149 2476 3220 digebat?
2519 3151 2681 3217 Ideo,
2731 3150 2927 3208 fratres
2970 3153 3112 3220 mei,
3145 3153 3395 3209 admonet
3423 3169 3523 3209 nos
3553 3155 3822 3224 Scriptura

2228 3253 2411 3300 sancta
2431 3287 2445 3312 ,
2476 3245 2597 3316 quia
2629 3245 2944 3316 plerumque
2972 3261 3158 3302 servos
3185 3263 3311 3303 suos
3348 3261 3484 3317 quos
3524 3258 3711 3318 potest
3737 3262 3820 3317 pa-

2228 3350 2379 3392 scere
2403 3337 2565 3402 Deus,
2598 3335 2720 3391 ideo
2747 3335 2871 3391 facit
2903 3337 3219 3408 indigentes,
3251 3346 3307 3392 ut
3336 3338 3573 3393 inveniat
3602 3355 3823 3409 operan-

2228 3436 2329 3484 tes.
2356 3427 2527 3484 Nemo
2551 3427 2844 3498 superbiat,
2873 3429 2993 3499 quia
3017 3429 3108 3483 dat
3132 3430 3353 3501 pauperi
3382 3448 3396 3484 :
3424 3429 3682 3486 Christus
3707 3446 3822 3502 pau-

2229 3535 2325 3590 per
2369 3521 2483 3574 fuit.
2526 3520 2696 3576 Nemo
2734 3521 3041 3591 superbiat,
3093 3523 3213 3592 quia
3259 3522 3521 3593 hospitem
3567 3523 3823 3594 suscipit:

2227 3610 2470 3667 Christus
2491 3611 2686 3682 hospes
2708 3610 2823 3667 fuit.
2849 3612 3037 3668 Melior
3054 3621 3136 3668 est
3155 3621 3455 3683 susceptus,
3477 3629 3645 3684 quam
3671 3615 3825 3670 susci-

2231 3705 2417 3775 piens;
2445 3705 2607 3760 ditior
2629 3707 2918 3776 accipiens,
2940 3723 3099 3776 quam
3129 3706 3361 3762 tradens.
3386 3706 3487 3776 Qui
3508 3708 3822 3778 accipiebat,

2228 3806 2417 3853 cuncta
2447 3797 2754 3868 possidebat
2779 3816 2792 3852 :
2817 3799 2903 3869 qui
2932 3798 3110 3865 dabat,
3139 3799 3207 3854 ah
3233 3799 3322 3855 illo
3350 3801 3433 3854 cui
3463 3799 3653 3860 dabat.
3683 3816 3827 3856 acce-

2230 3898 2381 3962 perat
2407 3889 2550 3960 quod
2578 3890 2757 3946 dabat.
2786 3890 2956 3947 Nemo
2985 3908 3114 3963 ergo
3141 3893 3445 3963 superbiat,
3476 3893 3677 3950 fratres
3707 3895 3822 3956 mei,

2229 3982 2441 4053 quando
2465 3983 2556 4038 dat
2585 3986 2800 4055 pauperi
2832 4002 2845 4039 :
2876 4000 2979 4040 non
3002 3986 3138 4040 dicat
3168 3986 3220 4040 in
3247 3987 3424 4042 animo
3445 4002 3569 4055 suo,
3600 3989 3718 4060 Ego
3741 3989 3823 4054 do,

2229 4075 2319 4130 ille
2343 4076 2567 4146 accipit;
2595 4091 2694 4147 ego
2721 4078 2974 4146 suscipio,
3004 4077 3092 4132 ille
3115 4077 3317 4150 indiget
3342 4087 3505 4135 tecto.
3539 4079 3711 4136 Forte
3731 4094 3828 4150 quo

2229 4177 2284 4225 tu
2313 4169 2548 4240 indiges,
2585 4171 2700 4240 plus
2725 4179 2825 4226 est.
2859 4171 3021 4226 Forte
3049 4186 3206 4242 quem
3237 4172 3463 4242 suscipis
3497 4172 3684 4242 justus
3712 4185 3787 4228 εει
3811 4191 3823 4225 :

2229 4263 2317 4320 ille
2363 4263 2561 4334 indiget
2607 4279 2777 4335 pane,
2828 4273 2880 4320 tu
2927 4261 3304 4333 veritate;bille
3334 4267 3535 4338 indiget
3570 4278 3744 4333 tecto,
3774 4275 3826 4322 ιιι

2228 4359 2400 4424 coelo;
2434 4359 2522 4414 ille
2552 4358 2751 4430 indiget
2776 4361 3022 4431 pecunia,
3057 4371 3108 4414 tu
3137 4361 3355 4430 iustitia.

2299 4452 2352 4507 5.
2387 4450 2743 4506 Fenerandum
2784 4452 2913 4508 Deo.
2958 4453 3250 4509 Fenerator
3287 4464 3436 4518 esto,
3479 4470 3648 4526 eroga
3694 4454 3829 4526 quod

2228 4545 2474 4614 recipias.
2504 4544 2622 4600 Noli
2649 4546 2858 4614 timere,
2886 4562 2954 4601 ne
2982 4555 3032 4602 te
3057 4547 3412 4602 feneratorem
3435 4548 3646 4616 judieet
3672 4550 3826 4602 Deus.

2226 4638 2475 4705 Prorsus,
2499 4655 2718 4709 prorsus
2744 4647 2860 4695 esto
2888 4639 3160 4695 fenerator
3179 4642 3220 4692 ².
3251 4640 3356 4696 Sed
3381 4641 3520 4695 Deus
3546 4642 3643 4697 tibi
3668 4641 3824 4698 dicit:

2226 4731 2364 4800 Quid
2407 4731 2525 4786 vis?
2571 4733 2838 4789 Fenerare
2879 4733 2998 4788 vis?
3039 4732 3176 4801 Quid
3217 4741 3300 4788 est
3335 4731 3628 4789 fenerare?
3658 4733 3828 4789 Mittas

2226 4823 2374 4887 dare,
2407 4832 2461 4880 et
2493 4825 2608 4894 plus
2637 4826 2898 4894 accipere.
2932 4826 3069 4880 Ecce
3099 4825 3228 4880 mihi
3256 4824 3340 4891 da,
3369 4825 3502 4880 dicit
3527 4827 3626 4881 tibi
3656 4827 3824 4881 Deus:

2226 4931 2326 4987 ego
2354 4918 2555 4987 accipio
2583 4918 2790 4982 minus,
2825 4926 2878 4973 et
2907 4918 2976 4972 do
3004 4919 3136 4989 plus.
3170 4918 3344 4987 Quid?
3370 4919 3709 4990 Centuplicia
3734 4961 3746 4978 .
3779 4929 3828 4971 et

2225 5011 2386 5065 vitam
2413 5018 2666 5066 mternam
2693 5011 2734 5063 ³.
2765 5011 2934 5080 Quem
2961 5011 3154 5082 quaeris
3179 5011 3264 5067 cui
3291 5011 3414 5077 des,
3443 5011 3589 5066 unde
3618 5018 3827 5067 crescat

2224 5105 2448 5175 pecunia
2471 5115 2580 5172 tua,
2609 5104 2770 5160 homo
2795 5121 2952 5176 quem
2981 5106 3194 5176 quatris,
3219 5105 3432 5176 quando
3456 5106 3680 5176 accipit,
3703 5120 3826 5175 gau-

2222 5197 2348 5263 det;
2378 5197 2590 5269 quando
2616 5197 2822 5263 reddit,
2850 5197 3023 5268 plorat
3047 5216 3060 5252 :
3090 5207 3146 5253 ut
3169 5199 3412 5269 accipiat,
3438 5207 3734 5268 precatur;
3765 5211 3826 5250 ne

2220 5291 2432 5359 reddat,
2459 5290 2816 5346 calumniatur
2835 5291 2930 5363 (a).
2956 5292 3030 5346 Da
3056 5291 3270 5362 quidem
3297 5300 3350 5346 et
3375 5290 3603 5356 homini,
3636 5303 3692 5346 et
3720 5291 3824 5344 noli

2222 5391 2276 5440 te
2295 5393 2536 5440 avertere
2554 5384 2621 5440 ab
2640 5399 2705 5440 eo
2725 5383 2816 5454 qui
2835 5394 3075 5440 mutuum
3099 5386 3230 5454 petit
3253 5383 3468 5456 (Matth.
3492 5401 3546 5450 v,
3569 5385 3669 5455 42)
3683 5424 3696 5436 .
3720 5381 3824 5438 Sed

2287 5499 2380 5570 {in
2404 5499 2627 5570 Vaticano
2655 5497 2779 5549 libro
2796 5537 2809 5562 ,
2833 5503 2879 5550 et
2915 5497 3041 5550 illud
3062 5497 3190 5563 quod
3211 5504 3317 5550 erat
3336 5497 3583 5550 ntodicwn
3607 5497 3826 5550 thesaurt

2218 5562 2581 5686 faﬁ‘gfmlfugd.
2619 5632 2734 5674 ven.
2777 5630 2910 5685 Ima,
2939 5632 3140 5674 Prorsus
3163 5630 3262 5676 esto
3282 5626 3560 5689 fenerator;
3606 5637 3711 5674 non
3736 5625 3826 5674 ite-

2219 5693 2327 5737 rato
2351 5689 2518 5745 verbo,
2537 5699 2763 5749 prorsus.
2835 5695 2889 5736 M.

2266 5750 2311 5862 ἑ
2324 5755 2395 5796 Er.
2419 5746 2572 5858 Lugd;
2587 5757 2704 5798 Ven.
2731 5756 2842 5799 Lov.
2869 5750 3261 5812 praetermittunt,
3287 5747 3588 5815 Centuplicia
3613 5755 3663 5798 et
3683 5746 3823 5798 vitam

2219 5825 2266 5864 tt:
2314 5823 2469 5860 mam.
2537 5845 2546 5858 .
2579 5847 2590 5859 .

2287 5873 2361 5936 (a)
2396 5874 2518 5926 Vide
2551 5874 2912 5929 narrationem
2932 5887 2986 5928 tn
3017 5873 3250 5929 Psalmum
3292 5871 3374 5940 ὅθ,
3405 5887 3555 5930 serta.
3581 5872 3641 5940 ὅ,
3681 5884 3736 5927 ιι.
3776 5865 3826 5928 6.
