4056 6432
292 386 418 447 “29

288 515 478 559 tantum
509 504 691 575 accipe
712 546 726 568 ,
760 508 1011 574 quantum
1042 496 1256 559 dedisti.
1299 502 1411 559 Non
1449 502 1621 574 ploret
1654 505 1738 560 cui
1766 505 1862 562 de-

285 596 393 653 diSli
430 615 443 651 :
478 613 600 652 nam
642 597 957 653 beneﬁcium
1000 596 1294 668 perdidisti.
1346 597 1410 652 Et
1452 598 1494 651 si
1544 598 1646 653 hoc
1688 597 1858 667 ipsum

282 688 412 762 quod
442 690 624 745 datum
655 698 770 756 est,
801 690 884 745 vel
914 689 1054 760 quod
1097 690 1302 760 accepit
1337 690 1594 760 exigitur,
1624 688 1758 745 forte
1792 688 1860 744 ad

282 800 483 840 manum
510 784 745 840 nondum
770 783 927 839 habet
956 801 970 838 :
998 782 1259 853 pertulisti
1287 793 1573 853 petentem,
1606 790 1858 853 ex3pecta

281 895 373 933 non
412 879 696 934 habentem
738 895 751 932 :
788 892 909 932 cum
951 875 1226 941 habuerit,
1260 875 1446 931 reddet
1481 876 1570 930 tibi
1607 874 1708 947 (ιι).
1741 874 1857 929 Noli

278 971 441 1026 facere
470 971 741 1039 angustias
766 970 837 1035 ei,
865 971 1018 1037 cujus
1044 969 1313 1039 angustias
1339 968 1609 1024 relaxasti.
1634 967 1775 1023 Ecce
1798 978 1855 1023 tu

277 1063 456 1117 dedisti
478 1104 492 1128 ,
527 1070 580 1116 et
608 1062 774 1133 exigis
805 1079 817 1114 :
850 1061 941 1115 sed
984 1075 1087 1115 non
1120 1059 1279 1115 habet
1306 1060 1443 1115 unde
1472 1060 1689 1124 reddat;
1730 1075 1852 1115 cum

276 1153 539 1217 habuerit,
568 1151 753 1208 reddet
792 1152 904 1208 tibi.
938 1151 1052 1207 Noli
1083 1153 1311 1207 clamare
1340 1161 1394 1207 et
1420 1152 1597 1235 dicere
1634 1171 1648 1207 :
1687 1152 1853 1207 Num-

273 1246 386 1316 quid
415 1244 569 1299 fenus
590 1244 809 1315 qumro?
838 1244 1063 1298 Tantum
1087 1252 1227 1314 peto,
1250 1254 1502 1315 quantum
1525 1244 1649 1299 dedi
1675 1263 1686 1297 :
1711 1244 1852 1315 quod

271 1335 412 1401 dedi,
460 1335 562 1389 hoc
603 1336 877 1405 accipiam.
912 1336 1054 1389 Bene
1084 1336 1242 1403 facis,
1286 1336 1378 1391 sed
1410 1336 1640 1391 nondum
1669 1336 1847 1392 habet.

270 1427 373 1482 Non
401 1444 462 1481 es
489 1427 779 1494 fenerator,
808 1436 861 1481 et
885 1427 964 1481 vis
993 1428 1076 1481 cui
1111 1427 1396 1496 prmstitisti
1416 1470 1430 1493 ,
1464 1438 1521 1483 ut
1545 1438 1746 1499 quaerat
1772 1431 1850 1484 fe-

272 1528 599 1580 neratorem,
647 1527 706 1571 ut
751 1518 843 1572 tibi
887 1517 1093 1573 reddat.
1142 1518 1199 1573 Si
1238 1528 1517 1589 propterea
1562 1520 1710 1574 fenus
1746 1535 1847 1574 non

268 1609 424 1678 exigis
447 1651 463 1675 ,
494 1624 563 1663 ne
590 1618 641 1663 te
668 1608 1023 1664 feneratorem
1055 1611 1315 1679 patiatur;
1349 1622 1513 1682 quare
1542 1612 1621 1665 vis
1649 1620 1701 1665 ut
1728 1626 1850 1682 pro-

269 1714 374 1769 pter
396 1710 447 1754 te
469 1702 629 1754 alium
657 1702 1011 1756 feneratorem
1038 1702 1304 1772 patiatur?
1330 1703 1558 1771 Premis,
1585 1704 1845 1759 suﬁ‘ocas:

267 1795 355 1849 etsi
380 1804 585 1847 tantum
610 1793 797 1864 exigis,
820 1802 1075 1864 quantum
1096 1795 1319 1860 dedisti;
1343 1796 1649 1851 sutfocando
1672 1807 1847 1853 tamen

264 1897 310 1941 et
330 1888 602 1956 angustias
626 1886 889 1954 faciendo,
914 1901 1018 1941 non
1040 1887 1355 1941 beneficium
1381 1887 1609 1955 dedisti,
1636 1888 1726 1943 sed
1753 1904 1847 1958 po-

264 1978 359 2032 tius
383 1978 615 2047 majores
640 1979 909 2048 angustias
934 1977 1176 2032 intulisti.
1202 1978 1306 2033 Sed
1330 1976 1465 2033 forte
1486 1979 1616 2033 dicis
1641 1998 1653 2033 :
1679 1979 1847 2034 Habet

264 2071 396 2125 unde
428 2071 617 2125 reddat
656 2090 668 2123 :
710 2071 870 2126 habet
897 2071 1142 2137 domutn,
1175 2072 1399 2138 vendat;
1435 2073 1587 2129 habet
1630 2090 1843 2144 posses—

260 2165 456 2220 sionem
482 2206 496 2229 ,
528 2164 737 2218 vendat.
773 2163 993 2232 Quando
1032 2180 1061 2217 a
1090 2172 1142 2219 te
1174 2166 1388 2233 petivit,
1421 2166 1539 2220 ideo
1571 2168 1751 2237 petivit
1780 2184 1845 2222 ne

261 2256 555 2311 venderet:
590 2266 806 2326 promer
850 2264 899 2311 te
944 2271 1046 2310 non
1092 2255 1280 2323 faciat,
1313 2258 1402 2327 qui
1446 2259 1735 2314 subvenisti
1776 2276 1861 2340 ne.

257 2345 421 2401 ﬁeret.
455 2346 566 2401 Hoc
587 2347 678 2401 ﬁat
704 2347 775 2401 ita
800 2347 941 2402 circa
968 2347 1231 2415 homines,
1261 2347 1361 2403 hoc
1381 2348 1533 2419 jubet
1554 2350 1709 2418 Deus,
1744 2350 1843 2406 hoc

258 2442 363 2495 vult
391 2441 550 2496 Deus.

323 2532 550 2588 CAPUT
581 2532 644 2588 γ.
666 2562 740 2573 -
762 2533 815 2588 6.
848 2532 1073 2588 Christus
1098 2550 1189 2588 cur
1214 2551 1395 2607 egenus
1424 2540 1589 2608 [actus
1615 2546 1705 2591 est.
1735 2536 1839 2593 Sed

257 2638 442 2678 avarus
467 2625 564 2678 es?
594 2624 727 2679 Dicit
749 2624 840 2678 tibi
865 2625 1005 2679 Deus
1028 2642 1041 2677 :
1068 2624 1196 2679 Esto
1217 2641 1426 2693 avarus,
1450 2636 1565 2681 esto
1585 2639 1839 2697 quantum

259 2725 403 2782 potes
426 2729 655 2779 avarus;
686 2714 780 2769 sed
819 2730 905 2770 me
942 2716 1164 2771 conveni
1196 2732 1291 2786 pro
1317 2718 1534 2773 avaritia
1567 2727 1673 2774 tua.
1705 2720 1841 2775 Dicit

258 2806 344 2861 tibi
367 2806 508 2861 Deus
536 2825 548 2859 :
579 2806 661 2862 Me
684 2808 929 2874 conveni,
960 2823 1058 2879 ego
1080 2808 1244 2863 filium
1269 2825 1445 2865 meum
1471 2812 1687 2867 divitem
1710 2830 1839 2883 pau-

254 2914 430 2968 perem
456 2914 552 2968 pro
578 2910 629 2955 te
650 2900 769 2955 feci.
800 2900 1025 2970 Propter
1054 2917 1151 2957 nos
1170 2904 1311 2958 enim
1338 2920 1538 2975 pauper
1560 2905 1732 2962 factus
1753 2917 1838 2963 est

251 2990 515 3058 Christus,
538 3007 658 3046 cum
680 2993 829 3049 dives
847 3005 989 3049 esset
1016 2994 1079 3067 (ll
1098 2994 1215 3051 Cor.
1239 3013 1351 3064 νιιι,
1377 2996 1456 3069 9).
1480 2999 1680 3055 Aurum
1702 3017 1839 3072 quae-

250 3082 362 3136 ris?
394 3083 482 3138 ille
513 3083 656 3139 fecit.
687 3086 979 3155 Argentum
1012 3088 1245 3157 quieris?
1271 3089 1360 3145 ille
1388 3089 1529 3145 fecit.
1560 3092 1834 3150 Familiam

248 3177 482 3244 quaeris?
507 3178 592 3231 ille
615 3176 757 3232 fecit.
780 3177 978 3235 Pecora
1001 3181 1235 3249 quaeris?
1261 3182 1351 3237 ille
1371 3182 1511 3237 fecit.
1534 3184 1833 3242 Possessio-

249 3284 341 3323 nes
364 3271 601 3339 qumris?
626 3270 715 3326 ille
744 3272 884 3327 fecit.
912 3272 1050 3341 Quid
1079 3275 1276 3344 quaeris
1301 3284 1501 3331 tantum
1532 3295 1651 3349 quae
1677 3281 1834 3335 fecit?

249 3360 421 3431 Ipsum
448 3364 631 3432 accipe
658 3365 745 3435 qui
774 3365 897 3420 fecit
919 3367 956 3418 ί.
990 3367 1171 3437 Cogita
1200 3372 1643 3439 quemadmodum
1679 3383 1731 3429 te
1755 3374 1834 3429 di-

246 3451 390 3507 lexit.
426 3453 613 3506 Omnia
641 3472 731 3525 per
755 3456 919 3525 ipsum
946 3461 1082 3527 facta
1109 3470 1261 3526 sunt,
1293 3469 1339 3513 et
1363 3464 1472 3515 sine
1499 3464 1608 3531 ipso
1644 3463 1833 3533 factum

244 3554 313 3597 est
341 3543 473 3597 nihil
504 3543 681 3613 (Joan.
710 3562 757 3612 ι,
789 3547 865 3618 5).
895 3546 1083 3603 Omnia
1117 3565 1210 3619 per
1246 3549 1438 3621 ipsum,
1471 3563 1524 3607 et
1556 3554 1666 3622 ipse
1695 3555 1834 3611 inter

242 3636 438 3690 omnia.
466 3636 569 3704 Qui
601 3635 724 3693 fecit
749 3639 923 3693 omnia
946 3681 962 3706 ,
1005 3639 1175 3695 factus
1212 3650 1294 3697 est
1333 3643 1472 3698 inter
1503 3645 1700 3699 omnia.
1732 3647 1831 3714 Qtti

240 3723 366 3782 fecit
392 3727 664 3783 hominem
693 3728 861 3785 factus
887 3741 968 3785 est
995 3731 1155 3787 homo
1186 3750 1198 3786 :
1227 3732 1396 3789 factus
1416 3744 1499 3790 est
1521 3736 1663 3805 quod
1688 3736 1825 3803 fecit,

242 3834 307 3874 ne
328 3820 528 3889 periret
555 3837 715 3890 quem
739 3820 882 3877 fecit.
907 3823 1006 3892 Qui
1032 3824 1154 3880 fecit
1172 3826 1371 3892 omnia,
1399 3826 1568 3883 factus
1590 3838 1671 3883 est
1695 3828 1833 3884 inter

242 3912 439 3965 omnia.
460 3912 694 3967 Attende
713 3912 922 3969 divitias
946 3932 958 3969 :
975 3916 1101 3985 quid
1118 3915 1278 3971 dititts
1295 3932 1380 3984 eo,
1404 3934 1498 3988 per
1517 3936 1675 3989 quem
1698 3920 1830 3975 facta

238 4013 360 4058 sunt
384 4004 603 4059 omnia?
630 4006 695 4060 Et
718 4018 892 4062 tamen
924 4008 1011 4063 ille
1040 4025 1161 4062 ettm
1187 4009 1336 4065 dives
1361 4019 1523 4074 esset,
1552 4013 1827 4067 mortalem

238 4110 455 4153 carnem
489 4099 692 4168 accepit
738 4100 790 4154 in
837 4108 988 4156 utero
1031 4102 1266 4172 virginis.
1318 4104 1489 4158 Infans
1532 4114 1685 4159 natus
1726 4116 1825 4171 est,

239 4190 429 4258 pannis
455 4188 783 4245 infantilibus
810 4191 1084 4248 involutus
1116 4204 1225 4259 est,
1272 4195 1323 4249 in
1365 4197 1588 4267 praescpi
1624 4200 1829 4269 positus

235 4292 348 4344 est;
383 4281 650 4352 patienter
688 4285 1015 4352 exspectavit
1042 4294 1257 4353 aetates,
1300 4288 1562 4357 patienter
1592 4298 1827 4363 tempora

233 4374 473 4440 pertulit,
508 4389 606 4443 per
633 4390 790 4445 quem
818 4376 951 4431 facta
982 4390 1105 4432 sunt
1129 4388 1384 4449 tempora.
1411 4381 1581 4451 Suxit,
1611 4385 1823 4455 vagivit,

232 4463 406 4520 infans
433 4469 695 4537 apparuit.
729 4468 833 4525 Sed
858 4470 1087 4540 jacebat,
1117 4482 1171 4527 et
1196 4474 1487 4545 regnabat:
1520 4478 1570 4532 in
1602 4482 1827 4549 praesepi

229 4566 365 4625 erat,
399 4568 455 4613 et
482 4560 736 4615 mundum
766 4564 1072 4620 continebat
1102 4583 1113 4619 :
1143 4582 1171 4620 a
1200 4578 1367 4623 matre
1397 4572 1746 4642 nutriebatur,
1773 4583 1828 4630 et

227 4666 254 4702 a
289 4650 554 4708 Gentibus
596 4654 916 4710 adorabatur
945 4675 958 4710 :
988 4672 1019 4713 a
1057 4670 1225 4715 matre
1268 4663 1624 4732 nutriebatur,
1670 4675 1725 4721 et
1759 4668 1827 4724 ab

224 4742 450 4815 Angelis
478 4746 818 4801 nuntiabatur
854 4766 867 4802 :
904 4764 933 4803 a
974 4760 1143 4805 matre
1184 4754 1548 4823 nutriebatur,
1580 4767 1633 4811 et
1670 4759 1823 4813 stella

222 4834 465 4907 fulgente
493 4838 883 4895 deelarabatur.
912 4842 1066 4897 Tales
1095 4843 1320 4913 divitiae,
1353 4847 1469 4901 talis
1505 4859 1820 4921 paupertas:

216 4928 452 4997 divitire,
476 4940 533 4985 ιιι
553 4934 845 4999 creareris;
872 4947 1174 5006 paupertas,
1198 4948 1254 4991 ut
1276 4940 1651 4997 restituereris.
1672 4943 1824 5011 Quod

215 5020 310 5078 ille
342 5038 476 5093 ergo
503 5040 703 5095 pauper
733 5037 1012 5097 susceptus
1041 5039 1122 5084 est
1148 5029 1381 5100 hospitio
1412 5033 1563 5102 quasi
1601 5050 1819 5106 pauper,

214 5114 463 5185 dignatio
492 5116 589 5171 fttit
618 5119 981 5189 suscipientis,
1015 5136 1122 5177 non
1154 5124 1365 5178 miseria
1392 5126 1614 5195 egentis.

287 5210 527 5267 CAPUT
551 5212 769 5268 VL—‘l.
795 5214 1022 5270 Christus
1042 5218 1093 5270 in
1116 5234 1336 5290 paupere
1358 5229 1482 5291 eget.
1510 5220 1673 5276 Forte
1687 5222 1821 5280 dicis

210 5304 313 5357 tibi
342 5322 356 5357 :
390 5303 437 5359 Ο
464 5305 602 5360 beati
629 5306 718 5376 qui
750 5319 1060 5363 tneruerunt
1084 5308 1351 5365 Christum
1380 5313 1652 5383 suscipere
1673 5317 1685 5368 l
1710 5314 1755 5370 0
1775 5315 1820 5371 si

208 5409 321 5464 ego
351 5408 479 5454 tunc
504 5399 753 5455 fuissem!
781 5416 815 5456 ο
856 5402 902 5457 si
948 5418 1086 5457 unus
1115 5404 1332 5461 fuissem
1368 5407 1435 5461 de
1456 5407 1667 5463 duobus
1693 5409 1816 5475 illis,

277 5508 585 5585 ‘_t'ati<2_nus
600 5512 780 5585 codex,
811 5513 935 5575 Quid
957 5514 1137 5578 quieris
1172 5521 1305 5567 tanta
1339 5530 1450 5582 qua:
1480 5516 1593 5582 fecit
1609 5518 1633 5569 ?
1657 5528 1821 5585 Ipsum

202 5581 385 5632 qurere
410 5585 495 5632 qui
517 5581 645 5632 fecit.

270 5581 385 5619 a’re
410 5574 495 5634 qui
517 5574 645 5635 fecit.
831 5574 834 5575 ⁷
970 5574 979 5578 ’
1352 5574 1363 5582 ’
1480 5574 1490 5582 ’
1681 5574 1691 5585 ’

270 5630 352 5693 (α)
392 5632 642 5702 Reliquum
669 5638 838 5699 capitis
882 5639 1025 5700 hujus
1058 5641 1232 5702 quarti,
1280 5642 1404 5702 quod
1442 5644 1488 5691 in
1526 5651 1639 5693 ante
1678 5645 1820 5695 editis

195 5692 408 5767 deerat,
450 5692 738 5767 restituitur
767 5714 827 5747 ex
875 5692 1111 5767 vatione,
1148 5692 1249 5762 lusi,
1275 5692 1465 5766 aliaque.
1503 5692 1816 5767 passmrloca

198 5756 659 5825 ejusdem_a)dicis
679 5776 772 5823 ope
799 5756 1211 5825 redintegrantur.
1238 5756 1514 5817 :l'otUs-l'et’c'
1555 5771 1645 5818 istc
1666 5770 1727 5819 de
1747 5756 1815 5815 te;

197 5818 437 5866 nerando
460 5817 597 5894 locus
636 5817 847 5894 insertus
868 5833 947 5894 est
969 5817 1178 5894 scrtnoni
1210 5830 1490 5890 Appendicis
1512 5817 1810 5894 mttoges‘into

193 5886 407 5938 Octavo,
432 5884 657 5963 quil‘alias
676 5886 761 5933 fuit
866 5889 995 5935 inter
1014 5884 1620 5963 lltnui]ias-quinquaginta.

504 5944 728 6007 Ssscr.
778 5952 1059 6012 AtruUsT.
1111 5953 1156 6020 V2

1689 384 1917 446 SERMO
1953 386 2152 450 CCXL.

3415 401 3553 471 H30

1971 523 2103 575 quos
2133 509 2332 566 invenit
2374 510 2424 566 in
2479 514 2591 569 via!
2625 510 2704 572 'l'u
2733 526 2849 574 esto
2879 516 2932 574 in
2963 519 3067 589 via,
3100 538 3208 579 non
3240 524 3412 583 deerit
3448 530 3522 585 ho
3544 560 3558 577 -

1967 613 2091 668 spes
2111 600 2371 657 Christus.
2400 603 2561 663 Putas
2581 608 2721 663 enim
2736 611 2844 679 jam
2868 627 2971 668 non
2987 614 3082 670 tibi
3096 615 3256 672 licere
3277 622 3555 691 suscipere

1966 687 2273 745 Christum?
2302 692 2472 761 Unde,
2506 697 2698 769 inquis,
2729 700 2890 759 licet?
2917 703 3033 760 1am
3068 722 3350 781 resurgens
3374 687 3554 770 mani-

1964 780 2184 839 festatus
2211 795 2293 842 est
2332 787 2605 860 discipulis
2642 795 2772 862 suis,
2812 801 3050 855 ascendit
3074 801 3351 871 inctelum,
3374 807 3551 865 ibiest

1961 878 2029 932 ad
2058 879 2331 936 dexteram
2359 882 2565 952 Patris;
2617 903 2723 943 non
2750 899 2833 945 est
2858 904 3113 950 venturus
3145 897 3247 952 nisi
3280 899 3331 952 in
3361 900 3551 956 ultimo

1961 970 2158 1026 saeculo
2178 972 2243 1027 ad
2256 973 2572 1043 judicandos
2597 980 2744 1035 vivos
2764 991 2818 1037 et
2851 996 3089 1041 mortuos
3119 1006 3131 1042 :
3161 997 3418 1045 venturus
3445 1008 3547 1047 au-

1962 1070 2065 1116 tem
2096 1063 2147 1118 in
2173 1064 2433 1136 claritate,
2468 1086 2572 1125 non
2604 1072 2655 1127 in
2679 1074 3014 1143 infirmitate;
3043 1079 3264 1138 daturus
3293 1100 3543 1155 regnum,

1960 1173 2067 1212 non
2100 1161 2419 1229 qua‘silurus
2473 1164 2781 1236 hospitium.
2834 1169 3055 1237 Quando
3106 1174 3253 1232 dabit
3296 1193 3544 1249 regnum,

1957 1252 2152 1305 excidit
2175 1254 2265 1308 tibi
2311 1257 2453 1325 quod
2502 1257 2742 1314 dicturus
2794 1272 2908 1318 est:
2940 1263 3068 1319 Cum
3111 1270 3201 1322 uni
3226 1286 3292 1324 ex
3317 1272 3542 1327 minimis

1957 1344 2078 1398 meis
2105 1346 2313 1416 fecistis,
2340 1349 2463 1402 mihi
2481 1349 2665 1419 fecistis
2696 1352 2909 1423 (Matth.
2939 1373 3067 1423 xxv,
3098 1359 3225 1431 40)?
3251 1360 3341 1418 Ille
3368 1364 3542 1433 dives,

1956 1451 2118 1506 egens
2147 1448 2226 1494 est
2257 1456 2420 1509 usque
2444 1443 2493 1496 in
2526 1444 2683 1498 linem
2709 1448 2910 1501 saeculi.
2940 1449 3323 1524 Egetprorsus,
3351 1473 3456 1513 non
3482 1458 3542 1514 in

1955 1534 2147 1602 Capite,
2184 1535 2273 1589 sed
2306 1536 2355 1589 in
2387 1538 2641 1594 membris
2673 1542 2802 1595 suis.
2834 1541 2932 1598 Ubi
2955 1545 3109 1613 eget?
3132 1544 3190 1600 In
3218 1550 3408 1619 quibus
3436 1551 3542 1607 do-

1955 1624 2068 1690 luit,
2099 1627 2309 1696 quando
2328 1628 2459 1683 dixit
2484 1645 2498 1684 :
2528 1629 2706 1701 Saule,
2740 1633 2920 1701 Saule,
2966 1636 3089 1705 quid
3126 1654 3205 1692 me
3231 1645 3542 1711 persequeris

1953 1718 2087 1789 (Act.
2114 1734 2190 1785 ιχ,
2218 1718 2311 1791 4)?
2340 1720 2706 1793 Obsequamur
2726 1740 2854 1797 ergo
2882 1726 3112 1783 Christo.
3140 1729 3423 1789 Nobiscum
3453 1745 3541 1791 est

1953 1810 2005 1863 in
2057 1812 2199 1876 suis,
2231 1813 2505 1869 nobiscum
2537 1824 2621 1871 est
2665 1816 2717 1871 in
2769 1817 2925 1875 nobis
2957 1838 2969 1873 :
3006 1836 3105 1877 nec
3150 1822 3347 1880 frustra
3376 1826 3533 1896 dixit,

1953 1900 2087 1957 Ecce
2120 1921 2209 1974 ego
2233 1904 2483 1959 vobiscum
2508 1923 2618 1961 sum
2647 1923 2801 1979 usque
2826 1910 2894 1963 ad
2919 1916 3397 1970 consummationem
3433 1933 3538 1974 sat-

1951 1996 2050 2048 culi
2094 1994 2303 2064 (Matth.
2357 2015 2548 2066 xxvnt,
2579 1999 2697 2072 20).
2734 2001 2860 2058 Haec
2910 2003 3153 2061 faciendo
3198 2009 3539 2080 agnoscimus

1948 2086 2217 2143 Christum
2242 2092 2291 2144 in
2320 2090 2473 2147 bonis
2498 2094 2766 2162 operibus,
2802 2112 2905 2151 non
2938 2114 3181 2168 corpore,
3211 2102 3304 2158 sed
3330 2104 3529 2172 corde;

1949 2195 2052 2235 non
2084 2182 2251 2237 oculis
2271 2185 2466 2250 carnis,
2488 2185 2582 2239 sed
2609 2188 2778 2242 oculis
2801 2187 2941 2243 ﬁdei.
2975 2191 3106 2257 Quia
3148 2194 3337 2259 vidisti,
3365 2196 3532 2251 credi-

1947 2272 2083 2339 disti,
2116 2274 2188 2327 ait
2207 2274 2417 2329 cuidam
2443 2275 2702 2346 discipulo
2724 2292 2821 2333 suo
2847 2280 3138 2349 incredula,
3168 2286 3255 2353 qui
3282 2286 3512 2353 dixerat,

1950 2361 2069 2417 Non
2095 2366 2317 2429 credant,
2344 2367 2440 2419 nisi
2469 2368 2693 2439 tetigero.
2726 2370 2791 2423 Et
2823 2370 3078 2427 Dominus
3112 2392 3123 2427 :
3168 2373 3313 2443 Veni,
3356 2386 3527 2449 tange,

1946 2466 1992 2510 et
2019 2459 2122 2511 noti
2147 2475 2254 2511 esse
2277 2459 2588 2515 incredulus.
2622 2460 2835 2533 Tetigit,
2869 2474 2922 2519 et
2948 2467 3197 2522 clamavit
3226 2486 3239 2522 :
3280 2469 3527 2527 Dominus

1945 2567 2082 2604 meus
2111 2562 2156 2604 et
2180 2552 2314 2606 Deus
2342 2555 2514 2609 meus!
2541 2556 2605 2609 Et
2634 2555 2892 2613 Dominus
2927 2578 2939 2614 :
2968 2562 3097 2627 Quia
3114 2563 3384 2631 vidistime,
3414 2582 3528 2622 cre-

1944 2642 2116 2696 didisti
2149 2641 2325 2714 (Joan.
2348 2662 2438 2713 xx,
2476 2646 2694 2722 25-29).
2727 2649 2839 2721 Ipsa
2865 2662 2945 2707 est
2986 2662 3091 2710 tota
3118 2655 3248 2713 ﬁdes
3277 2667 3381 2728 tua,
3403 2660 3529 2733 quia

1942 2736 2114 2792 credis
2135 2738 2274 2808 quod
2302 2740 2481 2794 vides:
2513 2741 2669 2797 laudo
2694 2759 2789 2798 eos
2814 2746 2903 2815 qui
2954 2764 3058 2803 non
3094 2750 3294 2821 vident,
3336 2761 3391 2809 et
3405 2768 3527 2811 cre-

1941 2828 2106 2896 dunt;
2138 2831 2257 2900 quia
2288 2847 2407 2887 cum
2431 2833 2677 2902 vitderint,
2694 2837 3016 2905 gaudebunt.

2434 2944 2663 3003 SERMO
2699 2948 3030 3024 CCXL'(a).

2393 3046 2443 3088 tn
2463 3041 2639 3092 diebus
2660 3044 2980 3107 Paschalibus,
3002 3060 3069 3097 xt.

2099 3139 2178 3196 De
2200 3142 2581 3199 Resurrectione
2607 3163 2901 3219 corporum,
2925 3160 3101 3205 contra
3122 3151 3364 3213 Gentiles.

2009 3251 2235 3311 CAPUT
2274 3256 2558 3313 PRIMUM.
2604 3290 2675 3300 —
2708 3260 2846 3317 Nunt.
2887 3262 2939 3318 1.
2981 3263 3416 3336 Evangelistarum
3468 3269 3526 3328 in

1940 3348 2149 3403 historia
2178 3352 2556 3407 resurrectionis
2600 3356 2811 3411 varietas
2836 3357 2943 3412 sine
2982 3359 3252 3416 discordia.
3282 3363 3525 3438 Defensio

1938 3444 2058 3511 ﬁdei
2105 3445 2431 3501 titubantibus
2490 3452 2789 3507 necessaria.
2852 3452 2953 3508 Per
3013 3453 3110 3510 hos
3181 3457 3324 3524 dies,
3386 3460 3526 3519 sicut

1937 3534 2124 3587 recolit
2160 3533 2405 3590 Charitas
2435 3545 2637 3605 vestra,
2671 3540 2982 3597 solemniter
3008 3543 3254 3614 leguntur
3290 3562 3523 3621 evange-

1937 3628 2050 3683 lica:
2083 3629 2334 3684 lectiones
2359 3630 2424 3685 ad
2455 3633 2898 3689 resurrectionem
2929 3636 3135 3691 Domini
3172 3640 3517 3709 pertinentes.

1936 3719 2134 3776 Omnes
2153 3723 2294 3776 enim
2318 3724 2666 3794 Evangelista:
2688 3736 2936 3795 quatuor,
2969 3745 3141 3799 neque
3161 3731 3229 3785 de
3250 3731 3521 3803 passione,

1936 3830 2109 3883 neque
2140 3814 2207 3870 de
2251 3817 2647 3872 resurrectione
2691 3819 2809 3888 ejus
2849 3826 3027 3875 tacere
3055 3832 3359 3891 potuerunt.
3386 3823 3525 3884 Nam

1936 3906 2055 3973 quia
2088 3907 2251 3959 tnulta
2283 3905 2408 3961 fecit
2435 3907 2688 3963 Dominus
2718 3909 2875 3965 Iesus
2898 3952 2913 3979 ,
2963 3928 3065 3966 non
3110 3928 3297 3969 omnes
3342 3916 3525 3974 omnia

1935 3997 2417 4066 conscripserunt:
2448 3998 2542 4053 sed
2599 4000 2737 4055 alius
2782 4002 2909 4069 ista,
2957 4002 3094 4057 alius
3142 4004 3261 4070 illa;
3311 4022 3525 4063 summa

1938 4096 2115 4143 tamen
2148 4089 2431 4143 concordia
2486 4092 2745 4146 veritatis.
2790 4093 2953 4148 Multa
2997 4096 3155 4150 etiam
3195 4112 3524 4159 commemo—

1934 4187 2016 4233 rat
2063 4179 2299 4234 Joannes
2348 4182 2673 4250 evangelista
2728 4182 2865 4239 facta
2910 4200 3029 4240 esse
3068 4201 3097 4241 a
3130 4187 3357 4243 Domino
3394 4188 3522 4251 Jesu

1932 4270 2176 4337 Christo,
2208 4286 2327 4341 qua:
2370 4288 2398 4326 a
2432 4274 2576 4327 nullo
2624 4288 2808 4329 eorum
2835 4278 3135 4347 conscripta
3175 4289 3317 4334 sunt.
3350 4280 3521 4343 Tanta

1935 4361 2070 4417 facta
2098 4373 2256 4431 sunt,
2287 4373 2480 4433 quanta
2510 4375 2635 4419 tunc
2679 4366 2792 4421 fieri
2821 4367 3120 4425 debuerunt
3153 4390 3165 4425 :
3197 4381 3341 4427 tanta
3389 4375 3519 4429 scri-

1935 4465 2019 4525 pta
2058 4465 2213 4521 sunt,
2268 4467 2463 4528 quanta
2514 4474 2654 4514 nunc
2695 4459 2795 4531 legi
2844 4461 3162 4519 debuerunt.
3219 4465 3287 4522 Ut
3341 4475 3517 4527 autem

1931 4548 2280 4604 ostendantur
2312 4550 2659 4621 Evangelistae
2688 4568 2879 4609 omnes
2906 4568 3153 4626 quatuor,
3181 4549 3243 4612 in~
3285 4574 3350 4613 eo
3375 4561 3516 4629 quod

1931 4643 2088 4697 simul
2118 4660 2304 4699 omnes
2334 4643 2519 4699 dicunt
2569 4653 2624 4702 et
2671 4662 2774 4702 non
2824 4653 3266 4719 prmtermittunt,
3297 4652 3349 4707 id
3394 4661 3478 4710 est
3504 4694 3523 4723 ,

1933 4736 2012 4790 vel
2043 4736 2110 4791 de
2137 4738 2411 4805 passione,
2442 4739 2524 4793 vel
2558 4739 2626 4795 de
2679 4743 3073 4799 resurrectione
3121 4743 3352 4811 Christi,
3407 4760 3530 4804 non

1930 4830 2071 4885 inter
2111 4848 2168 4885 se
2196 4830 2396 4887 dixisse
2420 4835 2684 4889 contraria
2703 4877 2716 4899 ,
2762 4836 2919 4892 valde
2950 4852 3208 4907 operosus
3232 4846 3316 4893 est
3342 4838 3529 4895 labor.

1929 4921 2177 4976 Nonnulli
2206 4924 2347 4978 enim
2380 4934 2699 4994 putaverunt
2746 4943 2840 4984 eos
2883 4929 3021 4984 inter
3047 4945 3105 4984 se
3144 4946 3262 4985 esse
3296 4940 3531 4989 contra-

1929 5016 2066 5083 rios,
2113 5032 2231 5070 cum
2282 5018 2380 5088 ipsi
2412 5031 2592 5075 essent
2630 5022 2879 5075 contrarii
2912 5023 3102 5077 anima:
3147 5038 3275 5079 suae.
3301 5024 3369 5080 Et
3395 5027 3517 5083 ideo

1926 5106 2047 5162 data
2084 5116 2164 5162 cst
2194 5124 2353 5179 opera
2384 5110 2451 5163 ab
2492 5111 2570 5167 eis
2615 5112 2702 5182 qui
2734 5123 3047 5183 potuerunt,
3098 5116 3380 5187 adjuvante
3411 5118 3516 5174 Do-

1927 5200 2104 5266 mino,
2140 5210 2195 5255 ut
2224 5204 2639 5259 ostenderentur
2660 5205 2801 5260 inter
2841 5220 2901 5261 se
2933 5224 3037 5262 non
3066 5224 3187 5264 esse
3236 5212 3512 5268 contrarii.

1928 5291 2031 5347 Sed
2056 5332 2072 5358 ,
2106 5293 2245 5348 sicut
2269 5294 2414 5359 dixi,
2445 5294 2493 5351 si
2517 5296 2619 5352 hoc
2644 5297 2796 5351 vobis
2813 5300 3091 5355 ostendam
3114 5342 3128 5367 ,
3157 5312 3211 5357 et
3240 5304 3291 5358 in
3317 5302 3515 5377 populo

1927 5385 2084 5440 velim
2142 5386 2239 5441 ista
2289 5396 2554 5455 tractare,
2619 5389 2901 5446 multitudo
2970 5394 3296 5450 audientium
3367 5398 3512 5468 prius

1925 5479 2166 5534 obruitur
2198 5481 2384 5547 taedio,
2434 5497 2593 5551 quam
2640 5485 2944 5541 reveletur‘
2989 5488 3209 5545 scientia
3254 5492 3513 5549 veritatis.

1923 5571 2030 5628 Sed
2069 5574 2179 5629 seio
2223 5574 2379 5629 fidem
2423 5584 2686 5643 vestram,
2731 5576 2784 5632 id
2830 5589 2940 5647 est,
2972 5581 3130 5637 ﬁdem
3155 5582 3312 5654 hujus
3354 5584 3512 5642 totius

2006 5708 2021 5738 ¹
2049 5715 2174 5765 Mss,
2202 5706 2469 5768 relevatur;
2493 5718 2591 5766 aut,
2618 5711 2868 5761 relevetur.

1984 5771 1999 5788 ‘
2028 5770 2313 5819 Emendatus
2343 5771 2525 5820 additos
2546 5776 2624 5823 cb.
2649 5775 2708 5823 ad
2736 5775 2783 5824 d.
2805 5791 2879 5838 gr.
2898 5790 2937 5825 r.
2965 5786 3000 5827 t.
3024 5792 3067 5828 v.
3088 5780 3167 5829 vd.
3188 5791 3269 5831 Am
3309 5787 3382 5832 Er.
3406 5788 3490 5834 Pa:

1920 5838 2054 5959 mia)
2090 5895 2229 5955 alias,
2255 5895 2317 5944 de
2336 5903 2572 5960 tempore
2614 5900 2712 5950 159.

2719 5966 3186 6050 (Τνωείι-δίχ.)
