4056 6458
460 364 595 457 pst

463 466 849 548 multitudinis,
875 483 1142 533 eteorum
1169 471 1259 546 qui
1277 468 1437 528 hodie
1463 467 1548 525 hic
1566 483 1674 525 non
1695 474 1852 534 sunt,
1880 474 1933 521 ct
1962 473 2045 519 ta-

465 590 587 631 men
613 570 798 628 ﬁdeles
823 578 984 635 sunt;
1016 565 1139 622 novi
1181 560 1338 620 ﬁdem
1369 577 1553 617 eorum
1585 561 1662 616 sic
1688 574 1808 614 esse
1844 565 2044 613 certam

464 654 534 722 de
563 663 787 720 veritate
810 638 1294 731 Evangeiistarum,
1338 663 1397 710 ut
1424 652 1753 726 expositione
1800 665 1915 706 mea
1942 664 2047 704 non

464 758 756 831 indigeant.
804 742 907 824 Qui
937 753 1084 810 novit
1105 750 1371 825 quomodo
1402 748 1500 805 ista
1530 744 1812 813 defendat,
1842 745 2049 802 doctior

464 858 579 917 ρει,
612 860 720 906 non
762 844 987 905 ﬁdelior.
1008 842 1180 903 liabet
1208 844 1366 900 ﬁdem
1388 887 1403 911 ,
1435 841 1597 898 habet
1621 840 1924 896 lacullatem
1959 838 2053 895 de-

467 936 717 1000 fendendi
751 940 931 998 ﬁdem.
956 932 1104 995 Alius
1132 955 1235 994 non
1262 930 1419 993 habet
1449 934 1749 990 facultatem
1772 942 1825 989 et
1844 932 2049 1003 copiam

465 1036 519 1094 et
547 1034 842 1093 doctrinam
886 1024 1202 1090 defendendi
1234 1029 1422 1096 ﬁdem,
1464 1022 1559 1084 sed
1602 1018 1761 1083 habet
1788 1026 1955 1098 ipsam
1991 1023 2052 1078 ﬁ-

466 1128 612 1185 dem.
642 1124 732 1183 lile
759 1136 935 1182 autem
966 1124 1056 1197 qui
1100 1124 1248 1180 novit
1280 1118 1567 1179 defendere
1599 1117 1755 1176 fidem
1775 1162 1791 1187 ,
1825 1118 2055 1174 tituban-

465 1221 611 1279 tibus
637 1224 718 1277 est
746 1214 1108 1284 necessarius,
1142 1230 1248 1272 non
1272 1212 1629 1272 credentibus.
1665 1213 1723 1268 in
1747 1210 2054 1269 defensione

422 1306 431 1373 Ῐ
468 1314 614 1371 ettim
644 1306 797 1379 ﬁdei,
841 1318 1095 1367 curantur
1124 1308 1341 1365 vulnera
1385 1302 1729 1363 dubitationis
1758 1303 1838 1359 vel
1871 1302 2056 1358 intide-

420 1454 428 1467 ,
470 1404 660 1463 litatis.
692 1404 794 1472 Qui
821 1419 949 1475 ergo
976 1392 1214 1459 defendit
1242 1396 1398 1456 ﬁdem
1423 1444 1435 1466 ,
1468 1392 1639 1455 bonus
1666 1407 1748 1452 est
1768 1397 2004 1453 medicus
2038 1413 2052 1451 :

470 1499 565 1555 sed
604 1497 658 1554 in
710 1507 761 1553 te
799 1512 905 1553 non
949 1486 1383 1552 estiuﬁdelitatis
1428 1491 1667 1549 morbus.
1708 1489 1929 1560 Quando
1970 1489 2056 1544 ille

400 1610 417 1615 -
471 1592 623 1648 novit
647 1598 837 1647 curare
883 1584 1025 1663 quod
1064 1590 1119 1645 tu
1169 1605 1275 1646 non
1324 1580 1527 1645 habes?
1555 1586 1711 1642 Novit
1743 1586 1831 1642 ille
1862 1594 2058 1656 ponere

472 1684 957 1751 medicamentum,
990 1681 1086 1740 sed
1124 1682 1178 1738 in
1227 1692 1277 1737 te
1305 1697 1411 1736 non
1454 1690 1538 1735 est
1580 1678 1787 1734 vitium.
1822 1676 1943 1731 Non
1986 1686 2059 1730 est

472 1772 599 1851 opus
621 1774 759 1834 sanis
779 1778 1003 1831 medicus
1021 1818 1036 1844 ,
1060 1775 1147 1831 sed
1164 1774 1295 1830 male
1319 1771 1610 1829 habentibus
1624 1764 1836 1844 (Matth.
1851 1786 1926 1837 Ix,
1944 1768 2054 1837 12).

541 1862 771 1925 CAPUT
811 1858 874 1924 li.
901 1899 973 1909 —
998 1862 1053 1923 Ξ.
1094 1858 1414 1922 Resurrectio
1453 1874 1626 1920 contra
1665 1864 1892 1935 inﬁdeles
1939 1878 2059 1933 pro-

475 1963 705 2019 oriturex
734 1958 1096 2034 omnipotentia
1121 1956 1237 2016 Dei.
1278 1952 1478 2016 Tamen
1504 1975 1620 2031 qua:
1658 1964 1882 2032 possunt
1901 1970 2063 2024 expc-

474 2053 636 2110 ditius
664 2052 767 2110 dici
791 2062 890 2125 pro
922 2062 1187 2125 tempore,
1217 2063 1271 2107 et
1295 2050 1629 2107 commodius
1656 2044 1860 2116 audiri,
1889 2046 2061 2104 subti-

475 2136 636 2203 cerei
670 2146 821 2202 vobis
850 2158 956 2204 non
993 2154 1076 2201 est
1115 2143 1346 2201 consilii.
1376 2134 1454 2199 De
1495 2141 1608 2213 ipsa
1636 2139 2059 2203 resurrectione,

478 2236 630 2309 cujus
656 2238 708 2293 in
759 2254 819 2295 se
858 2237 974 2309 ipso
1019 2238 1273 2294 Dominus
1326 2234 1580 2307 prmmisit
1624 2232 1961 2303 exemplum,
2009 2237 2068 2283 ut

481 2332 743 2387 sciremus
795 2324 922 2403 quid
973 2332 1133 2388 etiam
1182 2320 1235 2386 in
1274 2328 1590 2402 corporibus
1638 2326 1834 2382 nostris
1862 2326 1913 2381 in
1962 2314 2067 2379 line

482 2422 662 2481 surculi
711 2432 928 2499 sperare
976 2422 1300 2494 debeamus,
1354 2424 1505 2479 multi
1543 2423 1710 2479 multa
1756 2422 2064 2491 disputant;

481 2519 640 2591 aliqui
683 2514 940 2588 ﬁdeliter,
983 2519 1145 2592 aliqui
1195 2516 1500 2575 inﬁdeliter.
1558 2518 1657 2588 Qui
1716 2516 1943 2572 ﬁdeliter
1988 2514 2069 2571 di—

482 2610 703 2683 sinitaut
734 2654 749 2681 ,
800 2612 939 2670 scire
986 2614 1175 2669 volunt
1216 2611 1520 2687 diligentius
1557 2608 1685 2681 quid
1712 2608 2071 2680 respondeant

480 2696 782 2761 iuittdetthus
825 2723 840 2761 :
879 2705 969 2777 qui
1017 2715 1196 2761 autem
1246 2697 1532 2760 inﬁdeliter
1580 2701 1884 2773 disputant,
1916 2715 2071 2771 argu—

374 2858 379 2867 ,
479 2798 787 2857 metuantur
814 2808 996 2856 contra
1019 2798 1223 2855 animas
1252 2814 1377 2854 suas
1397 2839 1410 2864 ,
1433 2796 1750 2868 disputando
1774 2803 1955 2850 contra
1978 2808 2073 2864 po-

486 2896 705 2951 tentiam
741 2892 1168 2965 Omnipotentis,
1199 2891 1438 2948 dicentes
1458 2933 1473 2958 ,
1501 2890 1654 2947 Unde
1686 2888 1796 2944 ﬁeri
1820 2894 1996 2958 potest
2016 2894 2073 2941 ut

482 2996 725 3040 mortuus
756 2984 1037 3054 resurgat?
1066 2980 1197 3039 Dico
1224 2994 1322 3055 ego
1343 3024 1356 3046 ,
1387 2980 1528 3037 Deus
1571 2987 1655 3036 est
1696 2978 1783 3049 qui
1828 2978 1987 3042 facit,
2017 2984 2073 3031 et

464 3073 540 3130 'tu
574 3076 706 3131 dicis
727 3117 742 3141 ,
776 3075 921 3130 Fieri
953 3086 1056 3129 non
1089 3073 1303 3145 putest?
1332 3068 1446 3128 Non
1475 3070 1629 3136 dico,
1662 3072 1736 3126 Da
1766 3069 1897 3125 mihi
1919 3068 2073 3125 Chri-

484 3167 754 3233 stianum,
782 3166 849 3221 da
876 3162 1005 3220 mihi
1034 3165 1277 3221 Iudaeum
1311 3180 1324 3218 :
1355 3163 1449 3220 sed
1471 3206 1484 3229 ,
1512 3163 1579 3217 da
1610 3162 1737 3217 mihi
1758 3160 2027 3233 Paganttm
2053 3201 2068 3227 ,

483 3258 751 3325 idolorum
778 3258 1073 3322 cultorem,
1107 3256 1409 3313 damonum
1438 3266 1651 3310 servum
1674 3290 1689 3321 ,
1717 3254 1809 3324 qui
1842 3266 1949 3307 non
1993 3249 2073 3306 di-

484 3358 572 3407 cat
600 3349 765 3407 Deum
792 3363 913 3407 esse
942 3348 1384 3417 omnipotentem.
1422 3345 1629 3417 Negare
1674 3344 1943 3399 Christum
1972 3357 2069 3412 p0-

489 3452 625 3511 test,
655 3459 850 3515 negare
876 3442 1299 3513 omnipotentem
1329 3441 1496 3498 Deum
1527 3454 1633 3496 non
1682 3445 1876 3509 potest.
1902 3437 2072 3505 Quem

489 3548 546 3593 tu
576 3553 704 3611 ergo
727 3536 938 3604 credis;
958 3537 1113 3608 quasi
1140 3536 1355 3606 Pagauo
1381 3536 1610 3604 loquor;
1639 3548 1795 3606 quem
1824 3543 1878 3587 tu
1898 3531 2075 3588 credis

488 3632 656 3713 Deum
702 3632 1153 3702 omnipotentem,
1208 3632 1381 3701 ipsum
1427 3644 1529 3701 ego
1571 3628 1694 3685 dico
1741 3636 2073 3682 mortuorum

488 3724 879 3781 suseitatorcm.
924 3722 981 3782 Si
1022 3722 1252 3789 dixeris,
1296 3722 1410 3778 Non
1441 3729 1617 3792 potest
1657 3721 1803 3786 fieri,
1850 3718 2076 3789 derogas

490 3816 873 3887 Omnipotenti.
923 3815 983 3872 Si
1010 3824 1189 3873 autem
1236 3814 1412 3872 credis
1431 3805 1579 3870 illum
1620 3812 2073 3883 omnipotentem,

491 3925 579 3966 me
602 3924 767 3981 quare
791 3910 1003 3980 respuis
1030 3910 1128 3965 ista
1150 3907 1451 3969 dicentem?
2044 3960 2054 3971 ,

564 4001 791 4061 CAPUT
832 4001 920 4059 iii.
942 4002 1076 4058 -ὄ.
1098 3999 1234 4057 Caro
1259 4008 1485 4072 resurget
1506 3999 1613 4056 sine
1639 3998 1777 4054 vitio.
1801 3996 2082 4054 Calamito-

499 4105 602 4151 σιιηι
649 4095 872 4151 antatium
897 4109 1053 4150 causa
1105 4100 1385 4165 peccatum.
1425 4091 1484 4148 Si
1524 4091 1825 4147 diceremus
1863 4102 2079 4144 carnem

496 4195 915 4245 resurrecturum
939 4227 955 4252 ,
988 4194 1049 4242 ut
1073 4187 1312 4252 esuriat,
1344 4194 1405 4240 ut
1452 4185 1634 4250 sitiat,
1660 4193 1718 4239 ut
1743 4190 1997 4254 aegrotet,
2026 4190 2085 4236 ut

497 4277 738 4344 laboret;
778 4286 836 4335 ut
884 4279 1316 4349 corruptiouibus
1340 4278 1688 4349 subjiciatur;
1724 4277 1919 4333 merito
1965 4286 2083 4331 ere—

496 4368 628 4446 dere
647 4376 757 4427 non
772 4368 1024 4427 deberes.
1052 4370 1224 4426 Habet
1249 4372 1393 4427 enim
1422 4370 1581 4427 modo
1604 4384 1729 4427 caro
1753 4371 1852 4426 ista
1882 4370 1979 4424 has
1998 4370 2085 4425 vel

501 4462 848 4532 necessitates
878 4461 962 4517 vel
978 4462 1326 4518 calamitates.
1357 4463 1421 4518 Et
1448 4462 1550 4519 hoc
1577 4461 1752 4518 unde?
1777 4464 1946 4517 Causa
1961 4477 2086 4533 pec-

510 4564 686 4627 catum
713 4563 815 4615 est.
846 4553 901 4611 in
937 4570 1043 4611 uno
1088 4556 1458 4625 peccavimus,
1490 4565 1546 4613 et
1588 4564 1777 4613 omnes
1804 4557 1867 4611 ad
1892 4571 2084 4611 corru-

505 4650 739 4727 ptionem
794 4648 901 4705 nati
928 4662 1135 4705 sumus.
1165 4648 1425 4704 Malorum
1470 4649 1709 4704 omnium
1771 4659 2078 4705 nostrorum

503 4757 663 4803 causa
691 4755 966 4812 peccatum
994 4748 1095 4798 est.
1126 4740 1242 4797 Non
1289 4740 1431 4797 enim
1474 4742 1591 4798 sine
1636 4756 1796 4798 causa
1844 4742 2087 4797 homines

507 4835 643 4901 mala
672 4835 775 4893 ista
805 4837 1098 4907 patiuntur.
1119 4833 1309 4891 Justus
1332 4844 1416 4889 est
1436 4835 1609 4901 Deus,
1641 4835 1977 4905 omnipotens
2006 4840 2090 4888 est

504 4927 646 4997 Deus
675 4946 688 4983 :
716 4928 865 4987 nullo
910 4927 1073 4984 modo
1098 4927 1199 4985 ista
1232 4935 1555 4998 pateremur,
1607 4927 1653 4981 si
1701 4941 1805 4982 non
1855 4941 2093 4981 merere-

503 5034 645 5083 mur.
677 5018 785 5076 Sed
813 5035 935 5076 cum
976 5032 1219 5077 essemus
1262 5019 1315 5074 in
1346 5019 1553 5089 poenis,
1582 5018 1650 5074 ad
1690 5033 1821 5088 quas
1849 5019 2091 5073 venimus

506 5111 575 5173 de
618 5111 895 5185 peccatis,
926 5111 1184 5169 Dominus
1237 5121 1422 5168 noster
1463 5110 1617 5166 Jesus
1665 5099 1909 5166 Christus
1927 5110 2094 5165 voluit

504 5221 628 5282 esse
658 5206 711 5264 in
742 5206 917 5278 pmnis
941 5207 1143 5263 nostris
1183 5207 1303 5263 sine
1328 5206 1564 5276 peccatis
1587 5205 1715 5260 suis.
1767 5204 2093 5262 Sustinendo

505 5299 625 5367 sine
640 5299 797 5372 culpa
822 5314 1038 5373 pinnam
1066 5340 1082 5368 ,
1117 5308 1175 5356 et
1193 5298 1407 5369 culpam
1444 5298 1603 5354 solvit
1621 5306 1677 5353 et
1706 5308 1941 5369 pmnam.
1970 5297 2097 5353 Cul-

506 5406 633 5463 pam
654 5392 851 5459 Solvit,
880 5400 1097 5464 peccata
1124 5390 1374 5447 donando
1400 5411 1413 5443 :
1448 5405 1660 5460 pmmm
1688 5389 1879 5457 solvit,
1903 5405 1930 5442 a
1952 5403 2098 5444 mor-

436 5534 439 5539 .
511 5482 618 5540 tuis
646 5483 995 5556 resurgendo.
1024 5482 1139 5545 Hoc
1165 5482 1449 5553 promisit,
1481 5492 1537 5538 et
1562 5498 1660 5538 nos
1689 5482 1741 5537 in
1781 5496 1877 5551 spe
1910 5480 2099 5535 ambu-

514 5573 631 5633 lare
655 5575 823 5635 voluit
855 5593 869 5630 :
903 5591 1337 5646 perseveremus,
1366 5584 1416 5630 ct
1444 5576 1510 5631 ad
1551 5591 1664 5630 rem
1705 5574 2093 5645 perveniemus.

514 5668 653 5724 Caro
669 5677 911 5740 resurget
927 5668 1344 5741 incorruptibilis
1368 5711 1382 5737 ,
1402 5683 1526 5725 caro
1542 5675 1785 5739 resurget
1805 5667 1919 5722 sine
1945 5666 2094 5733 vitio,

518 5759 637 5821 sine
663 5757 1003 5819 deformitate
1020 5804 1035 5826 ,
1068 5762 1185 5829 sine
1210 5759 1568 5828 mortalitate,
1597 5760 1713 5816 sine
1739 5773 1929 5824 onere,
1982 5758 2099 5814 sine

574 5874 594 5907 ³
631 5879 764 5932 ω..
785 5870 1066 5926 subtrahere

1693 350 1752 408 S.
1792 341 2158 406 AUGUSTINI
2194 342 2503 403 EPISCOPI

3603 344 3742 407 “3%

2160 463 2416 535 pondere.
2444 463 2573 534 Qua:
2602 477 2745 521 nunc
2762 427 2868 520 tibi
2895 463 3018 520 facit
3050 470 3403 533 tormentum,
3429 472 3618 536 postea
3648 467 3740 528 ϋιή

2161 559 2262 615 erit
2304 567 2695 615 ornamentum.
2727 557 2869 629 Ergo
2895 558 2941 614 si
2967 560 3166 615 bonum
3192 569 3275 616 est
3301 560 3503 620 habere
3549 577 3744 634 corpus

2160 649 2591 729 incorruptibile,
2639 665 2803 722 quare
2846 651 2949 707 hoc
2993 650 3256 709 facturum
3304 653 3471 711 Deum
3501 654 3745 715 volumus

2160 744 2480 816 desperare?

2231 839 2457 896 CAPUT
2496 838 2584 899 iV.
2609 841 2754 897 -4.
2798 840 3232 913 Philowphorum
3259 845 3323 910 de
3348 846 3537 902 anim
3567 848 3751 903 condi-

2163 933 2295 988 tione
2324 944 2435 1005 post
2460 946 2668 991 mortem
2696 936 2981 1006 opiniones.
3020 938 3331 1010 Philosophi
3354 941 3538 997 muli
3570 942 3749 1012 hujus,

2163 1027 2253 1101 qui
2280 1028 2456 1098 magni
2476 1026 2765 1084 fueruntet
2789 1028 2963 1095 docti,
2985 1038 3043 1086 et
3079 1031 3290 1089 caeteris
3315 1032 3572 1091 meliores
3592 1075 3607 1098 ,
3637 1034 3750 1097 auio

2165 1135 2305 1173 mam
2330 1120 2618 1176 humanam
2641 1122 2995 1179 immortalem
3024 1138 3146 1199 esse
3167 1134 3456 1181 senserunt
3483 1144 3495 1179 :
3530 1141 3636 1181 nec
3662 1142 3752 1181 soa

2164 1211 2272 1267 lum
2298 1223 2625 1282 senserunt,
2654 1213 2749 1270 sed
2779 1215 2990 1284 quantis
3016 1224 3303 1284 potuerunt
3330 1217 3750 1287 argumentatio-

2166 1308 2322 1364 nibus
2369 1306 2756 1377 defenderunt,
2786 1317 2842 1364 et
2882 1308 3027 1379 ipsas
3067 1309 3411 1367 defensiones
3465 1325 3593 1367 suas
3621 1326 3752 1366 con-

2168 1403 2396 1473 scriptas
2432 1402 2662 1473 posteris
2686 1402 3039 1473 reliquerunt.
3085 1402 3226 1460 Sunt
3266 1403 3421 1469 libri,
3481 1403 3755 1475 leguntur.

2167 1496 2294 1553 ideo
2318 1497 2451 1552 istos
2503 1495 2851 1567 philosophos
2893 1495 3003 1551 dixi
3033 1495 3151 1551 aliis
3201 1495 3366 1551 fuisse
3394 1496 3651 1551 meliores
3707 1496 3759 1550 in

2168 1590 2565 1662 comparatione
2612 1589 2892 1660 pejorum;
2921 1588 3045 1660 quia
3090 1588 3304 1644 fuerunt
3330 1588 3639 1659 philosophi
3670 1588 3761 1659 qui

2170 1684 2408 1740 dicerent
2464 1683 2712 1751 homini,
2742 1699 2866 1740 cum
2903 1691 3146 1759 mortuus
3188 1682 3388 1749 fuerit,
3432 1682 3638 1737 nullam
3683 1682 3764 1736 vis

2172 1786 2277 1833 tam
2304 1786 2489 1848 postea
2518 1790 2819 1832 remanere.
2853 1775 3071 1831 Talibus
3098 1775 3175 1830 illi
3205 1777 3388 1845 utique
3405 1774 3762 1846 [imponendi

2172 1880 2315 1927 sunt.
2350 1871 2416 1926 Et
2442 1871 2494 1926 in
2516 1886 2621 1940 quo
2647 1879 2802 1926 erant
2821 1871 2894 1925 illi
2919 1870 3173 1926 meliores
3190 1909 3205 1934 ,
3235 1869 3481 1940 quamvis
3504 1869 3558 1923 in
3579 1868 3768 1923 multis

2171 1980 2203 2019 a
2230 1963 2458 2019 veritate
2477 1963 2757 2018 deviantes
2776 2003 2792 2029 ,
2817 1971 2995 2017 tamen
3014 1963 3066 2017 in
3088 1978 3194 2032 quo
3218 1968 3373 2017 erant
3400 1961 3489 2015 isti
3518 1962 3768 2032 superio-

2175 2070 2263 2112 res
2285 2096 2301 2122 ,
2333 2055 2543 2110 veritati
2573 2052 2788 2110 fuerant
2812 2054 3250 2124 propinquantes.
3284 2053 3349 2107 lli
3374 2066 3504 2124 ergo
3522 2053 3616 2123 qui
3645 2066 3771 2107 sen-

2174 2160 2365 2206 serunt
2391 2161 2548 2221 atque
2567 2148 2819 2204 dixerunt
2845 2149 3053 2204 animas
3082 2148 3341 2203 humanas
3386 2146 3765 2213 immortales,

2174 2244 2242 2299 de
2267 2243 2422 2299 malis
2450 2241 2726 2297 hominum
2746 2284 2759 2306 ,
2791 2241 2859 2296 de
2884 2240 3138 2296 arumnis
3164 2239 3546 2309 erroribusque
3567 2247 3771 2293 morta-

2177 2317 2304 2392 lium
2337 2337 2664 2407 qumsierunt
2704 2348 2931 2400 causas,
2980 2340 3238 2405 quantum
3286 2331 3537 2386 homines
3576 2339 3769 2401 potue-

2177 2438 2333 2496 runt;
2365 2438 2420 2484 et
2447 2429 2696 2484 dixerunt
2719 2469 2734 2494 ,
2757 2427 2895 2481 sicut
2926 2433 3244 2496 potuerunt,
3300 2422 3655 2494 przecessisse
3675 2436 3769 2477 ne-

2179 2522 2290 2577 scio
2336 2537 2455 2593 quae
2499 2520 2552 2575 iu
2605 2520 2708 2574 alia
2735 2519 2838 2574 vita
2861 2526 3107 2588 peccata,
3164 2524 3389 2586 Quorum
3422 2520 3770 2584 peccatorum

2181 2616 2373 2671 merito
2403 2615 2505 2670 ista
2525 2628 2750 2685 corpora
2776 2613 2921 2669 velut
2947 2620 3219 2667 carcerem
3265 2610 3459 2663 anima:
3489 2616 3770 2664 mereren-

2181 2720 2285 2766 tur.
2318 2710 2519 2765 Deinde
2567 2708 2850 2779 quarsitum
2892 2716 2976 2763 est
3005 2706 3073 2761 ab
3115 2706 3224 2770 eis,
3272 2703 3398 2775 quid
3430 2710 3625 2773 postea
3652 2715 3772 2758 cum

2181 2802 2343 2859 fuerit
2369 2802 2533 2856 homo
2562 2808 2805 2855 mortuus
2822 2836 2837 2864 ,
2880 2797 3008 2869 quid
3036 2797 3160 2853 criti
3191 2796 3259 2851 Et
3286 2795 3374 2851 hie
3398 2794 3775 2850 contriverunt

2182 2896 2392 2967 ingenia
2420 2910 2547 2960 sua;
2580 2902 2635 2951 et
2687 2894 3094 2958 laboraverunt,
3148 2894 3403 2961 quantum
3438 2894 3769 2959 potuerunt,

2181 2989 2409 3045 reddere
2436 2986 2740 3042 hominibus
2766 2985 3028 3039 rationein
3049 3026 3064 3047 ,
3102 2983 3188 3037 vel
3228 2981 3328 3036 sibi
3355 3021 3370 3046 ,
3403 2980 3492 3035 vel
3519 2980 3650 3034 aliis
3683 2980 3777 3033 τοι

2181 3082 2463 3145 dixerunt,
2493 3079 2701 3135 animas
2737 3076 3012 3132 hominum
3041 3075 3181 3129 male
3211 3072 3503 3128 viventium
3536 3072 3775 3125 immun-

2181 3177 2277 3232 das
2296 3175 2548 3248 pessimis
2596 3171 2837 3229 moribus
2860 3210 2875 3238 ,
2905 3184 3027 3226 cum
3058 3169 3287 3224 exierint
3311 3166 3380 3221 de
3408 3165 3737 3236 corporibus
3758 3200 3773 3229 ,

2182 3281 2370 3323 rursus
2388 3267 2645 3321 continuo
2673 3264 2873 3319 revolvi
2893 3262 2959 3318 tl
2981 3261 3079 3317 alia
3110 3274 3334 3331 corpora
3354 3298 3368 3325 ,
3394 3267 3450 3313 et
3478 3271 3675 3329 pinnas
3694 3256 3776 3310 hic

2183 3360 2331 3416 luere
2354 3373 2488 3430 quas
2514 3356 2788 3421 videmus;
2816 3369 2912 3413 eas
2940 3366 3068 3410 vero
3092 3352 3299 3406 animas
3325 3364 3447 3421 quae
3468 3350 3616 3404 bene
3637 3349 3782 3402 vire-

2182 3460 2342 3519 ruut,
2366 3468 2489 3508 cum
2540 3450 2771 3506 exierint
2810 3448 2879 3504 de
2906 3447 3221 3517 corporibus
3245 3488 3260 3512 ,
3315 3446 3394 3500 ire
3418 3444 3487 3500 ad
3542 3454 3776 3515 superna

2182 3548 2439 3603 caelorum
2460 3586 2476 3613 ,
2506 3544 2848 3616 requiescere
2872 3542 2944 3597 ibi
2976 3542 3028 3595 in
3054 3540 3225 3595 stellis
3250 3547 3306 3595 et
3331 3537 3630 3593 luminibus
3670 3536 3780 3591 istis

2183 3640 2486 3711 conspicuis
2511 3680 2527 3707 ,
2560 3639 2643 3694 vel
2674 3637 3096 3707 quibuscumque
3125 3631 3434 3689 caelestibus
3474 3630 3779 3701 abditisque

2184 3733 2442 3800 secretis,
2495 3730 2735 3787 oblivisci
2774 3728 3013 3783 omnium
3057 3726 3446 3796 prmteritorum
3477 3724 3778 3789 maiorum,

2184 3839 2238 3886 et
2264 3841 2451 3884 rursus
2475 3826 2727 3882 delectari
2750 3823 2927 3879 redire
2946 3821 3010 3876 ad
3032 3834 3256 3890 corpora
3273 3860 3288 3885 ,
3306 3828 3360 3874 et
3374 3817 3568 3873 venire
3589 3818 3781 3872 iterum

2186 3921 2253 3977 ad
2294 3922 2391 3977 ista
2416 3917 2683 3990 patienda.
2712 3916 2825 3973 Hoc
2852 3928 2982 3985 ergo
3026 3914 3289 3969 interesse
3315 3910 3610 3965 voluerunt
3646 3910 3784 3965 inter

2188 4014 2395 4069 animas
2424 4015 2764 4083 peccaton
2793 4016 2846 4063 et
2874 4007 3080 4061 animas
3104 4005 3368 4076 iustorum
3386 4045 3401 4068 ,
3434 4002 3562 4073 quia
3591 4008 3783 4072 perca-

2188 4116 2365 4160 torum
2409 4103 2616 4158 animas
2664 4100 2731 4157 de
2767 4100 3008 4170 proximo
3053 4098 3230 4153 statim
3271 4108 3392 4150 cum
3440 4095 3683 4149 exierint
3718 4090 3786 4147 de

2189 4198 2531 4269 corporibus,
2557 4195 2746 4251 dicunt
2780 4192 2979 4249 revolvi
3016 4192 3085 4245 ad
3119 4190 3287 4246 altera
3322 4198 3589 4258 corpora;
3615 4188 3786 4258 justo-

2190 4306 2308 4348 rum
2352 4298 2530 4345 autem
2571 4287 2778 4347 animas
2818 4284 2910 4340 diu
2958 4292 3079 4339 esse
3120 4283 3176 4337 in
3217 4280 3433 4351 requie;
3464 4290 3573 4334 non
3607 4286 3786 4335 tamen

2189 4398 2425 4454 semper,
2447 4380 2542 4438 sed
2581 4392 2767 4435 rursus
2790 4376 3042 4433 delectari
3083 4372 3428 4445 corporibus,
3460 4379 3514 4427 et
3541 4370 3614 4427 de
3640 4380 3788 4427 suin-

2192 4478 2295 4533 mis
2322 4476 2474 4533 omits
2503 4484 2625 4546 pOSt
2654 4480 2855 4527 tantam
2894 4467 3156 4540 justitiam
3193 4463 3261 4522 ad
3296 4466 3398 4520 iSIa
3420 4464 3565 4519 mala
3609 4464 3789 4519 facere

2192 4572 2422 4627 ruinam.

2263 4660 2489 4718 CAPUT
2534 4658 2598 4713 Υ.
2628 4686 2703 4699 —-
2726 4655 2995 4727 Sapientia
3021 4652 3201 4707 Mundi
3228 4650 3334 4705 Deo
3382 4649 3623 4727 emititur.
3686 4647 3793 4727 ‘Re—

2193 4747 2436 4804 surrcctio
2463 4745 2713 4816 promissa
2733 4722 2831 4813 piis
2860 4738 3173 4793 credentibus
3198 4737 3249 4790 in
3289 4726 3644 4788 Hediatorem.
3682 4722 3791 4786 Hoc

2195 4841 2447 4895 dixerunt
2472 4836 2627 4891 valde
2660 4833 2836 4904 magni
2859 4829 3180 4902 philosophi.
3226 4828 3335 4881 Isto
3380 4828 3502 4897 plus
3549 4822 3792 4880 invenire

2197 4931 2328 4987 nihil
2355 4936 2642 5000 potuerunt
2686 4922 2986 4996 philosophi
3024 4920 3208 4977 mundi
3254 4918 3451 4988 huius,
3482 4918 3554 4971 de
3597 4917 3795 4986 quibus

2197 5023 2327 5083 dicit
2345 5021 2620 5091 Scriptura
2648 5025 2834 5072 nostra
2867 5032 2881 5069 :
2912 5014 3137 5069 Stultum
3157 5011 3272 5084 fecit
3299 5008 3439 5063 Deus
3484 5008 3792 5078 sapientiam

2201 5116 2353 5187 hujus
2380 5113 2576 5169 mundi.
2608 5111 2667 5168 Si
2695 5108 3009 5180 sapientiam
3032 5140 3047 5173 ,
3071 5114 3270 5177 quanto
3289 5103 3459 5174 magis
3485 5098 3795 5157 stultitiam?

2199 5207 2256 5263 Si
2278 5206 2538 5276 sapientia
2554 5201 2739 5260 mutuli
2767 5199 2988 5255 stultitia
3016 5207 3099 5254 est
3116 5196 3256 5267 apud
3278 5197 3446 5251 Deum
3469 5230 3483 5260 ,
3507 5198 3635 5249 Vera
3657 5188 3795 5247 stul-

2202 5300 2316 5354 titia
2344 5296 2530 5354 mundi
2557 5310 2714 5365 quem
2745 5294 2901 5363 longe
2923 5300 3008 5346 est
3035 5306 3065 5345 a
3094 5289 3243 5345 Deo?
3289 5288 3384 5343 Est
3409 5296 3593 5342 tamen
3642 5296 3796 5355 qua:-

2200 5393 2325 5447 dam
2351 5389 2575 5447 stultitia
2598 5385 2784 5445 utuudi
2810 5384 2987 5454 huius,
3011 5398 3133 5453 quae
3161 5379 3479 5451 pervenitad
3502 5378 3672 5433 Deum
3693 5410 3709 5439 ,
3724 5374 3797 5428 de

2203 5500 2308 5554 qua
2334 5483 2463 5541 dicit
2490 5479 2780 5553 Apostolus
2812 5495 2825 5532 :
2860 5476 3116 5543 Quoniam
3163 5474 3217 5531 iu
3266 5472 3514 5543 sapientia
3557 5469 3647 5527 Dei
3692 5480 3797 5521 sm

2206 5577 2435 5649 cognorit
2467 5573 2685 5628 mundus
2738 5588 2826 5643 per
2874 5568 3173 5640 sapientiam
3227 5565 3410 5629 Deum,
3442 5563 3636 5637 piarum
3691 5557 3799 5649 Deo

2208 5690 2297 5746 per
2331 5664 2597 5725 stultitiam
2622 5660 2996 5738 prwdicationis
3021 5650 3186 5715 salvos
3217 5661 3378 5728 facere
3416 5654 3692 5710 credentes.
3733 5636 3805 5704 Et

2207 5743 2340 5819 dicit
2368 5781 2381 5816 :
2416 5781 2434 5812 ε
2468 5758 2731 5830 Quoniam
2756 5753 2925 5811 Judaei
2953 5753 3101 5822 signa
3130 5756 3335 5822 petunt,
3383 5757 3438 5802 et
3488 5743 3660 5800 (inci
3714 5752 3803 5794 90-

2209 5865 2465 5929 prenttam
2496 5859 2742 5927 quaerunt
2768 5868 2780 5904 :
2814 5863 2908 5906 nos
2936 5850 3112 5903 autem
3137 5837 3489 5916 praedicamus
3524 5832 3801 5894 Christum
