4070 6330
249 379 262 394 ἱ
336 292 479 355 H35

336 410 686 479 cruciﬁxum;
731 410 928 468 Judaeis
984 410 1196 482 quidem
1253 410 1562 467 scandalum
1599 449 1613 475 ,
1659 406 1916 463 Gentibus

336 505 657 572 stultitiam;
705 505 837 577 ipsis
880 512 1060 563 autem
1112 504 1313 561 vocatis
1362 502 1560 560 Judmis
1605 511 1660 565 ct
1718 498 1920 558 Graecis

336 597 610 655 Christum
638 597 731 653 Dei
756 597 1006 655 virtutem
1029 606 1085 652 et
1108 597 1201 653 Dei
1227 595 1544 666 sapientiam
1579 611 1600 646 ι
1641 591 1695 667 (Ι
1725 591 1842 663 Cor.
1876 607 1916 659 ι,

340 689 563 764 20-24).
591 691 757 749 Venit
780 691 1038 747 Dominus
1065 690 1328 757 Christus,
1359 688 1626 760 sapientia
1656 686 1785 744 Dei:
1809 700 1919 743 cm-

339 781 448 837 lum
491 789 674 836 tonat:
728 798 875 837 rente
900 790 1123 837 taceant.
1161 780 1312 850 Quod
1343 779 1478 836 dixit
1530 779 1726 837 veritas
1752 820 1766 847 ,
1817 776 1949 853 hoc

334 882 418 931 est
447 867 651 931 verum.
681 873 831 945 Quod
858 874 1008 940 dixit,
1043 875 1098 931 in
1136 875 1278 932 maio
1331 873 1547 947 quidem
1595 887 1715 929 esse
1752 885 1920 944 genus

337 952 629 1021 humanum
658 981 818 1022 causa
858 965 1093 1037 pwcati,
1142 963 1482 1024 manifestum
1508 973 1613 1023 est.
1665 963 1773 1021 Sed
1826 964 1919 1034 qui

342 1058 634 1113 crediderit
658 1058 710 1113 in
737 1058 1080 1115 Mediatorem
1098 1101 1112 1126 ,
1141 1058 1230 1129 qui
1258 1057 1577 1114 constitutus
1603 1060 1686 1112 est
1711 1054 1918 1110 mediiis

332 1149 471 1204 inter
498 1150 668 1206 Deum
688 1155 744 1205 et
765 1150 1009 1205 homines
1047 1149 1219 1223 (inter
1244 1150 1412 1215 Deum
1435 1148 1637 1219 justum
1664 1155 1720 1202 et
1742 1145 1918 1202 homi-

334 1257 431 1296 nes
478 1242 741 1310 injustos,
799 1241 1007 1297 medius
1070 1241 1231 1297 homo
1291 1240 1487 1312 justus,
1530 1238 1917 1294 humanitatem

333 1332 538 1389 habens
557 1332 625 1389 de
653 1334 779 1400 imo,
804 1333 1065 1405 justitiam
1090 1332 1160 1395 de
1185 1348 1395 1399 nmmo
1414 1341 1499 1400 ;et
1522 1332 1644 1395 ideo
1673 1330 1915 1395 medius:

331 1423 457 1480 hinc
480 1440 641 1481 unum
664 1462 681 1494 ,
728 1436 782 1483 et
805 1424 929 1483 inde
951 1440 1114 1485 unum
1147 1443 1161 1481 :
1188 1426 1312 1497 quia
1340 1426 1387 1482 si
1431 1434 1716 1496 utrumque
1768 1421 1914 1489 inde,

330 1519 403 1573 ibi
432 1527 614 1585 esset;
651 1520 698 1575 si
736 1528 1024 1592 utrumque
1064 1520 1227 1589 hinc,
1272 1520 1548 1577 nobiseum
1589 1520 1825 1590 iaceret,
1864 1523 1921 1574 et

332 1611 538 1669 medius
556 1628 661 1670 non
678 1615 843 1686 esset)
865 1633 878 1669 :
897 1615 986 1685 qui
1007 1629 1137 1685 ergo
1163 1613 1452 1670 crediderit
1474 1614 1527 1668 in
1551 1613 1911 1680 “adiutorem,

330 1713 386 1759 et
436 1703 661 1761 tideliter
702 1719 766 1761 ac
812 1706 951 1762 bene
976 1705 1208 1774 vixerit,
1261 1706 1403 1762 exiet
1432 1704 1648 1777 quidem
1695 1705 1765 1761 de
1788 1714 1945 1774 seru:

333 1811 484 1866 pore,
509 1808 564 1854 et
590 1799 695 1854 erit
726 1799 781 1854 in
805 1799 1025 1870 requie;
1068 1806 1251 1869 postea
1294 1810 1423 1855 vero
1451 1798 1674 1869 recipiet
1722 1791 1943 1870 eos-pust?

332 1905 440 1945 non
469 1889 537 1947 ad
564 1898 919 1958 tormentum,
987 1892 1083 1949 sed
1111 1891 1611 1959 “ornamentum,
1667 1900 1725 1948 et
1774 1892 1947 1959 vivetj

333 1997 457 2038 cum
483 1984 595 2040 Deo
620 1984 673 2045 in
717 1993 995 2043 ueterum.
1028 1985 1145 2041 Non
1174 1984 1423 2055 estquod
1447 2000 1570 2040 eum
1590 1984 1820 2042 delectet
1859 1992 1922 2043 ut

333 2076 521 2134 redeat
551 2096 566 2134 :
591 2078 713 2149 quia
737 2094 920 2135 secum
948 2079 1111 2136 habet
1133 2084 1350 2151 corpus.
1378 2080 1521 2151 Ergo
1538 2121 1552 2146 ,
1578 2080 1878 2137 charissiml
1900 2116 1916 2148 ,

332 2172 585 2239 quoniam
611 2173 862 2244 proposui
890 2174 1042 2229 vobis
1072 2173 1231 2230 hodie
1256 2174 1383 2245 quid
1410 2175 1592 2231 dicunt
1611 2179 1772 2231 etiam
1794 2177 1919 2249 phi~

296 2272 301 2277 '
334 2262 545 2335 losophi
576 2266 762 2322 mundi
786 2267 965 2337 hujus,
994 2283 1219 2338 quorum
1251 2269 1391 2325 Deus
1436 2268 1750 2340 sapientiam
1806 2281 1922 2327 tan.

336 2373 499 2428 quam
525 2375 710 2417 verum
749 2362 1030 2418 stultitiam
1081 2362 1419 2432 reprohavit,
1446 2366 1719 2435 crastino,
1772 2365 1922 2439 adjua

336 2460 498 2510 rante
528 2454 757 2515 Domino
779 2494 796 2526 ,
819 2466 1088 2526 expauere
1114 2456 1425 2527 poterimus.

829 2613 1058 2673 saeuo
1097 2614 1300 2675 CCXLI
1326 2618 1462 2692 ‘(a).

784 2734 836 2779 in
856 2729 1032 2781 diebus
1053 2731 1372 2793 Paschalihus,
1394 2745 1481 2784 xu.

479 2830 562 2887 De
584 2832 968 2906 Restat-rectique
991 2851 1266 2909 corporum
1285 2879 1300 2905 ,
1331 2848 1507 2895 contra
1534 2838 1776 2896 Gentiles.

410 2940 636 3002 CAPUT
676 2943 1116 3006 PRIMUM.—i.
1156 2946 1477 3006 Resurrectio
1498 2952 1625 3023 ﬁdes
1680 2948 1925 3010 Christia-

339 3052 539 3091 norum.
574 3037 708 3094 Deus
751 3056 782 3094 a
806 3040 1120 3115 philosophis
1159 3044 1385 3114 cognitus
1411 3061 1474 3099 ex
1498 3040 1731 3119 aperibus
1782 3065 1925 3103 mun-

339 3122 413 3185 di.
486 3130 704 3205 Propria
758 3128 891 3191 fides
935 3145 1017 3193 est
1071 3132 1547 3208 Christianorum,
1604 3140 1927 3197 resurrectio

340 3232 691 3279 mortuorum.
720 3222 867 3283 lianc
889 3230 939 3283 in
972 3245 1030 3285 se
1060 3229 1176 3300 ipso
1196 3273 1209 3299 ,
1256 3224 1309 3286 id
1338 3236 1450 3296 est,
1477 3235 1923 3290 resurrectionem

338 3322 671 3371 mortuorum
709 3361 723 3384 ,
771 3330 929 3389 caput
983 3332 1222 3376 nostrum
1273 3310 1513 3380 Christus
1558 3318 1823 3393 ostendit,
1874 3338 1929 3384 et

339 3408 638 3478 exemplum
664 3406 785 3465 iidei
816 3408 969 3467 nobis
997 3408 1242 3483 prmstitit
1267 3432 1281 3479 ;
1314 3425 1370 3470 ut
1397 3415 1497 3473 hoc
1518 3428 1733 3487 sperent
1761 3436 1930 3477 mem-

339 3499 438 3556 bra
469 3503 518 3556 in
551 3519 630 3567 sc,
668 3503 807 3575 quod
837 3506 1112 3576 praecessit
1139 3507 1190 3561 in
1218 3509 1408 3580 capite.
1442 3508 1703 3567 Hesterno
1732 3508 1818 3569 die
1846 3530 1929 3570 vo-

338 3590 424 3645 bis
454 3592 861 3659 insinuavimus,
894 3597 1160 3667 sapientes
1189 3594 1479 3669 Gentium,
1511 3617 1644 3672 quos
1688 3596 1925 3675 philoso-

343 3680 479 3750 phos
501 3674 702 3750 dicunt,
734 3682 877 3754 ipsos
899 3686 1062 3756 quiin
1094 3682 1173 3743 ei's
1205 3690 1643 3747 excellentissimi
1674 3674 1887 3749 luerunt
1910 3737 1924 3763 ,

341 3780 607 3828 scrutatos
637 3774 798 3831 fuisse
850 3786 1090 3834 naturam
1115 3821 1128 3845 ,
1168 3789 1221 3835 et
1266 3781 1332 3837 de
1385 3781 1636 3857 operibus
1668 3785 1928 3843 artiﬁcem

341 3864 656 3935 cognovisse
684 3860 773 3941 (In
812 3871 1069 3940 superiore
1094 3870 1363 3946 sermone).
1383 3872 1679 3946 Prophetas
1705 3892 1810 3933 non
1835 3894 1929 3933 au-

332 3956 577 4027 dierunt,
626 3959 794 4033 legem
826 3958 919 4019 Dei
958 3978 1068 4021 non
1102 3976 1481 4037 acceperunt:
1527 3964 1620 4025 sed
1658 3966 1735 4027 eis
1789 3964 1928 4027 Deus

340 4051 572 4121 quodam
600 4048 758 4109 tnodo
786 4052 949 4111 silens
971 4052 1137 4128 ipsius
1168 4058 1350 4113 mundi
1379 4056 1629 4132 operibus
1671 4056 1927 4133 loqueba-

342 4148 448 4210 tttr,
495 4154 547 4200 et
592 4162 685 4202 eos
710 4146 775 4207 ad
805 4144 1151 4220 quaerendum
1181 4151 1438 4211 artiﬁcem
1464 4168 1640 4211 rerum
1667 4197 1682 4221 ,
1744 4157 1927 4214 mundi

340 4236 546 4305 species
570 4238 829 4299 invitabat
856 4258 869 4296 :
911 4259 1009 4300 nec
1055 4255 1345 4317 potuerunt
1371 4240 1423 4307 in
1447 4249 1683 4305 animum
1710 4251 1929 4309 induce-

341 4320 638 4394 re,cmlum
669 4340 722 4386 et
744 4340 942 4390 terram
987 4332 1104 4392 sine
1149 4342 1366 4394 auctore
1419 4350 1686 4397 constare.
1720 4342 1795 4399 De
1845 4344 1929 4402 his

340 4415 530 4477 beatus
570 4420 765 4479 Paulus
822 4427 1092 4497 apostolus
1152 4428 1223 4484 ita
1273 4428 1505 4502 loquitur
1556 4450 1576 4489 :
1622 4433 1926 4505 Revelatur,

342 4504 533 4579 inquit,
559 4511 636 4567 ira
662 4512 760 4568 Dei
786 4510 848 4570 de
866 4516 990 4572 caelo
1022 4536 1175 4590 super
1199 4537 1397 4576 onmem
1436 4523 1764 4594 impietatem.
1791 4504 1928 4594 Quid

342 4596 458 4670 est,
506 4621 659 4676 super
700 4623 897 4662 omnem
939 4603 1284 4681 impietatem?
1321 4610 1434 4669 Non
1462 4608 1630 4672 solum
1658 4632 1819 4690 super
1840 4619 1929 4675 Ju-

322 4690 525 4781 zdicos,
559 4696 646 4766 qui
680 4697 772 4754 Dei
805 4698 974 4772 legem
1019 4713 1375 4779 acceperunt,
1419 4715 1473 4762 et
1518 4698 1648 4781 legis
1689 4708 1929 4767 datorem

332 4783 713 4855 oilenderunt;
746 4806 929 4846 verum
969 4792 1127 4849 etiam
1153 4811 1317 4865 super
1344 4813 1560 4854 onmem
1601 4796 1929 4871 impietatem

342 4877 594 4936 Gentium
624 4885 889 4943 revelatur
912 4886 987 4941 ira
1019 4887 1109 4942 Dei
1140 4888 1205 4943 dc
1228 4890 1383 4946 ccelo.
1432 4892 1499 4947 Et
1536 4908 1604 4951 ne
1649 4895 1929 4967 quisquam

341 4969 562 5039 diceret,
591 4972 786 5045 Quare,
814 4992 933 5033 cum
963 4977 1060 5051 ipsi
1088 4981 1258 5052 legem
1286 4998 1389 5046 non
1419 4987 1753 5057 acceperint?
1773 5003 1930 5044 secu-

341 5070 427 5118 tus
472 5060 844 5135 adjtmxit:Et
890 5070 1188 5140 injustitiam
1239 5091 1412 5133 eorum
1449 5077 1536 5147 qui
1581 5079 1837 5135 veritatem
1874 5082 1931 5138 in

340 5155 605 5228 iniquitate
631 5156 871 5217 detinent.
893 5159 1010 5219 .lam
1042 5173 1095 5219 tu
1117 5164 1408 5236 responde:
1429 5168 1594 5238 Quam
1618 5173 1929 5233 veritatem?

342 5245 459 5302 Non
492 5249 632 5305 enim
660 5263 983 5325 acceperunt
1018 5253 1252 5329 Legem,
1303 5274 1409 5315 non
1462 5264 1604 5321 enim
1650 5265 1932 5325 audierunt

342 5341 679 5413 prophetam.
713 5344 848 5404 Audi
875 5365 1033 5419 quam
1058 5352 1332 5409 veritatem
1360 5371 1372 5408 :
1404 5353 1653 5423 Quoniam
1679 5360 1815 5433 quod
1840 5379 1932 5417 no-

346 5438 456 5487 tum
481 5443 569 5501 est,
598 5437 798 5517 ii-quit,
831 5434 945 5511 Dei,
974 5444 1295 5519 manifestum
1320 5456 1393 5501 est
1418 5448 1471 5503 in
1498 5450 1619 5505 illis.
1650 5451 1800 5510 Unde
1826 5470 1933 5510 ma-

342 5520 634 5617 nifestum?
662 5530 852 5586 Adhuc
893 5531 1054 5590 audi:
1083 5528 1221 5593 Deus
1254 5540 1384 5597 enim
1426 5542 1528 5597 illis
1569 5546 1927 5617 manifestavil.

402 5629 930 5717 Lgoillatuiademnes
948 5649 1053 5697 Mss.
1081 5649 1135 5696 et
1172 5645 1286 5698 Edd.
1311 5654 1362 5700 tn
1381 5661 1612 5707 sermone
1633 5654 1932 5717 praecedenti

273 5754 283 5770 κ
341 5693 485 5770 "si?
505 5697 804 5770 designatos-

405 5754 481 5819 (α)
503 5754 643 5825 Abas",
664 5761 731 5814 de
747 5770 984 5827 Tempore
1010 5767 1116 5819 145.

1748 286 1980 349 SERMO
2016 290 2235 348 CCXLI.

3478 295 3620 359 1184

2034 405 2091 461 Si
2120 406 2296 462 adhuc
2325 408 2526 477 quieris
2545 452 2558 475 ,
2586 407 2863 475 Quomodo
2904 402 3292 479 manifestavit,
3323 412 3620 484 quibus'le-

2031 512 2150 566 gem
2183 513 2291 553 non
2323 499 2502 555 dedit?
2531 502 2655 557 audi
2679 502 2985 572 quomodo:
3009 501 3293 559 lnuisibilia
3324 504 3457 559 enim
3483 507 3616 578 ejus,

2030 608 2061 645 a
2089 592 2445 649 constitutione
2474 595 2673 663 mundi,
2704 613 2792 668 per
2817 615 2874 651 ea
2894 613 3006 670 qua:
3030 599 3165 671 facta
3190 606 3328 667 sunt,
3359 594 3617 655 intellecta

2028 684 2425 755 conspiciuntur.
2457 685 2736 743 Invisibilia
2762 690 2895 744 enim
2921 689 3051 761 ejus,
3079 689 3181 745 hoc
3206 696 3308 757 est,
3333 686 3618 747 invisibilia

2014 773 2119 830 .Dei
2145 793 2158 829 :
2186 792 2216 830 a
2242 778 2593 835 constitutione
2638 778 2849 845 mundi,
2878 776 2928 835 id
2951 788 3033 837 est
3053 822 3069 850 ,
3095 798 3160 837 ex
3189 796 3294 853 quo
3343 776 3619 840 constituit

2027 866 2280 951 mundum
2308 886 2320 924 :
2344 886 2435 940 per
2456 886 2518 923 ea
2547 886 2660 940 quo:
2695 876 2832 944 facta
2870 881 2984 927 sunt
3016 864 3272 928 intellecta
3297 868 3620 944 conspiciun-

2026 967 2126 1028 tur,
2158 956 2243 1015 illa
2273 974 2369 1033 per
2399 963 2514 1018 lucc
2540 958 2805 1021 intellecta
2835 965 3255 1037 conspiciuntur.
3292 964 3617 1038 Sempiterna

2025 1067 2254 1124 quoque;
2281 1053 2443 1110 verba
2471 1054 2709 1126 Apostoii
2738 1056 2881 1126 dico,
2907 1058 3018 1129 ipsa
3046 1066 3229 1116 altexo
3255 1076 3269 1114 :
3293 1056 3617 1131 Sentpitenta

2024 1160 2217 1217 quoque
2254 1138 2410 1201 virtus
2456 1144 2564 1219 ejus
2607 1157 2651 1200 et
2696 1148 2934 1204 divinitas
2958 1192 2971 1214 ,
2999 1148 3252 1206 subaudis
3277 1191 3293 1219 ,
3342 1147 3615 1209 Intellecta

2026 1239 2445 1310 conspiciuntur.
2482 1235 2551 1296 Ut
2593 1241 2693 1298 sint
2732 1240 3113 1298 inexcusabiles.
3143 1242 3320 1311 Quare
3342 1244 3614 1301 inexcusa-
3660 1296 3663 1301 .

2026 1328 2187 1385 biles?
2210 1330 2341 1397 Quia
2367 1342 2720 1405 cognoscentes
2764 1328 2961 1403 Deum,
3001 1352 3101 1390 non
3143 1337 3273 1392 sicut
3307 1330 3471 1392 Deum
3497 1337 3615 1411 glo-

2024 1424 2367 1499 riﬁcaverunt,
2398 1432 2485 1483 aut
2511 1428 2703 1502 gratias
2730 1439 2956 1502 egerunt.
2982 1427 3098 1486 Non
3125 1422 3277 1499 dixit,
3302 1424 3615 1489 Neseientes

2032 1518 2229 1587 Deum;
2263 1520 2374 1587 sed,
2407 1533 2775 1596 cognoscentes.

2096 1606 2323 1668 CAPUT
2342 1606 2483 1670 ll.—
2497 1614 2550 1669 2.
2572 1597 2906 1671 Pulchritudo
2922 1626 3266 1672 creaturarum
3277 1619 3525 1691 confessio
3541 1626 3615 1676 est

2025 1704 2296 1762 Creatoris.
2312 1704 2384 1761 Ab
2398 1706 2613 1764 hominis
2634 1710 2914 1781 cognitione
2930 1710 2996 1765 ad
3019 1712 3353 1783 cognitionem
3374 1710 3467 1766 Dei
3494 1724 3614 1787 quo.

2026 1792 2178 1854 modo
2192 1811 2515 1870 pervenerunt
2526 1800 2833 1875 philosophi.
2851 1801 3001 1859 Unde
3018 1802 3423 1874 cognoscentes?
3439 1802 3515 1860 Ex
3532 1804 3616 1861 his

2026 1908 2145 1964 quae
2167 1890 2309 1948 fecit.
2341 1891 2609 1966 interroga
2648 1888 3094 1965 pulchritudinem
3125 1901 3281 1949 terra)
3302 1938 3315 1961 ,
3351 1895 3619 1966 interroga

2025 1984 2472 2069 pulchritudinem
2496 1987 2681 2057 maris,
2712 1987 2977 2059 interroga
3019 1984 3460 2059 pulchritudinem
3486 1989 3619 2045 dila-

2026 2074 2120 2135 tati
2150 2088 2201 2134 et
2226 2072 2402 2134 diil‘usi
2424 2078 2580 2148 aeris,
2603 2079 2867 2152 interrbga
2897 2078 3340 2152 pulchritudinem
3369 2080 3512 2150 caeli,
3536 2082 3620 2137 in-

2027 2168 2233 2244 terroga
2262 2172 2502 2229 ordinem
2533 2168 2788 2242 siderum,
2812 2176 3077 2247 interroga
3105 2176 3272 2231 solem
3292 2173 3498 2247 fulgore
3519 2184 3618 2231 Suo

2026 2260 2170 2321 diem
2191 2264 2593 2333 clariiicantem,
2621 2264 2889 2339 interroga
2917 2256 3092 2322 lunam
3123 2267 3407 2340 Splendore
3432 2270 3620 2324 subse-

2026 2356 2240 2428 quentis
2266 2357 2436 2413 noctis
2468 2358 2712 2415 tenebras
2753 2370 3134 2434 temperantem
3156 2403 3171 2429 ,
3200 2358 3468 2432 interroga
3498 2360 3617 2415 ani-

2026 2450 2186 2505 malia
2215 2467 2332 2521 qua:
2371 2460 2647 2508 moventur
2672 2452 2724 2507 in
2754 2452 2906 2524 aquis
2930 2496 2946 2521 ,
2978 2469 3097 2524 qum
3125 2456 3397 2509 morantur
3422 2449 3473 2508 in
3506 2456 3617 2510 ter-

2027 2543 2123 2609 ris,
2155 2559 2274 2615 qu:e
2303 2543 2527 2600 volitant
2551 2544 2603 2601 in
2633 2554 2792 2614 aere;
2822 2546 3046 2616 latentes
3072 2548 3307 2613 animas,
3341 2548 3619 2618 perspicua
3722 2562 3725 2563 '

2029 2644 2252 2707 corpora
2276 2655 2291 2703 ;
2319 2634 2543 2693 visibiiia
2573 2640 2824 2710 regenda,
2845 2636 3136 2696 invisibiles
3157 2646 3403 2708 regentes
3427 2656 3442 2696 :
3464 2638 3621 2696 intet»

2029 2740 2156 2801 ruga
2179 2731 2301 2797 ista,
2332 2730 2677 2802 Respondent
2698 2731 2793 2786 tibi
2822 2732 2997 2786 omnia
3024 2746 3038 2787 :
3071 2730 3207 2788 Ecce
3235 2731 3373 2798 vide,
3398 2731 3620 2801 pulchra

2029 2824 2231 2876 sbmus.
2256 2818 2597 2877 Pulchritudo
2619 2834 2825 2889 eorum,
2851 2822 3116 2879 conlbssio
3144 2836 3348 2878 eorum.
3380 2823 3479 2877 Ista
3510 2822 3601 2892 pul

2030 2910 2156 2967 chra
2184 2912 2456 2969 mutabilia
2482 2915 2607 2985 quis
2623 2914 2761 2980 fecit,
2783 2915 2883 2969 nisi
2902 2914 3345 2969 incommutabilis
3363 2914 3621 2984 pulcher?

2032 3006 2089 3060 In
2118 3005 2233 3077 ipso
2261 3004 2491 3076 denique
2512 3004 2729 3062 homine
2753 3050 2767 3073 ,
2795 3017 2853 3062 ut
2890 3014 3106 3077 possent
3131 3006 3426 3077 intelligere
3451 3017 3504 3062 et
3530 3014 3622 3062 co-

2030 3114 2287 3170 gnoscere
2312 3100 2478 3154 Deum
2501 3100 2731 3154 universi
2761 3099 2941 3154 mundi
2960 3104 3252 3155 creatorem
3274 3115 3287 3167 ;
3311 3100 3364 3152 in
3389 3098 3622 3169 ipso,in-

2031 3204 2221 3263 quam,
2257 3190 2472 3247 homine
2503 3192 2964 3263 interrogaverunt
3006 3194 3120 3247 hinc
3148 3193 3285 3258 duo,
3331 3204 3526 3263 corpus
3566 3202 3623 3250 et

2032 3281 2283 3336 animam.
2304 3278 2412 3336 lloc
2435 3283 2831 3353 interrogabant
2855 3284 2997 3353 quod
3022 3292 3073 3337 et
3096 3283 3193 3352 ipsi
3212 3282 3518 3353 gestabant:
3541 3283 3623 3338 vi-

2033 3375 2228 3430 debant
2254 3390 2471 3446 corpus,
2500 3377 2730 3431 animum
2749 3390 2856 3431 non
2878 3376 3143 3431 videbant.
3167 3374 3274 3431 Sed
3300 3390 3493 3445 corpus
3517 3374 3624 3431 nisi

2032 3466 2100 3521 de
2128 3468 2303 3521 anima
2340 3482 2444 3521 non
2476 3467 2743 3522 videbant.
2776 3466 3039 3522 Videbunt
3065 3466 3210 3541 enim
3242 3474 3338 3535 per
3365 3466 3578 3522 oculum
3599 3498 3617 3533 ,

2032 3559 2124 3614 sed
2143 3558 2283 3615 intus
2302 3569 2414 3615 erat
2428 3560 2513 3631 qui
2538 3572 2630 3631 per
2647 3559 2905 3615 fenestras
2930 3554 3237 3630 aspiciebat.
3265 3560 3498 3630 Denique
3515 3558 3624 3615 dis-

2032 3652 2255 3708 cedente
2278 3652 2593 3718 habitatore,
2631 3653 2771 3722 jacet
2787 3652 2977 3706 domus
2998 3652 3335 3707 :discedente
3356 3651 3447 3722 qui
3470 3666 3622 3723 rege-

2035 3744 2140 3809 bat,
2167 3744 2306 3800 cadit
2334 3745 2473 3815 quod
2500 3744 2821 3816 regebatur:
2851 3755 2906 3801 et
2930 3745 3178 3817 quoniam
3203 3746 3361 3812 cadit,
3391 3746 3622 3802 cadaver

2031 3844 2270 3892 vdeatur.
2302 3836 2489 3893 Nonne
2518 3837 2588 3893 ibi
2617 3839 2753 3893 oculi
2795 3837 3023 3909 integri?
3056 3838 3166 3892 Etsi
3202 3846 3451 3908 pateant,
3485 3838 3622 3898 nihil

2032 3928 2234 3984 vident.
2268 3930 2436 3985 Aures
2464 3929 2689 3997 adsunt;
2722 3929 2818 3986 sed
2861 3930 3108 4001 migravit
3145 3930 3395 3986 auditor:
3427 3930 3623 4001 lingua

2034 4036 2289 4094 organum
2321 4031 2530 4089 manet;
2562 4021 2657 4078 sed
2682 4022 2945 4078 abscessit
2970 4022 3204 4077 musicus
3231 4022 3320 4093 qui
3349 4021 3619 4079 movebat.

2034 4115 2497 4186 interrogaverunt
2525 4118 2653 4186 ergo
2681 4115 2780 4170 ista
2820 4114 2947 4184 duo,
2978 4128 3175 4185 corpus
3211 4113 3352 4185 quod
3378 4112 3619 4182 videtnr,

2034 4208 2265 4263 animam
2298 4224 2417 4279 qum
2441 4224 2546 4263 non
2576 4206 2824 4263 videtur:
2855 4215 2908 4263 et
2935 4208 3251 4263 invenerunt
3278 4205 3473 4263 melius
3499 4220 3623 4263 esse

2034 4298 2163 4354 illud
2189 4299 2331 4369 quod
2351 4314 2457 4355 non
2482 4299 2711 4365 videtur,
2742 4310 2900 4370 quam
2926 4299 3054 4355 illud
3076 4297 3218 4369 quod
3242 4298 3480 4365 videtur;
3509 4314 3623 4354 me-

2036 4389 2222 4446 liorem
2252 4391 2484 4446 animam
2521 4390 2771 4447 latentem
2793 4433 2808 4456 ,
2849 4390 3168 4447 deteriorem
3196 4404 3411 4449 carnem
3453 4405 3621 4462 appa-

2034 4493 2261 4539 rentem.
2308 4483 2568 4540 Viderunt
2637 4485 2767 4551 ista,
2822 4484 3000 4540 intuiti
3047 4493 3204 4552 sunt,
3254 4484 3621 4539 discusserunt

2037 4585 2340 4648 utrumque,
2380 4586 2436 4632 et
2461 4577 2781 4633 invenerunt
2807 4585 3113 4648 utrumque,
3145 4575 3399 4632 mutabile
3425 4575 3478 4630 in
3506 4575 3623 4646 ipso

2038 4671 2274 4726 homine.
2306 4670 2558 4726 Mutabile
2604 4685 2796 4741 corpus
2832 4684 2928 4741 per
2954 4679 3138 4726 aetates
3157 4706 3171 4735 ,
3202 4682 3298 4739 per
3315 4668 3617 4738 corrunptio-

2038 4772 2133 4817 nes
2152 4804 2168 4830 ,
2209 4776 2306 4834 per
2330 4762 2579 4818 alimenta
2600 4804 2614 4830 ,
2647 4778 2744 4833 per
2770 4762 3114 4831 refectiones,
3143 4776 3237 4832 per
3262 4758 3584 4816 defectiones
3609 4803 3623 4827 ,

2038 4868 2133 4923 per
2173 4855 2371 4921 vitam,
2412 4866 2509 4923 per
2553 4862 2801 4910 mortem.
2857 4854 3204 4909 Transierunt
3240 4852 3309 4907 ad
3350 4851 3622 4918 animam,

2037 4952 2194 5015 quam
2218 4946 2401 5015 utique
2424 4946 2941 5015 comprehenderant
2964 4945 3261 5010 meliorem,
3284 4954 3339 5000 et
3357 4945 3518 5001 etiam
3542 4945 3626 4999 in-

2036 5036 2299 5091 visibiiem
2330 5036 2694 5094 mirabantur:
2728 5040 3043 5095 invenerunt
3082 5045 3139 5093 et
3187 5037 3356 5107 ipsam
3390 5036 3624 5092 mutabi-

2037 5130 2178 5195 lem;
2223 5130 2384 5184 modo
2408 5130 2578 5197 velle,
2622 5131 2784 5187 modo
2828 5130 3004 5197 nolle;
3046 5130 3205 5185 modo
3243 5131 3416 5199 scire,
3461 5129 3623 5185 modo

2036 5222 2274 5289 nescire;
2319 5223 2478 5279 modo
2504 5224 2840 5290 meminisse,
2870 5223 3032 5279 modo
3055 5224 3324 5293 oblivisci;
3367 5224 3529 5283 modo
3558 5225 3624 5279 ti-

2040 5328 2222 5380 mere,
2256 5314 2417 5370 modo
2444 5313 2672 5380 audere;
2705 5313 2864 5370 modo
2900 5315 2977 5370 ire
3003 5314 3057 5371 in
3078 5315 3392 5385 sapientiam
3413 5358 3428 5382 ,
3460 5317 3622 5379 modo

2037 5403 2093 5461 in
2123 5404 2396 5461 stultitiam
2427 5404 2676 5460 deiicere.
2710 5404 2972 5462 Viderunt
2996 5414 3052 5463 et
3079 5406 3249 5479 ipsam
3277 5407 3583 5465 mutabilem
3602 5450 3618 5475 ,

2039 5497 2365 5555 transierunt
2385 5505 2441 5553 et
2459 5497 2629 5569 ipsam
2652 5515 2666 5529 ·
2698 5498 3023 5568 quaesierunt
3042 5498 3185 5556 enim
3205 5498 3403 5572 aliquid
3430 5500 3625 5556 immu-

2039 5591 2215 5647 tabile.
3346 5581 3361 5595 ’

2109 5681 2335 5739 CAPUT
2378 5679 2464 5739 ΙΙΙ.
2495 5712 2567 5747 τ-
2603 5683 2654 5739 5.
2687 5680 2991 5756 ΡΙιὶιοδορΙιὶ
3019 5692 3130 5755 post
3171 5681 3339 5739 Deum
3367 5685 3624 5755 cognitum

2038 5780 2339 5835 «tutatutrw.
2389 5773 2479 5831 Sic
2518 5790 2645 5848 ergo
2689 5785 3045 5845 pervcnertmt
3078 5775 3145 5831 ad
3193 5774 3625 5848 cognoscendum
