  <div class='ocr_page' id='page_1' title='image "/cluster/home/n/w/nwhite01/storage/ocr_20150623/38/hvd.32044015706294/573.png"; bbox 0 0 4056 6444; ppageno 0'>
   <div class='ocr_carea' id='block_1_1' title="bbox 468 474 610 534">
    <p class='ocr_par' dir='ltr' id='par_1_1' title="bbox 468 474 610 534">
     <span class='ocr_line' id='line_1_1' title="bbox 468 474 610 534; baseline 0.007 -1"><span class='ocrx_word' id='word_1_1' title='bbox 468 474 610 534; x_wconf 75' lang='lat' dir='ltr'><strong><em>H35</em></strong></span> 
     </span>
    </p>
   </div>
   <div class='ocr_carea' id='block_1_2' title="bbox 472 573 2060 676">
    <p class='ocr_par' dir='ltr' id='par_1_2' title="bbox 472 573 2060 676">
     <span class='ocr_line' id='line_1_2' title="bbox 472 573 2060 676; baseline -0.023 -15"><span class='ocrx_word' id='word_1_2' title='bbox 472 603 643 661; x_wconf 84' lang='lat' dir='ltr'><strong><em>Deum</em></strong></span> <span class='ocrx_word' id='word_1_3' title='bbox 688 598 777 670; x_wconf 89' lang='lat' dir='ltr'><strong><em>qui</em></strong></span> <span class='ocrx_word' id='word_1_4' title='bbox 820 592 978 659; x_wconf 89' lang='lat' dir='ltr'><strong><em>fecit,</em></strong></span> <span class='ocrx_word' id='word_1_5' title='bbox 1019 603 1118 662; x_wconf 89' lang='lat' dir='ltr'><strong><em>per</em></strong></span> <span class='ocrx_word' id='word_1_6' title='bbox 1157 586 1257 643; x_wconf 85' lang='lat' dir='ltr'><strong><em>ista</em></strong></span> <span class='ocrx_word' id='word_1_7' title='bbox 1297 597 1416 654; x_wconf 58' lang='lat' dir='ltr'><strong><em>quae</em></strong></span> <span class='ocrx_word' id='word_1_8' title='bbox 1459 578 1602 636; x_wconf 85' lang='lat' dir='ltr'><strong><em>fecit.</em></strong></span> <span class='ocrx_word' id='word_1_9' title='bbox 1651 575 1760 634; x_wconf 84' lang='lat' dir='ltr'><strong><em>Sed</em></strong></span> <span class='ocrx_word' id='word_1_10' title='bbox 1793 591 1896 676; x_wconf 74' lang='lat' dir='ltr'><strong><em>non</em></strong></span> 
     </span>
    </p>
   </div>
   <div class='ocr_carea' id='block_1_3' title="bbox 474 664 2062 757">
    <p class='ocr_par' dir='ltr' id='par_1_3' title="bbox 474 664 2062 757">
     <span class='ocr_line' id='line_1_3' title="bbox 474 664 2062 757; baseline -0.021 -5"><span class='ocrx_word' id='word_1_11' title='bbox 474 697 643 752; x_wconf 86' lang='lat' dir='ltr'><strong><em>Deum</em></strong></span> <span class='ocrx_word' id='word_1_12' title='bbox 674 664 1156 757; x_wconf 73' lang='lat' dir='ltr'><strong><em>honoriﬁcauerunt,</em></strong></span> <span class='ocrx_word' id='word_1_13' title='bbox 1187 688 1277 735; x_wconf 88' lang='lat' dir='ltr'><strong><em>aut</em></strong></span> <span class='ocrx_word' id='word_1_14' title='bbox 1304 676 1492 750; x_wconf 90' lang='lat' dir='ltr'><strong><em>gratias</em></strong></span> <span class='ocrx_word' id='word_1_15' title='bbox 1520 679 1722 745; x_wconf 87' lang='lat' dir='ltr'><strong><em>egerunt</em></strong></span> <span class='ocrx_word' id='word_1_16' title='bbox 1752 668 1906 740; x_wconf 87' lang='lat' dir='ltr'><strong><em>:ipse</em></strong></span> <span class='ocrx_word' id='word_1_17' title='bbox 1932 664 2062 720; x_wconf 89' lang='lat' dir='ltr'><strong><em>dicit</em></strong></span> 
     </span>
    </p>
   </div>
   <div class='ocr_carea' id='block_1_4' title="bbox 467 764 2061 862">
    <p class='ocr_par' dir='ltr' id='par_1_4' title="bbox 467 764 2061 862">
     <span class='ocr_line' id='line_1_4' title="bbox 467 764 2061 862; baseline -0.021 -14"><span class='ocrx_word' id='word_1_18' title='bbox 467 787 780 862; x_wconf 78' lang='lat' dir='ltr'><strong><em>Apostolus.</em></strong></span> <span class='ocrx_word' id='word_1_19' title='bbox 823 782 931 841; x_wconf 87' lang='lat' dir='ltr'><strong><em>Sed</em></strong></span> <span class='ocrx_word' id='word_1_20' title='bbox 971 784 1276 836; x_wconf 83' lang='lat' dir='ltr'><strong><em>evanuerunt</em></strong></span> <span class='ocrx_word' id='word_1_21' title='bbox 1314 773 1368 827; x_wconf 92' lang='lat' dir='ltr'><strong><em>in</em></strong></span> <span class='ocrx_word' id='word_1_22' title='bbox 1411 765 1793 843; x_wconf 72' lang='lat' dir='ltr'><strong><em>cogitationibus</em></strong></span> <span class='ocrx_word' id='word_1_23' title='bbox 1829 764 1970 830; x_wconf 91' lang='lat' dir='ltr'><strong><em>suis,</em></strong></span> <span class='ocrx_word' id='word_1_24' title='bbox 2015 768 2061 816; x_wconf 86' lang='lat' dir='ltr'><strong><em>et</em></strong></span> 
     </span>
    </p>
   </div>
   <div class='ocr_carea' id='block_1_5' title="bbox 466 861 2063 944">
    <p class='ocr_par' dir='ltr' id='par_1_5' title="bbox 466 861 2063 944">
     <span class='ocr_line' id='line_1_5' title="bbox 466 861 2063 944; baseline -0.021 -4"><span class='ocrx_word' id='word_1_25' title='bbox 466 861 794 940; x_wconf 84' lang='lat' dir='ltr'><strong><em>obscuratum</em></strong></span> <span class='ocrx_word' id='word_1_26' title='bbox 829 886 902 932; x_wconf 85' lang='lat' dir='ltr'><strong><em>est</em></strong></span> <span class='ocrx_word' id='word_1_27' title='bbox 937 874 1182 944; x_wconf 75' lang='lat' dir='ltr'><strong><em>insipiens</em></strong></span> <span class='ocrx_word' id='word_1_28' title='bbox 1223 885 1313 922; x_wconf 89' lang='lat' dir='ltr'><strong><em>cor</em></strong></span> <span class='ocrx_word' id='word_1_29' title='bbox 1353 881 1543 921; x_wconf 89' lang='lat' dir='ltr'><strong><em>eorum.</em></strong></span> <span class='ocrx_word' id='word_1_30' title='bbox 1599 861 1832 916; x_wconf 88' lang='lat' dir='ltr'><strong><em>Dicentes</em></strong></span> <span class='ocrx_word' id='word_1_31' title='bbox 1870 873 1923 912; x_wconf 90' lang='lat' dir='ltr'><strong><em>se</em></strong></span> <span class='ocrx_word' id='word_1_32' title='bbox 1957 869 2063 909; x_wconf 90' lang='lat' dir='ltr'><strong><em>esse</em></strong></span> 
     </span>
    </p>
   </div>
   <div class='ocr_carea' id='block_1_6' title="bbox 469 952 2060 1052">
    <p class='ocr_par' dir='ltr' id='par_1_6' title="bbox 469 952 2060 1052">
     <span class='ocr_line' id='line_1_6' title="bbox 469 952 2060 1052; baseline -0.021 -15"><span class='ocrx_word' id='word_1_33' title='bbox 469 981 742 1052; x_wconf 89' lang='lat' dir='ltr'><strong><em>sapientes,</em></strong></span> <span class='ocrx_word' id='word_1_34' title='bbox 772 973 916 1030; x_wconf 86' lang='lat' dir='ltr'><strong><em>stulti</em></strong></span> <span class='ocrx_word' id='word_1_35' title='bbox 939 969 1063 1044; x_wconf 83' lang='lat' dir='ltr'><strong><em>facti</em></strong></span> <span class='ocrx_word' id='word_1_36' title='bbox 1095 976 1230 1024; x_wconf 86' lang='lat' dir='ltr'><strong><em>sunt.</em></strong></span> <span class='ocrx_word' id='word_1_37' title='bbox 1280 960 1390 1019; x_wconf 88' lang='lat' dir='ltr'><strong><em>Sibi</em></strong></span> <span class='ocrx_word' id='word_1_38' title='bbox 1417 955 1714 1030; x_wconf 86' lang='lat' dir='ltr'><strong><em>arrogaudo</em></strong></span> <span class='ocrx_word' id='word_1_39' title='bbox 1738 952 1880 1026; x_wconf 92' lang='lat' dir='ltr'><strong><em>quod</em></strong></span> <span class='ocrx_word' id='word_1_40' title='bbox 1903 964 2060 1052; x_wconf 48' lang='lat' dir='ltr'><strong><em>accc:</em></strong></span> 
     </span>
    </p>
   </div>
   <div class='ocr_carea' id='block_1_7' title="bbox 474 1045 2063 1151">
    <p class='ocr_par' dir='ltr' id='par_1_7' title="bbox 474 1045 2063 1151">
     <span class='ocr_line' id='line_1_7' title="bbox 474 1045 2063 1151; baseline -0.023 -15"><span class='ocrx_word' id='word_1_41' title='bbox 474 1045 684 1151; x_wconf 80' lang='lat' dir='ltr'><strong><em>perant,</em></strong></span> <span class='ocrx_word' id='word_1_42' title='bbox 729 1069 1075 1144; x_wconf 88' lang='lat' dir='ltr'><strong><em>perdiderunt</em></strong></span> <span class='ocrx_word' id='word_1_43' title='bbox 1091 1061 1230 1136; x_wconf 90' lang='lat' dir='ltr'><strong><em>quod</em></strong></span> <span class='ocrx_word' id='word_1_44' title='bbox 1259 1057 1527 1151; x_wconf 80' lang='lat' dir='ltr'><strong><em>tenebant.</em></strong></span> <span class='ocrx_word' id='word_1_45' title='bbox 1559 1053 1806 1109; x_wconf 88' lang='lat' dir='ltr'><strong><em>Dicentes</em></strong></span> <span class='ocrx_word' id='word_1_46' title='bbox 1829 1063 1887 1104; x_wconf 91' lang='lat' dir='ltr'><strong><em>se</em></strong></span> <span class='ocrx_word' id='word_1_47' title='bbox 1911 1045 2063 1151; x_wconf 69' lang='lat' dir='ltr'><strong><em>quasi</em></strong></span> 
     </span>
    </p>
   </div>
   <div class='ocr_carea' id='block_1_8' title="bbox 477 1141 2062 1243">
    <p class='ocr_par' dir='ltr' id='par_1_8' title="bbox 477 1141 2062 1243">
     <span class='ocr_line' id='line_1_8' title="bbox 477 1141 2062 1243; baseline -0.023 -13"><span class='ocrx_word' id='word_1_48' title='bbox 477 1141 697 1243; x_wconf 77' lang='lat' dir='ltr'><strong><em>magnos</em></strong></span> <span class='ocrx_word' id='word_1_49' title='bbox 724 1141 845 1224; x_wconf 80' lang='lat' dir='ltr'><strong><em>esse</em></strong></span> <span class='ocrx_word' id='word_1_50' title='bbox 867 1204 883 1231; x_wconf 95' lang='lat'><strong><em>,</em></strong></span> <span class='ocrx_word' id='word_1_51' title='bbox 915 1160 1060 1218; x_wconf 92' lang='lat' dir='ltr'><strong><em>stulti</em></strong></span> <span class='ocrx_word' id='word_1_52' title='bbox 1100 1155 1223 1212; x_wconf 91' lang='lat' dir='ltr'><strong><em>facti</em></strong></span> <span class='ocrx_word' id='word_1_53' title='bbox 1245 1161 1386 1210; x_wconf 89' lang='lat' dir='ltr'><strong><em>sunt.</em></strong></span> <span class='ocrx_word' id='word_1_54' title='bbox 1435 1150 1502 1205; x_wconf 90' lang='lat' dir='ltr'><strong><em>Et</em></strong></span> <span class='ocrx_word' id='word_1_55' title='bbox 1530 1162 1635 1218; x_wconf 91' lang='lat' dir='ltr'><strong><em>quo</em></strong></span> <span class='ocrx_word' id='word_1_56' title='bbox 1659 1141 2062 1243; x_wconf 66' lang='lat' dir='ltr'><strong><em>pervenerunt?</em></strong></span> 
     </span>
    </p>
   </div>
   <div class='ocr_carea' id='block_1_9' title="bbox 483 1233 2058 1322">
    <p class='ocr_par' dir='ltr' id='par_1_9' title="bbox 483 1233 2058 1322">
     <span class='ocr_line' id='line_1_9' title="bbox 483 1233 2058 1322; baseline -0.022 -2"><span class='ocrx_word' id='word_1_57' title='bbox 483 1233 976 1321; x_wconf 37' lang='lat' dir='ltr'><strong><em>Etwimntutaverunt</em></strong></span> <span class='ocrx_word' id='word_1_58' title='bbox 995 1295 1011 1322; x_wconf 90' lang='lat'><strong><em>,</em></strong></span> <span class='ocrx_word' id='word_1_59' title='bbox 1043 1249 1242 1321; x_wconf 86' lang='lat' dir='ltr'><strong><em>inquit,</em></strong></span> <span class='ocrx_word' id='word_1_60' title='bbox 1280 1245 1496 1318; x_wconf 83' lang='lat' dir='ltr'><strong><em>gloriam</em></strong></span> <span class='ocrx_word' id='word_1_61' title='bbox 1520 1235 1914 1309; x_wconf 85' lang='lat' dir='ltr'><strong><em>incorruptibilis</em></strong></span> <span class='ocrx_word' id='word_1_62' title='bbox 1942 1233 2058 1296; x_wconf 88' lang='lat' dir='ltr'><strong><em>Dei,</em></strong></span> 
     </span>
    </p>
   </div>
   <div class='ocr_carea' id='block_1_10' title="bbox 472 1325 2061 1414">
    <p class='ocr_par' dir='ltr' id='par_1_10' title="bbox 472 1325 2061 1414">
     <span class='ocr_line' id='line_1_10' title="bbox 472 1325 2061 1414; baseline -0.022 -1"><span class='ocrx_word' id='word_1_63' title='bbox 472 1359 526 1412; x_wconf 87' lang='lat' dir='ltr'><strong><em>in</em></strong></span> <span class='ocrx_word' id='word_1_64' title='bbox 550 1351 940 1412; x_wconf 74' lang='lat' dir='ltr'><strong><em>similitudinem</em></strong></span> <span class='ocrx_word' id='word_1_65' title='bbox 980 1343 1217 1414; x_wconf 78' lang='lat' dir='ltr'><strong><em>imaginis</em></strong></span> <span class='ocrx_word' id='word_1_66' title='bbox 1251 1335 1593 1407; x_wconf 82' lang='lat' dir='ltr'><strong><em>corruptibilis</em></strong></span> <span class='ocrx_word' id='word_1_67' title='bbox 1631 1329 1870 1386; x_wconf 88' lang='lat' dir='ltr'><strong><em>hominis.</em></strong></span> <span class='ocrx_word' id='word_1_68' title='bbox 1916 1325 2061 1381; x_wconf 85' lang='lat' dir='ltr'><strong><em>ldola</em></strong></span> 
     </span>
    </p>
   </div>
   <div class='ocr_carea' id='block_1_11' title="bbox 471 1417 2065 1521">
    <p class='ocr_par' dir='ltr' id='par_1_11' title="bbox 471 1417 2065 1521">
     <span class='ocr_line' id='line_1_11' title="bbox 471 1417 2065 1521; baseline -0.022 -16"><span class='ocrx_word' id='word_1_69' title='bbox 471 1449 621 1504; x_wconf 91' lang='lat' dir='ltr'><strong><em>dicit.</em></strong></span> <span class='ocrx_word' id='word_1_70' title='bbox 652 1445 722 1501; x_wconf 86' lang='lat' dir='ltr'><strong><em>Et</em></strong></span> <span class='ocrx_word' id='word_1_71' title='bbox 748 1455 932 1513; x_wconf 90' lang='lat' dir='ltr'><strong><em>parum</em></strong></span> <span class='ocrx_word' id='word_1_72' title='bbox 964 1444 1079 1493; x_wconf 90' lang='lat' dir='ltr'><strong><em>erat</em></strong></span> <span class='ocrx_word' id='word_1_73' title='bbox 1109 1436 1282 1488; x_wconf 81' lang='lat' dir='ltr'><strong><em>facere</em></strong></span> <span class='ocrx_word' id='word_1_74' title='bbox 1307 1429 1507 1484; x_wconf 88' lang='lat' dir='ltr'><strong><em>idolum</em></strong></span> <span class='ocrx_word' id='word_1_75' title='bbox 1537 1424 1604 1480; x_wconf 90' lang='lat' dir='ltr'><strong><em>ad</em></strong></span> <span class='ocrx_word' id='word_1_76' title='bbox 1630 1423 1862 1521; x_wconf 76' lang='lat' dir='ltr'><strong><em>speciem</em></strong></span> <span class='ocrx_word' id='word_1_77' title='bbox 1891 1417 2065 1521; x_wconf 71' lang='lat' dir='ltr'><strong><em>homi-</em></strong></span> 
     </span>
    </p>
   </div>
   <div class='ocr_carea' id='block_1_12' title="bbox 471 1508 2060 1608">
    <p class='ocr_par' dir='ltr' id='par_1_12' title="bbox 471 1508 2060 1608">
     <span class='ocr_line' id='line_1_12' title="bbox 471 1508 2060 1608; baseline -0.021 -12"><span class='ocrx_word' id='word_1_78' title='bbox 471 1541 588 1608; x_wconf 88' lang='lat' dir='ltr'><strong><em>nis,</em></strong></span> <span class='ocrx_word' id='word_1_79' title='bbox 632 1550 686 1592; x_wconf 91' lang='lat' dir='ltr'><strong><em>et</em></strong></span> <span class='ocrx_word' id='word_1_80' title='bbox 713 1508 780 1590; x_wconf 82' lang='lat' dir='ltr'><strong><em>ad</em></strong></span> <span class='ocrx_word' id='word_1_81' title='bbox 829 1532 910 1588; x_wconf 86' lang='lat' dir='ltr'><strong><em>sui</em></strong></span> <span class='ocrx_word' id='word_1_82' title='bbox 960 1527 1137 1600; x_wconf 85' lang='lat' dir='ltr'><strong><em>operis</em></strong></span> <span class='ocrx_word' id='word_1_83' title='bbox 1167 1520 1568 1578; x_wconf 85' lang='lat' dir='ltr'><strong><em>similitudinem</em></strong></span> <span class='ocrx_word' id='word_1_84' title='bbox 1597 1515 1861 1608; x_wconf 87' lang='lat' dir='ltr'><strong><em>addicere</em></strong></span> <span class='ocrx_word' id='word_1_85' title='bbox 1890 1508 2060 1564; x_wconf 81' lang='lat' dir='ltr'><strong><em>artifi-</em></strong></span> 
     </span>
    </p>
   </div>
   <div class='ocr_carea' id='block_1_13' title="bbox 471 1607 2058 1698">
    <p class='ocr_par' dir='ltr' id='par_1_13' title="bbox 471 1607 2058 1698">
     <span class='ocr_line' id='line_1_13' title="bbox 471 1607 2058 1698; baseline -0.02 -10"><span class='ocrx_word' id='word_1_86' title='bbox 471 1648 587 1688; x_wconf 91' lang='lat' dir='ltr'><strong><em>cem</em></strong></span> <span class='ocrx_word' id='word_1_87' title='bbox 621 1650 633 1685; x_wconf 92' lang='lat'>:</span> <span class='ocrx_word' id='word_1_88' title='bbox 666 1642 848 1698; x_wconf 81' lang='lat' dir='ltr'><strong><em>parum</em></strong></span> <span class='ocrx_word' id='word_1_89' title='bbox 866 1623 965 1680; x_wconf 88' lang='lat' dir='ltr'><strong><em>fuit</em></strong></span> <span class='ocrx_word' id='word_1_90' title='bbox 989 1621 1108 1676; x_wconf 85' lang='lat' dir='ltr'><strong><em>hoc.</em></strong></span> <span class='ocrx_word' id='word_1_91' title='bbox 1133 1618 1239 1676; x_wconf 87' lang='lat' dir='ltr'><strong><em>Sed</em></strong></span> <span class='ocrx_word' id='word_1_92' title='bbox 1264 1617 1480 1686; x_wconf 82' lang='lat' dir='ltr'><strong><em>insuper</em></strong></span> <span class='ocrx_word' id='word_1_93' title='bbox 1500 1610 1663 1684; x_wconf 87' lang='lat' dir='ltr'><strong><em>quid?</em></strong></span> <span class='ocrx_word' id='word_1_94' title='bbox 1691 1608 1759 1664; x_wconf 86' lang='lat' dir='ltr'><strong><em>Et</em></strong></span> <span class='ocrx_word' id='word_1_95' title='bbox 1781 1607 2058 1698; x_wconf 83' lang='lat' dir='ltr'><strong><em>volucrum,</em></strong></span> 
     </span>
    </p>
   </div>
   <div class='ocr_carea' id='block_1_14' title="bbox 473 1696 2063 1802">
    <p class='ocr_par' dir='ltr' id='par_1_14' title="bbox 473 1696 2063 1802">
     <span class='ocr_line' id='line_1_14' title="bbox 473 1696 2063 1802; baseline -0.019 -20"><span class='ocrx_word' id='word_1_96' title='bbox 473 1736 519 1781; x_wconf 81' lang='lat' dir='ltr'><strong><em>et</em></strong></span> <span class='ocrx_word' id='word_1_97' title='bbox 538 1696 948 1800; x_wconf 76' lang='lat' dir='ltr'><strong><em>quadrupedum,</em></strong></span> <span class='ocrx_word' id='word_1_98' title='bbox 971 1726 1018 1770; x_wconf 87' lang='lat' dir='ltr'><strong><em>et</em></strong></span> <span class='ocrx_word' id='word_1_99' title='bbox 1043 1711 1351 1782; x_wconf 88' lang='lat' dir='ltr'><strong><em>serpentium</em></strong></span> <span class='ocrx_word' id='word_1_100' title='bbox 1372 1706 1544 1802; x_wconf 83' lang='lat' dir='ltr'><strong><em>(Rom.</em></strong></span> <span class='ocrx_word' id='word_1_101' title='bbox 1568 1721 1607 1772; x_wconf 78' lang='grc' dir='ltr'><strong><em>ι,</em></strong></span> <span class='ocrx_word' id='word_1_102' title='bbox 1629 1696 2063 1802; x_wconf 42' lang='grc' dir='ltr'><strong><em>ἓῖῖὄξ-..ρηιιιίεξ</em></strong></span> 
     </span>
    </p>
   </div>
   <div class='ocr_carea' id='block_1_15' title="bbox 475 1793 2062 1888">
    <p class='ocr_par' dir='ltr' id='par_1_15' title="bbox 475 1793 2062 1888">
     <span class='ocr_line' id='line_1_15' title="bbox 475 1793 2062 1888; baseline -0.018 -15"><span class='ocrx_word' id='word_1_103' title='bbox 475 1793 674 1888; x_wconf 81' lang='lat' dir='ltr'><strong><em>quippe</em></strong></span> <span class='ocrx_word' id='word_1_104' title='bbox 704 1815 805 1869; x_wconf 88' lang='lat' dir='ltr'><strong><em>ista</em></strong></span> <span class='ocrx_word' id='word_1_105' title='bbox 845 1817 989 1866; x_wconf 87' lang='lat' dir='ltr'><strong><em>muta</em></strong></span> <span class='ocrx_word' id='word_1_106' title='bbox 1020 1805 1267 1862; x_wconf 84' lang='lat' dir='ltr'><strong><em>animalia</em></strong></span> <span class='ocrx_word' id='word_1_107' title='bbox 1293 1811 1348 1857; x_wconf 90' lang='lat' dir='ltr'><strong><em>et</em></strong></span> <span class='ocrx_word' id='word_1_108' title='bbox 1373 1795 1777 1863; x_wconf 89' lang='lat' dir='ltr'><strong><em>irrationabilia,</em></strong></span> <span class='ocrx_word' id='word_1_109' title='bbox 1811 1793 1883 1888; x_wconf 83' lang='lat' dir='ltr'><strong><em>illi</em></strong></span> <span class='ocrx_word' id='word_1_110' title='bbox 1910 1793 2062 1888; x_wconf 80' lang='lat' dir='ltr'><strong><em>quasi</em></strong></span> 
     </span>
    </p>
   </div>
   <div class='ocr_carea' id='block_1_16' title="bbox 471 1884 2061 1980">
    <p class='ocr_par' dir='ltr' id='par_1_16' title="bbox 471 1884 2061 1980">
     <span class='ocr_line' id='line_1_16' title="bbox 471 1884 2061 1980; baseline -0.018 -14"><span class='ocrx_word' id='word_1_111' title='bbox 471 1884 652 1980; x_wconf 76' lang='lat' dir='ltr'><strong><em>magni</em></strong></span> <span class='ocrx_word' id='word_1_112' title='bbox 697 1904 996 1976; x_wconf 78' lang='lat' dir='ltr'><strong><em>sapientes,</em></strong></span> <span class='ocrx_word' id='word_1_113' title='bbox 1042 1899 1174 1954; x_wconf 86' lang='lat' dir='ltr'><strong><em>deos</em></strong></span> <span class='ocrx_word' id='word_1_114' title='bbox 1222 1894 1321 1950; x_wconf 89' lang='lat' dir='ltr'><strong><em>sibi</em></strong></span> <span class='ocrx_word' id='word_1_115' title='bbox 1374 1893 1632 1948; x_wconf 87' lang='lat' dir='ltr'><strong><em>fecerunt.</em></strong></span> <span class='ocrx_word' id='word_1_116' title='bbox 1676 1884 2061 1980; x_wconf 48' lang='lat' dir='ltr'><strong><em>Reprehendis:</em></strong></span> 
     </span>
    </p>
   </div>
   <div class='ocr_carea' id='block_1_17' title="bbox 472 1975 2062 2071">
    <p class='ocr_par' dir='ltr' id='par_1_17' title="bbox 472 1975 2062 2071">
     <span class='ocr_line' id='line_1_17' title="bbox 472 1975 2062 2071; baseline -0.017 -13"><span class='ocrx_word' id='word_1_117' title='bbox 472 1975 595 2058; x_wconf 80' lang='lat' dir='ltr'><strong><em>ham</em></strong></span> <span class='ocrx_word' id='word_1_118' title='bbox 617 2042 633 2070; x_wconf 92' lang='lat'><strong><em>,</em></strong></span> <span class='ocrx_word' id='word_1_119' title='bbox 665 1997 878 2071; x_wconf 86' lang='lat' dir='ltr'><strong><em>quando</em></strong></span> <span class='ocrx_word' id='word_1_120' title='bbox 906 1990 1168 2049; x_wconf 87' lang='lat' dir='ltr'><strong><em>adorabas</em></strong></span> <span class='ocrx_word' id='word_1_121' title='bbox 1193 1987 1478 2057; x_wconf 80' lang='lat' dir='ltr'><strong><em>imaginem</em></strong></span> <span class='ocrx_word' id='word_1_122' title='bbox 1508 1981 1738 2038; x_wconf 86' lang='lat' dir='ltr'><strong><em>hominis</em></strong></span> <span class='ocrx_word' id='word_1_123' title='bbox 1771 1997 1784 2033; x_wconf 92' lang='lat'><strong>:</strong></span> <span class='ocrx_word' id='word_1_124' title='bbox 1813 1977 1939 2050; x_wconf 89' lang='lat' dir='ltr'><strong><em>quid</em></strong></span> <span class='ocrx_word' id='word_1_125' title='bbox 1969 1975 2062 2032; x_wconf 86' lang='lat' dir='ltr'><strong><em>tibi</em></strong></span> 
     </span>
    </p>
   </div>
   <div class='ocr_carea' id='block_1_18' title="bbox 474 2071 2061 2160">
    <p class='ocr_par' dir='ltr' id='par_1_18' title="bbox 474 2071 2061 2160">
     <span class='ocr_line' id='line_1_18' title="bbox 474 2071 2061 2160; baseline -0.016 -11"><span class='ocrx_word' id='word_1_126' title='bbox 474 2093 664 2149; x_wconf 80' lang='lat' dir='ltr'><strong><em>faciam</em></strong></span> <span class='ocrx_word' id='word_1_127' title='bbox 695 2132 710 2158; x_wconf 97' lang='lat'><strong><em>,</em></strong></span> <span class='ocrx_word' id='word_1_128' title='bbox 753 2086 966 2160; x_wconf 89' lang='lat' dir='ltr'><strong><em>quando</em></strong></span> <span class='ocrx_word' id='word_1_129' title='bbox 999 2083 1192 2138; x_wconf 87' lang='lat' dir='ltr'><strong><em>adoras</em></strong></span> <span class='ocrx_word' id='word_1_130' title='bbox 1233 2077 1516 2150; x_wconf 77' lang='lat' dir='ltr'><strong><em>imaginem</em></strong></span> <span class='ocrx_word' id='word_1_131' title='bbox 1547 2074 1694 2130; x_wconf 79' lang='lat' dir='ltr'><strong><em>cauis</em></strong></span> <span class='ocrx_word' id='word_1_132' title='bbox 1719 2115 1734 2140; x_wconf 94' lang='lat'><strong><em>,</em></strong></span> <span class='ocrx_word' id='word_1_133' title='bbox 1777 2071 2061 2143; x_wconf 80' lang='lat' dir='ltr'><strong><em>imaginem</em></strong></span> 
     </span>
    </p>
   </div>
   <div class='ocr_carea' id='block_1_19' title="bbox 473 2164 2062 2253">
    <p class='ocr_par' dir='ltr' id='par_1_19' title="bbox 473 2164 2062 2253">
     <span class='ocr_line' id='line_1_19' title="bbox 473 2164 2062 2253; baseline -0.014 -10"><span class='ocrx_word' id='word_1_134' title='bbox 473 2185 700 2249; x_wconf 88' lang='lat' dir='ltr'><strong><em>colubri,</em></strong></span> <span class='ocrx_word' id='word_1_135' title='bbox 732 2181 1015 2253; x_wconf 88' lang='lat' dir='ltr'><strong><em>imaginem</em></strong></span> <span class='ocrx_word' id='word_1_136' title='bbox 1041 2175 1296 2234; x_wconf 83' lang='lat' dir='ltr'><strong><em>crocodili</em></strong></span> <span class='ocrx_word' id='word_1_137' title='bbox 1326 2172 1387 2228; x_wconf 66' lang='lat'><strong><em>‘?</em></strong></span> <span class='ocrx_word' id='word_1_138' title='bbox 1415 2172 1781 2228; x_wconf 88' lang='lat' dir='ltr'><strong><em>Pervenernnt</em></strong></span> <span class='ocrx_word' id='word_1_139' title='bbox 1805 2180 1974 2237; x_wconf 86' lang='lat' dir='ltr'><strong><em>usque</em></strong></span> <span class='ocrx_word' id='word_1_140' title='bbox 1995 2164 2062 2220; x_wconf 90' lang='lat' dir='ltr'><strong><em>ad</em></strong></span> 
     </span>
    </p>
   </div>
   <div class='ocr_carea' id='block_1_20' title="bbox 476 2258 2059 2344">
    <p class='ocr_par' dir='ltr' id='par_1_20' title="bbox 476 2258 2059 2344">
     <span class='ocr_line' id='line_1_20' title="bbox 476 2258 2059 2344; baseline -0.016 -9"><span class='ocrx_word' id='word_1_141' title='bbox 476 2281 599 2335; x_wconf 89' lang='lat' dir='ltr'><strong><em>ista.</em></strong></span> <span class='ocrx_word' id='word_1_142' title='bbox 658 2276 927 2344; x_wconf 88' lang='lat' dir='ltr'><strong><em>Quantum</em></strong></span> <span class='ocrx_word' id='word_1_143' title='bbox 970 2276 1272 2344; x_wconf 64' lang='lat' dir='ltr'><strong><em>quaerentes</em></strong></span> <span class='ocrx_word' id='word_1_144' title='bbox 1322 2265 1374 2320; x_wconf 92' lang='lat' dir='ltr'><strong><em>in</em></strong></span> <span class='ocrx_word' id='word_1_145' title='bbox 1425 2276 1654 2333; x_wconf 87' lang='lat' dir='ltr'><strong><em>superna</em></strong></span> <span class='ocrx_word' id='word_1_146' title='bbox 1693 2258 1865 2316; x_wconf 86' lang='lat' dir='ltr'><strong><em>evecti</em></strong></span> <span class='ocrx_word' id='word_1_147' title='bbox 1911 2264 2059 2324; x_wconf 93' lang='lat' dir='ltr'><strong><em>sunt,</em></strong></span> 
     </span>
    </p>
   </div>
   <div class='ocr_carea' id='block_1_21' title="bbox 475 2349 2064 2432">
    <p class='ocr_par' dir='ltr' id='par_1_21' title="bbox 475 2349 2064 2432">
     <span class='ocr_line' id='line_1_21' title="bbox 475 2349 2064 2432; baseline -0.015 -4"><span class='ocrx_word' id='word_1_148' title='bbox 475 2379 682 2428; x_wconf 88' lang='lat' dir='ltr'><strong><em>tantum</em></strong></span> <span class='ocrx_word' id='word_1_149' title='bbox 726 2367 980 2424; x_wconf 86' lang='lat' dir='ltr'><strong><em>cadentes</em></strong></span> <span class='ocrx_word' id='word_1_150' title='bbox 1017 2363 1072 2418; x_wconf 92' lang='lat' dir='ltr'><strong><em>in</em></strong></span> <span class='ocrx_word' id='word_1_151' title='bbox 1114 2357 1375 2432; x_wconf 88' lang='lat' dir='ltr'><strong><em>profunda</em></strong></span> <span class='ocrx_word' id='word_1_152' title='bbox 1423 2353 1654 2412; x_wconf 85' lang='lat' dir='ltr'><strong><em>demersi</em></strong></span> <span class='ocrx_word' id='word_1_153' title='bbox 1697 2363 1842 2410; x_wconf 91' lang='lat' dir='ltr'><strong><em>sunt.</em></strong></span> <span class='ocrx_word' id='word_1_154' title='bbox 1889 2349 2064 2407; x_wconf 82' lang='lat' dir='ltr'><strong><em>Altius</em></strong></span> 
     </span>
    </p>
   </div>
   <div class='ocr_carea' id='block_1_22' title="bbox 477 2449 1507 2532">
    <p class='ocr_par' dir='ltr' id='par_1_22' title="bbox 477 2449 1507 2532">
     <span class='ocr_line' id='line_1_22' title="bbox 477 2449 1507 2532; baseline -0.018 -10"><span class='ocrx_word' id='word_1_155' title='bbox 477 2465 620 2521; x_wconf 88' lang='lat' dir='ltr'><strong><em>cnim</em></strong></span> <span class='ocrx_word' id='word_1_156' title='bbox 646 2461 920 2532; x_wconf 75' lang='lat' dir='ltr'><strong><em>mergitur,</em></strong></span> <span class='ocrx_word' id='word_1_157' title='bbox 949 2455 1092 2529; x_wconf 90' lang='lat' dir='ltr'><strong><em>quod</em></strong></span> <span class='ocrx_word' id='word_1_158' title='bbox 1117 2454 1184 2510; x_wconf 93' lang='lat' dir='ltr'><strong><em>de</em></strong></span> <span class='ocrx_word' id='word_1_159' title='bbox 1209 2452 1321 2508; x_wconf 90' lang='lat' dir='ltr'><strong><em>alto</em></strong></span> <span class='ocrx_word' id='word_1_160' title='bbox 1344 2449 1507 2518; x_wconf 73' lang='lat' dir='ltr'><strong><em>cadit.</em></strong></span> 
     </span>
    </p>
   </div>
   <div class='ocr_carea' id='block_1_23' title="bbox 543 2557 2066 2636">
    <p class='ocr_par' dir='ltr' id='par_1_23' title="bbox 543 2557 2066 2636">
     <span class='ocr_line' id='line_1_23' title="bbox 543 2557 2066 2636; baseline -0.016 0"><span class='ocrx_word' id='word_1_161' title='bbox 543 2575 769 2636; x_wconf 84' lang='lat' dir='ltr'><strong>CAPUT</strong></span> <span class='ocrx_word' id='word_1_162' title='bbox 791 2574 879 2630; x_wconf 80' lang='lat' dir='ltr'><strong><em>IV.</em></strong></span> <span class='ocrx_word' id='word_1_163' title='bbox 892 2602 962 2614; x_wconf 92' lang='lat'><strong>—</strong></span> <span class='ocrx_word' id='word_1_164' title='bbox 983 2572 1038 2628; x_wconf 69' lang='grc'><strong><em>4.</em></strong></span> <span class='ocrx_word' id='word_1_165' title='bbox 1053 2569 1130 2625; x_wconf 87' lang='lat' dir='ltr'><strong><em>De</em></strong></span> <span class='ocrx_word' id='word_1_166' title='bbox 1144 2569 1431 2623; x_wconf 87' lang='lat' dir='ltr'><strong><em>animarum</em></strong></span> <span class='ocrx_word' id='word_1_167' title='bbox 1446 2572 1581 2620; x_wconf 90' lang='lat' dir='ltr'><strong><em>statu</em></strong></span> <span class='ocrx_word' id='word_1_168' title='bbox 1598 2571 1710 2634; x_wconf 92' lang='lat' dir='ltr'><strong><em>post</em></strong></span> <span class='ocrx_word' id='word_1_169' title='bbox 1724 2571 1934 2617; x_wconf 89' lang='lat' dir='ltr'><strong><em>mortem</em></strong></span> <span class='ocrx_word' id='word_1_170' title='bbox 1945 2557 2066 2630; x_wconf 85' lang='lat' dir='ltr'><strong><em>quid</em></strong></span> 
     </span>
    </p>
   </div>
   <div class='ocr_carea' id='block_1_24' title="bbox 477 2653 2066 2740">
    <p class='ocr_par' dir='ltr' id='par_1_24' title="bbox 477 2653 2066 2740">
     <span class='ocr_line' id='line_1_24' title="bbox 477 2653 2066 2740; baseline -0.013 -12"><span class='ocrx_word' id='word_1_171' title='bbox 477 2677 720 2729; x_wconf 82' lang='lat' dir='ltr'><strong><em>senserint</em></strong></span> <span class='ocrx_word' id='word_1_172' title='bbox 749 2664 1057 2740; x_wconf 82' lang='lat' dir='ltr'><strong><em>philosophi.</em></strong></span> <span class='ocrx_word' id='word_1_173' title='bbox 1085 2661 1151 2716; x_wconf 86' lang='lat' dir='ltr'><strong><em>Hi</em></strong></span> <span class='ocrx_word' id='word_1_174' title='bbox 1197 2673 1348 2731; x_wconf 88' lang='lat' dir='ltr'><strong><em>ergo,</em></strong></span> <span class='ocrx_word' id='word_1_175' title='bbox 1385 2658 1524 2714; x_wconf 89' lang='lat' dir='ltr'><strong><em>sicut</em></strong></span> <span class='ocrx_word' id='word_1_176' title='bbox 1553 2655 1810 2711; x_wconf 90' lang='lat' dir='ltr'><strong><em>hesterno</em></strong></span> <span class='ocrx_word' id='word_1_177' title='bbox 1854 2653 1940 2709; x_wconf 90' lang='lat' dir='ltr'><strong><em>die</em></strong></span> <span class='ocrx_word' id='word_1_178' title='bbox 1970 2666 2066 2708; x_wconf 85' lang='lat' dir='ltr'><strong><em>vos</em></strong></span> 
     </span>
    </p>
   </div>
   <div class='ocr_carea' id='block_1_25' title="bbox 477 2744 2069 2830">
    <p class='ocr_par' dir='ltr' id='par_1_25' title="bbox 477 2744 2069 2830">
     <span class='ocr_line' id='line_1_25' title="bbox 477 2744 2069 2830; baseline -0.015 -9"><span class='ocrx_word' id='word_1_179' title='bbox 477 2761 806 2826; x_wconf 91' lang='lat' dir='ltr'><strong><em>commonui,</em></strong></span> <span class='ocrx_word' id='word_1_180' title='bbox 836 2757 1163 2830; x_wconf 87' lang='lat' dir='ltr'><strong><em>quaesierunt</em></strong></span> <span class='ocrx_word' id='word_1_181' title='bbox 1187 2751 1313 2824; x_wconf 92' lang='lat' dir='ltr'><strong><em>quid</em></strong></span> <span class='ocrx_word' id='word_1_182' title='bbox 1340 2759 1548 2822; x_wconf 85' lang='lat' dir='ltr'><strong><em>postea,</em></strong></span> <span class='ocrx_word' id='word_1_183' title='bbox 1581 2747 1633 2803; x_wconf 90' lang='lat' dir='ltr'><strong><em>id</em></strong></span> <span class='ocrx_word' id='word_1_184' title='bbox 1660 2756 1760 2815; x_wconf 89' lang='lat' dir='ltr'><strong><em>est,</em></strong></span> <span class='ocrx_word' id='word_1_185' title='bbox 1790 2744 1916 2816; x_wconf 93' lang='lat' dir='ltr'><strong><em>quid</em></strong></span> <span class='ocrx_word' id='word_1_186' title='bbox 1947 2751 2069 2814; x_wconf 91' lang='lat' dir='ltr'><strong><em>post</em></strong></span> 
     </span>
    </p>
   </div>
   <div class='ocr_carea' id='block_1_26' title="bbox 479 2837 2068 2920">
    <p class='ocr_par' dir='ltr' id='par_1_26' title="bbox 479 2837 2068 2920">
     <span class='ocr_line' id='line_1_26' title="bbox 479 2837 2068 2920; baseline -0.012 -7"><span class='ocrx_word' id='word_1_187' title='bbox 479 2857 620 2913; x_wconf 88' lang='lat' dir='ltr'><strong><em>hanc</em></strong></span> <span class='ocrx_word' id='word_1_188' title='bbox 646 2855 831 2910; x_wconf 89' lang='lat' dir='ltr'><strong><em>vitam.</em></strong></span> <span class='ocrx_word' id='word_1_189' title='bbox 861 2849 1202 2920; x_wconf 76' lang='lat' dir='ltr'><strong><em>Quaesierunt</em></strong></span> <span class='ocrx_word' id='word_1_190' title='bbox 1239 2846 1378 2901; x_wconf 87' lang='lat' dir='ltr'><strong><em>sicut</em></strong></span> <span class='ocrx_word' id='word_1_191' title='bbox 1407 2843 1687 2898; x_wconf 86' lang='lat' dir='ltr'><strong><em>homines:</em></strong></span> <span class='ocrx_word' id='word_1_192' title='bbox 1711 2840 1807 2896; x_wconf 91' lang='lat' dir='ltr'><strong><em>sed</em></strong></span> <span class='ocrx_word' id='word_1_193' title='bbox 1855 2837 2068 2910; x_wconf 91' lang='lat' dir='ltr'><strong><em>quando</em></strong></span> 
     </span>
    </p>
   </div>
   <div class='ocr_carea' id='block_1_27' title="bbox 478 2931 2067 3012">
    <p class='ocr_par' dir='ltr' id='par_1_27' title="bbox 478 2931 2067 3012">
     <span class='ocr_line' id='line_1_27' title="bbox 478 2931 2067 3012; baseline -0.014 -7"><span class='ocrx_word' id='word_1_194' title='bbox 478 2949 805 3012; x_wconf 87' lang='lat' dir='ltr'><strong><em>invenirent,</em></strong></span> <span class='ocrx_word' id='word_1_195' title='bbox 838 2958 960 3000; x_wconf 91' lang='lat' dir='ltr'><strong><em>cum</em></strong></span> <span class='ocrx_word' id='word_1_196' title='bbox 989 2940 1236 2996; x_wconf 87' lang='lat' dir='ltr'><strong><em>homines</em></strong></span> <span class='ocrx_word' id='word_1_197' title='bbox 1264 2935 1480 2993; x_wconf 81' lang='lat' dir='ltr'><strong><em>essent?</em></strong></span> <span class='ocrx_word' id='word_1_198' title='bbox 1506 2933 1812 2990; x_wconf 87' lang='lat' dir='ltr'><strong><em>Doctrinam</em></strong></span> <span class='ocrx_word' id='word_1_199' title='bbox 1837 2931 1928 2986; x_wconf 90' lang='lat' dir='ltr'><strong><em>Dei</em></strong></span> <span class='ocrx_word' id='word_1_200' title='bbox 1961 2945 2067 2984; x_wconf 91' lang='lat' dir='ltr'><strong><em>non</em></strong></span> 
     </span>
    </p>
   </div>
   <div class='ocr_carea' id='block_1_28' title="bbox 479 3028 2072 3104">
    <p class='ocr_par' dir='ltr' id='par_1_28' title="bbox 479 3028 2072 3104">
     <span class='ocr_line' id='line_1_28' title="bbox 479 3028 2072 3104; baseline -0.013 -8"><span class='ocrx_word' id='word_1_201' title='bbox 479 3040 804 3104; x_wconf 84' lang='lat' dir='ltr'><strong><em>habuerunt,</em></strong></span> <span class='ocrx_word' id='word_1_202' title='bbox 831 3033 1128 3103; x_wconf 89' lang='lat' dir='ltr'><strong><em>Prophetas</em></strong></span> <span class='ocrx_word' id='word_1_203' title='bbox 1155 3045 1260 3085; x_wconf 92' lang='lat' dir='ltr'><strong><em>non</em></strong></span> <span class='ocrx_word' id='word_1_204' title='bbox 1287 3028 1568 3083; x_wconf 88' lang='lat' dir='ltr'><strong><em>audierunt</em></strong></span> <span class='ocrx_word' id='word_1_205' title='bbox 1599 3043 1614 3080; x_wconf 89' lang='lat'><strong>:</strong></span> <span class='ocrx_word' id='word_1_206' title='bbox 1645 3040 1751 3080; x_wconf 92' lang='lat' dir='ltr'><strong><em>non</em></strong></span> <span class='ocrx_word' id='word_1_207' title='bbox 1785 3029 2072 3093; x_wconf 88' lang='lat' dir='ltr'><strong><em>potuerunt</em></strong></span> 
     </span>
    </p>
   </div>
   <div class='ocr_carea' id='block_1_29' title="bbox 483 3115 2069 3197">
    <p class='ocr_par' dir='ltr' id='par_1_29' title="bbox 483 3115 2069 3197">
     <span class='ocr_line' id='line_1_29' title="bbox 483 3115 2069 3197; baseline -0.011 -10"><span class='ocrx_word' id='word_1_208' title='bbox 483 3131 745 3197; x_wconf 89' lang='lat' dir='ltr'><strong><em>invenire,</em></strong></span> <span class='ocrx_word' id='word_1_209' title='bbox 792 3124 1047 3196; x_wconf 79' lang='lat' dir='ltr'><strong><em>suspicati</em></strong></span> <span class='ocrx_word' id='word_1_210' title='bbox 1092 3130 1234 3178; x_wconf 90' lang='lat' dir='ltr'><strong><em>sunt.</em></strong></span> <span class='ocrx_word' id='word_1_211' title='bbox 1275 3120 1452 3176; x_wconf 85' lang='lat' dir='ltr'><strong><em>Retuli</em></strong></span> <span class='ocrx_word' id='word_1_212' title='bbox 1483 3117 1633 3172; x_wconf 83' lang='lat' dir='ltr'><strong><em>vobis</em></strong></span> <span class='ocrx_word' id='word_1_213' title='bbox 1662 3115 1779 3171; x_wconf 91' lang='lat' dir='ltr'><strong><em>heri</em></strong></span> <span class='ocrx_word' id='word_1_214' title='bbox 1808 3116 2069 3185; x_wconf 85' lang='lat' dir='ltr'><strong><em>suspicio-</em></strong></span> 
     </span>
    </p>
   </div>
   <div class='ocr_carea' id='block_1_30' title="bbox 481 3209 2067 3282">
    <p class='ocr_par' dir='ltr' id='par_1_30' title="bbox 481 3209 2067 3282">
     <span class='ocr_line' id='line_1_30' title="bbox 481 3209 2067 3282; baseline -0.011 -1"><span class='ocrx_word' id='word_1_215' title='bbox 481 3241 580 3282; x_wconf 88' lang='lat' dir='ltr'><strong><em>nes</em></strong></span> <span class='ocrx_word' id='word_1_216' title='bbox 606 3225 840 3278; x_wconf 88' lang='lat' dir='ltr'><strong><em>illorutn.</em></strong></span> <span class='ocrx_word' id='word_1_217' title='bbox 869 3219 1083 3274; x_wconf 78' lang='lat' dir='ltr'><strong><em>Exeunt</em></strong></span> <span class='ocrx_word' id='word_1_218' title='bbox 1121 3216 1312 3270; x_wconf 72' lang='lat' dir='ltr'><strong><em>anima:</em></strong></span> <span class='ocrx_word' id='word_1_219' title='bbox 1351 3213 1526 3280; x_wconf 57' lang='lat' dir='ltr'><strong><em>malae,</em></strong></span> <span class='ocrx_word' id='word_1_220' title='bbox 1555 3212 1828 3281; x_wconf 90' lang='lat' dir='ltr'><strong><em>inquiunt;</em></strong></span> <span class='ocrx_word' id='word_1_221' title='bbox 1857 3218 1914 3265; x_wconf 88' lang='lat' dir='ltr'><strong><em>et</em></strong></span> <span class='ocrx_word' id='word_1_222' title='bbox 1947 3209 2067 3279; x_wconf 89' lang='lat' dir='ltr'><strong><em>quia</em></strong></span> 
     </span>
    </p>
   </div>
   <div class='ocr_carea' id='block_1_31' title="bbox 454 3287 2066 3381">
    <p class='ocr_par' dir='ltr' id='par_1_31' title="bbox 454 3287 2066 3381">
     <span class='ocr_line' id='line_1_31' title="bbox 454 3287 2066 3381; baseline -0.009 -6"><span class='ocrx_word' id='word_1_223' title='bbox 454 3287 775 3375; x_wconf 44' lang='lat' dir='ltr'><strong><em>.immuudre</em></strong></span> <span class='ocrx_word' id='word_1_224' title='bbox 798 3322 943 3381; x_wconf 90' lang='lat' dir='ltr'><strong><em>sunt,</em></strong></span> <span class='ocrx_word' id='word_1_225' title='bbox 966 3312 1218 3368; x_wconf 90' lang='lat' dir='ltr'><strong><em>continuo</em></strong></span> <span class='ocrx_word' id='word_1_226' title='bbox 1243 3309 1296 3364; x_wconf 92' lang='lat' dir='ltr'><strong><em>in</em></strong></span> <span class='ocrx_word' id='word_1_227' title='bbox 1313 3308 1424 3372; x_wconf 82' lang='lat' dir='ltr'><strong><em>alia</em></strong></span> <span class='ocrx_word' id='word_1_228' title='bbox 1443 3322 1667 3376; x_wconf 90' lang='lat' dir='ltr'><strong><em>corpora</em></strong></span> <span class='ocrx_word' id='word_1_229' title='bbox 1683 3307 2028 3363; x_wconf 90' lang='lat' dir='ltr'><strong><em>revolvuntur</em></strong></span> <span class='ocrx_word' id='word_1_230' title='bbox 2051 3321 2066 3365; x_wconf 92' lang='lat'>:</span> 
     </span>
    </p>
   </div>
   <div class='ocr_carea' id='block_1_32' title="bbox 482 3399 2070 3478">
    <p class='ocr_par' dir='ltr' id='par_1_32' title="bbox 482 3399 2070 3478">
     <span class='ocr_line' id='line_1_32' title="bbox 482 3399 2070 3478; baseline -0.01 -7"><span class='ocrx_word' id='word_1_231' title='bbox 482 3420 682 3471; x_wconf 88' lang='lat' dir='ltr'><strong><em>exeunt</em></strong></span> <span class='ocrx_word' id='word_1_232' title='bbox 701 3411 894 3466; x_wconf 70' lang='lat' dir='ltr'><strong><em>anima:</em></strong></span> <span class='ocrx_word' id='word_1_233' title='bbox 911 3405 1229 3478; x_wconf 90' lang='lat' dir='ltr'><strong><em>sapientium</em></strong></span> <span class='ocrx_word' id='word_1_234' title='bbox 1247 3400 1707 3474; x_wconf 86' lang='lat' dir='ltr'><strong><em>atquejustorum;</em></strong></span> <span class='ocrx_word' id='word_1_235' title='bbox 1727 3409 1780 3455; x_wconf 90' lang='lat' dir='ltr'><strong><em>et</em></strong></span> <span class='ocrx_word' id='word_1_236' title='bbox 1794 3400 1916 3470; x_wconf 90' lang='lat' dir='ltr'><strong><em>quia</em></strong></span> <span class='ocrx_word' id='word_1_237' title='bbox 1934 3399 2070 3455; x_wconf 89' lang='lat' dir='ltr'><strong><em>bene</em></strong></span> 
     </span>
    </p>
   </div>
   <div class='ocr_carea' id='block_1_33' title="bbox 482 3494 2070 3571">
    <p class='ocr_par' dir='ltr' id='par_1_33' title="bbox 482 3494 2070 3571">
     <span class='ocr_line' id='line_1_33' title="bbox 482 3494 2070 3571; baseline -0.008 -10"><span class='ocrx_word' id='word_1_238' title='bbox 482 3505 934 3571; x_wconf 60' lang='lat' dir='ltr'><strong><em>vixeruntvolant</em></strong></span> <span class='ocrx_word' id='word_1_239' title='bbox 947 3500 1014 3556; x_wconf 91' lang='lat' dir='ltr'><strong><em>ad</em></strong></span> <span class='ocrx_word' id='word_1_240' title='bbox 1025 3499 1242 3556; x_wconf 70' lang='lat' dir='ltr'><strong><em>cmlum.</em></strong></span> <span class='ocrx_word' id='word_1_241' title='bbox 1261 3502 1374 3568; x_wconf 88' lang='lat' dir='ltr'><strong><em>Age</em></strong></span> <span class='ocrx_word' id='word_1_242' title='bbox 1386 3495 1686 3561; x_wconf 89' lang='lat' dir='ltr'><strong><em>belle,belle</em></strong></span> <span class='ocrx_word' id='word_1_243' title='bbox 1705 3494 1810 3549; x_wconf 91' lang='lat' dir='ltr'><strong><em>illis</em></strong></span> <span class='ocrx_word' id='word_1_244' title='bbox 1824 3494 2070 3549; x_wconf 82' lang='lat' dir='ltr'><strong><em>invenisti</em></strong></span> 
     </span>
    </p>
   </div>
   <div class='ocr_carea' id='block_1_34' title="bbox 482 3585 2070 3659">
    <p class='ocr_par' dir='ltr' id='par_1_34' title="bbox 482 3585 2070 3659">
     <span class='ocr_line' id='line_1_34' title="bbox 482 3585 2070 3659; baseline -0.008 -5"><span class='ocrx_word' id='word_1_245' title='bbox 482 3600 693 3654; x_wconf 88' lang='lat' dir='ltr'><strong><em>locum:</em></strong></span> <span class='ocrx_word' id='word_1_246' title='bbox 718 3596 959 3651; x_wconf 83' lang='lat' dir='ltr'><strong><em>volantes</em></strong></span> <span class='ocrx_word' id='word_1_247' title='bbox 986 3591 1053 3647; x_wconf 89' lang='lat' dir='ltr'><strong><em>ad</em></strong></span> <span class='ocrx_word' id='word_1_248' title='bbox 1082 3591 1275 3646; x_wconf 72' lang='lat' dir='ltr'><strong><em>cmlutn</em></strong></span> <span class='ocrx_word' id='word_1_249' title='bbox 1305 3587 1638 3659; x_wconf 90' lang='lat' dir='ltr'><strong><em>perveniunt.</em></strong></span> <span class='ocrx_word' id='word_1_250' title='bbox 1657 3586 1864 3656; x_wconf 89' lang='lat' dir='ltr'><strong><em>thuid</em></strong></span> <span class='ocrx_word' id='word_1_251' title='bbox 1884 3586 1980 3641; x_wconf 87' lang='lat' dir='ltr'><strong><em>ibi?</em></strong></span> <span class='ocrx_word' id='word_1_252' title='bbox 1997 3585 2070 3641; x_wconf 93' lang='lat' dir='ltr'><strong><em>lbi</em></strong></span> 
     </span>
    </p>
   </div>
   <div class='ocr_carea' id='block_1_35' title="bbox 483 3677 2069 3757">
    <p class='ocr_par' dir='ltr' id='par_1_35' title="bbox 483 3677 2069 3757">
     <span class='ocr_line' id='line_1_35' title="bbox 483 3677 2069 3757; baseline -0.009 -12"><span class='ocrx_word' id='word_1_253' title='bbox 483 3698 663 3756; x_wconf 73' lang='lat' dir='ltr'><strong><em>erunt,</em></strong></span> <span class='ocrx_word' id='word_1_254' title='bbox 686 3688 952 3757; x_wconf 87' lang='lat' dir='ltr'><strong><em>inquiunt,</em></strong></span> <span class='ocrx_word' id='word_1_255' title='bbox 973 3692 1028 3739; x_wconf 92' lang='lat' dir='ltr'><strong><em>et</em></strong></span> <span class='ocrx_word' id='word_1_256' title='bbox 1051 3681 1388 3753; x_wconf 88' lang='lat' dir='ltr'><strong><em>requiescent</em></strong></span> <span class='ocrx_word' id='word_1_257' title='bbox 1405 3695 1526 3734; x_wconf 90' lang='lat' dir='ltr'><strong><em>cum</em></strong></span> <span class='ocrx_word' id='word_1_258' title='bbox 1557 3678 1690 3732; x_wconf 82' lang='lat' dir='ltr'><strong><em>diis:</em></strong></span> <span class='ocrx_word' id='word_1_259' title='bbox 1709 3677 1864 3733; x_wconf 88' lang='lat' dir='ltr'><strong><em>sedes</em></strong></span> <span class='ocrx_word' id='word_1_260' title='bbox 1885 3692 2069 3733; x_wconf 91' lang='lat' dir='ltr'><strong><em>eorum</em></strong></span> 
     </span>
    </p>
   </div>
   <div class='ocr_carea' id='block_1_36' title="bbox 485 3773 2068 3839">
    <p class='ocr_par' dir='ltr' id='par_1_36' title="bbox 485 3773 2068 3839">
     <span class='ocr_line' id='line_1_36' title="bbox 485 3773 2068 3839; baseline -0.008 0"><span class='ocrx_word' id='word_1_261' title='bbox 485 3791 644 3839; x_wconf 87' lang='lat' dir='ltr'><strong><em>erunt</em></strong></span> <span class='ocrx_word' id='word_1_262' title='bbox 666 3781 854 3835; x_wconf 62' lang='lat' dir='ltr'><strong><em>stellae.</em></strong></span> <span class='ocrx_word' id='word_1_263' title='bbox 883 3778 999 3833; x_wconf 86' lang='lat' dir='ltr'><strong><em>Non</em></strong></span> <span class='ocrx_word' id='word_1_264' title='bbox 1026 3776 1221 3831; x_wconf 87' lang='lat' dir='ltr'><strong><em>malum</em></strong></span> <span class='ocrx_word' id='word_1_265' title='bbox 1251 3773 1606 3828; x_wconf 78' lang='lat' dir='ltr'><strong><em>habitaculum</em></strong></span> <span class='ocrx_word' id='word_1_266' title='bbox 1626 3773 1731 3827; x_wconf 91' lang='lat' dir='ltr'><strong><em>illis</em></strong></span> <span class='ocrx_word' id='word_1_267' title='bbox 1757 3773 2068 3828; x_wconf 89' lang='lat' dir='ltr'><strong><em>invenistis:</em></strong></span> 
     </span>
    </p>
   </div>
   <div class='ocr_carea' id='block_1_37' title="bbox 483 3865 2068 3936">
    <p class='ocr_par' dir='ltr' id='par_1_37' title="bbox 483 3865 2068 3936">
     <span class='ocr_line' id='line_1_37' title="bbox 483 3865 2068 3936; baseline -0.005 -8"><span class='ocrx_word' id='word_1_268' title='bbox 483 3875 566 3930; x_wconf 86' lang='lat' dir='ltr'><strong><em>vel</em></strong></span> <span class='ocrx_word' id='word_1_269' title='bbox 589 3874 656 3928; x_wconf 87' lang='lat' dir='ltr'><strong><em>ibi</em></strong></span> <span class='ocrx_word' id='word_1_270' title='bbox 673 3873 788 3927; x_wconf 90' lang='lat' dir='ltr'><strong><em>illas</em></strong></span> <span class='ocrx_word' id='word_1_271' title='bbox 804 3871 1075 3936; x_wconf 85' lang='lat' dir='ltr'><strong><em>dimittite,</em></strong></span> <span class='ocrx_word' id='word_1_272' title='bbox 1100 3868 1263 3923; x_wconf 91' lang='lat' dir='ltr'><strong><em>nolite</em></strong></span> <span class='ocrx_word' id='word_1_273' title='bbox 1278 3866 1394 3921; x_wconf 79' lang='lat' dir='ltr'><strong><em>illas</em></strong></span> <span class='ocrx_word' id='word_1_274' title='bbox 1415 3865 2068 3936; x_wconf 88' lang='lat' dir='ltr'><strong><em>dejicere.Sed,inquiunt,</em></strong></span> 
     </span>
    </p>
   </div>
   <div class='ocr_carea' id='block_1_38' title="bbox 488 3959 2071 4038">
    <p class='ocr_par' dir='ltr' id='par_1_38' title="bbox 488 3959 2071 4038">
     <span class='ocr_line' id='line_1_38' title="bbox 488 3959 2071 4038; baseline -0.005 -16"><span class='ocrx_word' id='word_1_275' title='bbox 488 3977 608 4038; x_wconf 90' lang='lat' dir='ltr'><strong><em>post</em></strong></span> <span class='ocrx_word' id='word_1_276' title='bbox 636 3968 791 4035; x_wconf 88' lang='lat' dir='ltr'><strong><em>longa</em></strong></span> <span class='ocrx_word' id='word_1_277' title='bbox 822 3975 1083 4035; x_wconf 90' lang='lat' dir='ltr'><strong><em>tempora,</em></strong></span> <span class='ocrx_word' id='word_1_278' title='bbox 1129 3962 1263 4016; x_wconf 84' lang='lat' dir='ltr'><strong><em>facta</em></strong></span> <span class='ocrx_word' id='word_1_279' title='bbox 1299 3960 1507 4031; x_wconf 86' lang='lat' dir='ltr'><strong><em>penitus</em></strong></span> <span class='ocrx_word' id='word_1_280' title='bbox 1535 3959 1800 4014; x_wconf 88' lang='lat' dir='ltr'><strong><em>oblivione</em></strong></span> <span class='ocrx_word' id='word_1_281' title='bbox 1829 3969 2071 4016; x_wconf 88' lang='lat' dir='ltr'><strong><em>veterum</em></strong></span> 
     </span>
    </p>
   </div>
   <div class='ocr_carea' id='block_1_39' title="bbox 487 4052 2072 4126">
    <p class='ocr_par' dir='ltr' id='par_1_39' title="bbox 487 4052 2072 4126">
     <span class='ocr_line' id='line_1_39' title="bbox 487 4052 2072 4126; baseline -0.003 -14"><span class='ocrx_word' id='word_1_282' title='bbox 487 4057 843 4125; x_wconf 87' lang='lat' dir='ltr'><strong><em>miseriarmn,</em></strong></span> <span class='ocrx_word' id='word_1_283' title='bbox 869 4057 1124 4126; x_wconf 85' lang='lat' dir='ltr'><strong><em>incipiunt</em></strong></span> <span class='ocrx_word' id='word_1_284' title='bbox 1150 4054 1285 4110; x_wconf 90' lang='lat' dir='ltr'><strong><em>velle</em></strong></span> <span class='ocrx_word' id='word_1_285' title='bbox 1314 4053 1508 4108; x_wconf 89' lang='lat' dir='ltr'><strong><em>reverti</em></strong></span> <span class='ocrx_word' id='word_1_286' title='bbox 1534 4052 1586 4106; x_wconf 92' lang='lat' dir='ltr'><strong><em>in</em></strong></span> <span class='ocrx_word' id='word_1_287' title='bbox 1607 4067 1867 4122; x_wconf 89' lang='lat' dir='ltr'><strong><em>corpora;</em></strong></span> <span class='ocrx_word' id='word_1_288' title='bbox 1895 4063 1948 4108; x_wconf 89' lang='lat' dir='ltr'><strong><em>et</em></strong></span> <span class='ocrx_word' id='word_1_289' title='bbox 1972 4053 2072 4108; x_wconf 83' lang='lat' dir='ltr'><strong><em>de-</em></strong></span> 
     </span>
    </p>
   </div>
   <div class='ocr_carea' id='block_1_40' title="bbox 487 4145 2070 4216">
    <p class='ocr_par' dir='ltr' id='par_1_40' title="bbox 487 4145 2070 4216">
     <span class='ocr_line' id='line_1_40' title="bbox 487 4145 2070 4216; baseline -0.004 -9"><span class='ocrx_word' id='word_1_290' title='bbox 487 4151 702 4208; x_wconf 84' lang='lat' dir='ltr'><strong><em>lectabit</em></strong></span> <span class='ocrx_word' id='word_1_291' title='bbox 729 4166 819 4206; x_wconf 81' lang='lat' dir='ltr'><strong><em>eas</em></strong></span> <span class='ocrx_word' id='word_1_292' title='bbox 836 4149 1038 4214; x_wconf 84' lang='lat' dir='ltr'><strong><em>venire,</em></strong></span> <span class='ocrx_word' id='word_1_293' title='bbox 1063 4155 1118 4204; x_wconf 86' lang='lat' dir='ltr'><strong><em>et</em></strong></span> <span class='ocrx_word' id='word_1_294' title='bbox 1142 4162 1330 4202; x_wconf 89' lang='lat' dir='ltr'><strong><em>rursus</em></strong></span> <span class='ocrx_word' id='word_1_295' title='bbox 1357 4145 1574 4200; x_wconf 85' lang='lat' dir='ltr'><strong><em>veniunt</em></strong></span> <span class='ocrx_word' id='word_1_296' title='bbox 1596 4145 1662 4200; x_wconf 89' lang='lat' dir='ltr'><strong><em>ad</em></strong></span> <span class='ocrx_word' id='word_1_297' title='bbox 1681 4145 1777 4200; x_wconf 87' lang='lat' dir='ltr'><strong><em>ista</em></strong></span> <span class='ocrx_word' id='word_1_298' title='bbox 1803 4147 2070 4216; x_wconf 88' lang='lat' dir='ltr'><strong><em>patienda,</em></strong></span> 
     </span>
    </p>
   </div>
   <div class='ocr_carea' id='block_1_41' title="bbox 487 4238 2078 4307">
    <p class='ocr_par' dir='ltr' id='par_1_41' title="bbox 487 4238 2078 4307">
     <span class='ocr_line' id='line_1_41' title="bbox 487 4238 2078 4307; baseline -0.004 -8"><span class='ocrx_word' id='word_1_299' title='bbox 487 4245 554 4299; x_wconf 86' lang='lat' dir='ltr'><strong><em>ad</em></strong></span> <span class='ocrx_word' id='word_1_300' title='bbox 596 4246 694 4298; x_wconf 89' lang='lat' dir='ltr'><strong><em>ista</em></strong></span> <span class='ocrx_word' id='word_1_301' title='bbox 735 4242 1027 4307; x_wconf 89' lang='lat' dir='ltr'><strong><em>toleranda,</em></strong></span> <span class='ocrx_word' id='word_1_302' title='bbox 1075 4240 1141 4296; x_wconf 87' lang='lat' dir='ltr'><strong><em>ad</em></strong></span> <span class='ocrx_word' id='word_1_303' title='bbox 1187 4238 1605 4295; x_wconf 87' lang='lat' dir='ltr'><strong><em>obliviscendum</em></strong></span> <span class='ocrx_word' id='word_1_304' title='bbox 1637 4239 1824 4306; x_wconf 89' lang='lat' dir='ltr'><strong><em>Deum,</em></strong></span> <span class='ocrx_word' id='word_1_305' title='bbox 1853 4241 1919 4295; x_wconf 89' lang='lat' dir='ltr'><strong><em>ad</em></strong></span> <span class='ocrx_word' id='word_1_306' title='bbox 1964 4240 2078 4296; x_wconf 84' lang='lat' dir='ltr'><strong><em>bla-</em></strong></span> 
     </span>
    </p>
   </div>
   <div class='ocr_carea' id='block_1_42' title="bbox 487 4332 2077 4410">
    <p class='ocr_par' dir='ltr' id='par_1_42' title="bbox 487 4332 2077 4410">
     <span class='ocr_line' id='line_1_42' title="bbox 487 4332 2077 4410; baseline -0.003 -15"><span class='ocrx_word' id='word_1_307' title='bbox 487 4337 878 4410; x_wconf 87' lang='lat' dir='ltr'><strong><em>sphemandum</em></strong></span> <span class='ocrx_word' id='word_1_308' title='bbox 910 4337 1099 4402; x_wconf 90' lang='lat' dir='ltr'><strong><em>Deum,</em></strong></span> <span class='ocrx_word' id='word_1_309' title='bbox 1130 4333 1196 4389; x_wconf 91' lang='lat' dir='ltr'><strong><em>ad</em></strong></span> <span class='ocrx_word' id='word_1_310' title='bbox 1226 4332 1523 4403; x_wconf 89' lang='lat' dir='ltr'><strong><em>sequendas</em></strong></span> <span class='ocrx_word' id='word_1_311' title='bbox 1565 4334 1806 4404; x_wconf 90' lang='lat' dir='ltr'><strong><em>corporis</em></strong></span> <span class='ocrx_word' id='word_1_312' title='bbox 1836 4335 2077 4406; x_wconf 86' lang='lat' dir='ltr'><strong><em>vulupta-</em></strong></span> 
     </span>
    </p>
   </div>
   <div class='ocr_carea' id='block_1_43' title="bbox 489 4423 2076 4500">
    <p class='ocr_par' dir='ltr' id='par_1_43' title="bbox 489 4423 2076 4500">
     <span class='ocr_line' id='line_1_43' title="bbox 489 4423 2076 4500; baseline -0.003 -13"><span class='ocrx_word' id='word_1_313' title='bbox 489 4441 592 4500; x_wconf 87' lang='lat' dir='ltr'><strong><em>tes,</em></strong></span> <span class='ocrx_word' id='word_1_314' title='bbox 641 4430 706 4485; x_wconf 86' lang='lat' dir='ltr'><strong><em>ad</em></strong></span> <span class='ocrx_word' id='word_1_315' title='bbox 756 4442 958 4500; x_wconf 89' lang='lat' dir='ltr'><strong><em>pugnas</em></strong></span> <span class='ocrx_word' id='word_1_316' title='bbox 1001 4436 1183 4483; x_wconf 88' lang='lat' dir='ltr'><strong><em>contra</em></strong></span> <span class='ocrx_word' id='word_1_317' title='bbox 1234 4425 1502 4482; x_wconf 82' lang='lat' dir='ltr'><strong><em>libidines.</em></strong></span> <span class='ocrx_word' id='word_1_318' title='bbox 1551 4423 1788 4482; x_wconf 81' lang='lat' dir='ltr'><strong><em>Veniunt</em></strong></span> <span class='ocrx_word' id='word_1_319' title='bbox 1830 4427 1896 4482; x_wconf 92' lang='lat' dir='ltr'><strong><em>ad</em></strong></span> <span class='ocrx_word' id='word_1_320' title='bbox 1949 4428 2076 4484; x_wconf 90' lang='lat' dir='ltr'><strong><em>istas</em></strong></span> 
     </span>
    </p>
   </div>
   <div class='ocr_carea' id='block_1_44' title="bbox 493 4517 2074 4592">
    <p class='ocr_par' dir='ltr' id='par_1_44' title="bbox 493 4517 2074 4592">
     <span class='ocr_line' id='line_1_44' title="bbox 493 4517 2074 4592; baseline -0.004 -12"><span class='ocrx_word' id='word_1_321' title='bbox 493 4525 756 4592; x_wconf 89' lang='lat' dir='ltr'><strong><em>miserias,</em></strong></span> <span class='ocrx_word' id='word_1_322' title='bbox 790 4521 950 4588; x_wconf 92' lang='lat' dir='ltr'><strong><em>unde,</em></strong></span> <span class='ocrx_word' id='word_1_323' title='bbox 983 4530 1036 4576; x_wconf 90' lang='lat' dir='ltr'><strong><em>et</em></strong></span> <span class='ocrx_word' id='word_1_324' title='bbox 1063 4518 1207 4590; x_wconf 84' lang='lat' dir='ltr'><strong><em>quo?</em></strong></span> <span class='ocrx_word' id='word_1_325' title='bbox 1237 4517 1332 4573; x_wconf 89' lang='lat' dir='ltr'><strong><em>Dic</em></strong></span> <span class='ocrx_word' id='word_1_326' title='bbox 1370 4518 1520 4586; x_wconf 90' lang='lat' dir='ltr'><strong><em>mihi,</em></strong></span> <span class='ocrx_word' id='word_1_327' title='bbox 1557 4519 1751 4589; x_wconf 89' lang='lat' dir='ltr'><strong><em>quare?</em></strong></span> <span class='ocrx_word' id='word_1_328' title='bbox 1777 4520 1908 4588; x_wconf 88' lang='lat' dir='ltr'><strong><em>Quia</em></strong></span> <span class='ocrx_word' id='word_1_329' title='bbox 1939 4520 2074 4575; x_wconf 85' lang='lat' dir='ltr'><strong><em>obli-</em></strong></span> 
     </span>
    </p>
   </div>
   <div class='ocr_carea' id='block_1_45' title="bbox 490 4611 2077 4676">
    <p class='ocr_par' dir='ltr' id='par_1_45' title="bbox 490 4611 2077 4676">
     <span class='ocr_line' id='line_1_45' title="bbox 490 4611 2077 4676; baseline -0.001 -5"><span class='ocrx_word' id='word_1_330' title='bbox 490 4623 787 4674; x_wconf 83' lang='lat' dir='ltr'><strong><em>viscuntur.</em></strong></span> <span class='ocrx_word' id='word_1_331' title='bbox 816 4615 870 4672; x_wconf 88' lang='lat' dir='ltr'><strong><em>Si</em></strong></span> <span class='ocrx_word' id='word_1_332' title='bbox 900 4613 1077 4669; x_wconf 90' lang='lat' dir='ltr'><strong><em>omnia</em></strong></span> <span class='ocrx_word' id='word_1_333' title='bbox 1106 4613 1243 4666; x_wconf 89' lang='lat' dir='ltr'><strong><em>mala</em></strong></span> <span class='ocrx_word' id='word_1_334' title='bbox 1271 4611 1672 4676; x_wconf 89' lang='lat' dir='ltr'><strong><em>obliviscuntur,</em></strong></span> <span class='ocrx_word' id='word_1_335' title='bbox 1695 4613 2077 4670; x_wconf 88' lang='lat' dir='ltr'><strong><em>obliviscantur</em></strong></span> 
     </span>
    </p>
   </div>
   <div class='ocr_carea' id='block_1_46' title="bbox 488 4701 2074 4765">
    <p class='ocr_par' dir='ltr' id='par_1_46' title="bbox 488 4701 2074 4765">
     <span class='ocr_line' id='line_1_46' title="bbox 488 4701 2074 4765; baseline -0.004 -1"><span class='ocrx_word' id='word_1_336' title='bbox 488 4721 542 4764; x_wconf 89' lang='lat' dir='ltr'><strong><em>ct</em></strong></span> <span class='ocrx_word' id='word_1_337' title='bbox 557 4707 968 4765; x_wconf 89' lang='lat' dir='ltr'><strong><em>delectationem</em></strong></span> <span class='ocrx_word' id='word_1_338' title='bbox 1001 4703 1198 4758; x_wconf 90' lang='lat' dir='ltr'><strong><em>carnis.</em></strong></span> <span class='ocrx_word' id='word_1_339' title='bbox 1233 4701 1343 4754; x_wconf 91' lang='lat' dir='ltr'><strong><em>Hoc</em></strong></span> <span class='ocrx_word' id='word_1_340' title='bbox 1358 4701 1528 4755; x_wconf 90' lang='lat' dir='ltr'><strong><em>solum</em></strong></span> <span class='ocrx_word' id='word_1_341' title='bbox 1555 4701 1694 4754; x_wconf 89' lang='lat' dir='ltr'><strong><em>malo</em></strong></span> <span class='ocrx_word' id='word_1_342' title='bbox 1715 4716 1812 4756; x_wconf 87' lang='lat' dir='ltr'><strong><em>suo</em></strong></span> <span class='ocrx_word' id='word_1_343' title='bbox 1833 4703 1852 4733; x_wconf 79' lang='grc'>²</span> <span class='ocrx_word' id='word_1_344' title='bbox 1883 4703 2074 4758; x_wconf 83' lang='lat' dir='ltr'><strong><em>memi-</em></strong></span> 
     </span>
    </p>
   </div>
   <div class='ocr_carea' id='block_1_47' title="bbox 491 4792 2079 4867">
    <p class='ocr_par' dir='ltr' id='par_1_47' title="bbox 491 4792 2079 4867">
     <span class='ocr_line' id='line_1_47' title="bbox 491 4792 2079 4867; baseline -0.003 -11"><span class='ocrx_word' id='word_1_345' title='bbox 491 4809 709 4867; x_wconf 89' lang='lat' dir='ltr'><strong><em>nerunt,</em></strong></span> <span class='ocrx_word' id='word_1_346' title='bbox 743 4797 884 4853; x_wconf 91' lang='lat' dir='ltr'><strong><em>unde</em></strong></span> <span class='ocrx_word' id='word_1_347' title='bbox 913 4803 1156 4852; x_wconf 90' lang='lat' dir='ltr'><strong><em>ruerunt.</em></strong></span> <span class='ocrx_word' id='word_1_348' title='bbox 1191 4792 1450 4848; x_wconf 87' lang='lat' dir='ltr'><strong><em>Veniunt:</em></strong></span> <span class='ocrx_word' id='word_1_349' title='bbox 1470 4793 1670 4862; x_wconf 86' lang='lat' dir='ltr'><strong><em>quare?</em></strong></span> <span class='ocrx_word' id='word_1_350' title='bbox 1695 4793 1826 4862; x_wconf 86' lang='lat' dir='ltr'><strong><em>Quia</em></strong></span> <span class='ocrx_word' id='word_1_351' title='bbox 1851 4794 2079 4852; x_wconf 88' lang='lat' dir='ltr'><strong><em>delectat</em></strong></span> 
     </span>
    </p>
   </div>
   <div class='ocr_carea' id='block_1_48' title="bbox 490 4886 2073 4961">
    <p class='ocr_par' dir='ltr' id='par_1_48' title="bbox 490 4886 2073 4961">
     <span class='ocr_line' id='line_1_48' title="bbox 490 4886 2073 4961; baseline -0.005 -9"><span class='ocrx_word' id='word_1_352' title='bbox 490 4914 582 4952; x_wconf 86' lang='lat' dir='ltr'><strong><em>cas</em></strong></span> <span class='ocrx_word' id='word_1_353' title='bbox 630 4910 816 4950; x_wconf 89' lang='lat' dir='ltr'><strong><em>rursus</em></strong></span> <span class='ocrx_word' id='word_1_354' title='bbox 863 4893 915 4947; x_wconf 91' lang='lat' dir='ltr'><strong><em>in</em></strong></span> <span class='ocrx_word' id='word_1_355' title='bbox 956 4889 1269 4961; x_wconf 87' lang='lat' dir='ltr'><strong><em>corporibus</em></strong></span> <span class='ocrx_word' id='word_1_356' title='bbox 1309 4886 1571 4942; x_wconf 85' lang='lat' dir='ltr'><strong><em>habitare.</em></strong></span> <span class='ocrx_word' id='word_1_357' title='bbox 1612 4887 1764 4943; x_wconf 88' lang='lat' dir='ltr'><strong><em>Unde</em></strong></span> <span class='ocrx_word' id='word_1_358' title='bbox 1805 4888 2073 4956; x_wconf 85' lang='lat' dir='ltr'><strong><em>delectat,</em></strong></span> 
     </span>
    </p>
   </div>
   <div class='ocr_carea' id='block_1_49' title="bbox 492 4981 2077 5060">
    <p class='ocr_par' dir='ltr' id='par_1_49' title="bbox 492 4981 2077 5060">
     <span class='ocr_line' id='line_1_49' title="bbox 492 4981 2077 5060; baseline -0.001 -16"><span class='ocrx_word' id='word_1_359' title='bbox 492 4991 592 5044; x_wconf 85' lang='lat' dir='ltr'><strong><em>nisi</em></strong></span> <span class='ocrx_word' id='word_1_360' title='bbox 625 5004 719 5060; x_wconf 88' lang='lat' dir='ltr'><strong><em>per</em></strong></span> <span class='ocrx_word' id='word_1_361' title='bbox 748 4985 1081 5051; x_wconf 89' lang='lat' dir='ltr'><strong><em>memoriam,</em></strong></span> <span class='ocrx_word' id='word_1_362' title='bbox 1112 4983 1232 5054; x_wconf 92' lang='lat' dir='ltr'><strong><em>quia</em></strong></span> <span class='ocrx_word' id='word_1_363' title='bbox 1260 4982 1329 5037; x_wconf 92' lang='lat' dir='ltr'><strong><em>ibi</em></strong></span> <span class='ocrx_word' id='word_1_364' title='bbox 1353 4981 1636 5052; x_wconf 85' lang='lat' dir='ltr'><strong><em>aliquando</em></strong></span> <span class='ocrx_word' id='word_1_365' title='bbox 1663 4982 2077 5042; x_wconf 77' lang='lat' dir='ltr'><strong><em>habitaverunt!</em></strong></span> 
     </span>
    </p>
   </div>
   <div class='ocr_carea' id='block_1_50' title="bbox 492 5074 2073 5141">
    <p class='ocr_par' dir='ltr' id='par_1_50' title="bbox 492 5074 2073 5141">
     <span class='ocr_line' id='line_1_50' title="bbox 492 5074 2073 5141; baseline -0.003 -3"><span class='ocrx_word' id='word_1_366' title='bbox 492 5085 620 5139; x_wconf 86' lang='lat' dir='ltr'><strong><em>Dele</em></strong></span> <span class='ocrx_word' id='word_1_367' title='bbox 651 5091 814 5138; x_wconf 89' lang='lat' dir='ltr'><strong><em>totam</em></strong></span> <span class='ocrx_word' id='word_1_368' title='bbox 859 5079 1192 5141; x_wconf 91' lang='lat' dir='ltr'><strong><em>memoriam,</em></strong></span> <span class='ocrx_word' id='word_1_369' title='bbox 1223 5085 1278 5132; x_wconf 89' lang='lat' dir='ltr'><strong><em>et</em></strong></span> <span class='ocrx_word' id='word_1_370' title='bbox 1322 5074 1458 5132; x_wconf 85' lang='lat' dir='ltr'><strong><em>forte</em></strong></span> <span class='ocrx_word' id='word_1_371' title='bbox 1487 5075 1751 5132; x_wconf 87' lang='lat' dir='ltr'><strong><em>residuam</em></strong></span> <span class='ocrx_word' id='word_1_372' title='bbox 1782 5077 1943 5134; x_wconf 84' lang='lat' dir='ltr'><strong><em>facies</em></strong></span> <span class='ocrx_word' id='word_1_373' title='bbox 1984 5095 2073 5134; x_wconf 84' lang='lat' dir='ltr'><strong><em>sa-</em></strong></span> 
     </span>
    </p>
   </div>
   <div class='ocr_carea' id='block_1_51' title="bbox 491 5170 1680 5248">
    <p class='ocr_par' dir='ltr' id='par_1_51' title="bbox 491 5170 1680 5248">
     <span class='ocr_line' id='line_1_51' title="bbox 491 5170 1680 5248; baseline -0.003 -18"><span class='ocrx_word' id='word_1_374' title='bbox 491 5178 743 5248; x_wconf 85' lang='lat' dir='ltr'><strong><em>pientiam</em></strong></span> <span class='ocrx_word' id='word_1_375' title='bbox 776 5194 789 5231; x_wconf 92' lang='lat'>:</span> <span class='ocrx_word' id='word_1_376' title='bbox 820 5175 950 5229; x_wconf 89' lang='lat' dir='ltr'><strong><em>nihil</em></strong></span> <span class='ocrx_word' id='word_1_377' title='bbox 981 5181 1252 5229; x_wconf 90' lang='lat' dir='ltr'><strong><em>remaneat</em></strong></span> <span class='ocrx_word' id='word_1_378' title='bbox 1281 5170 1420 5242; x_wconf 86' lang='lat' dir='ltr'><strong><em>quod</em></strong></span> <span class='ocrx_word' id='word_1_379' title='bbox 1451 5182 1680 5227; x_wconf 90' lang='lat' dir='ltr'><strong><em>revocet.</em></strong></span> 
     </span>
    </p>
   </div>
   <div class='ocr_carea' id='block_1_52' title="bbox 564 5286 2080 5360">
    <p class='ocr_par' dir='ltr' id='par_1_52' title="bbox 564 5286 2080 5360">
     <span class='ocr_line' id='line_1_52' title="bbox 564 5286 2080 5360; baseline -0.002 -11"><span class='ocrx_word' id='word_1_380' title='bbox 564 5291 793 5349; x_wconf 83' lang='lat' dir='ltr'><strong>CAPUT</strong></span> <span class='ocrx_word' id='word_1_381' title='bbox 832 5289 970 5345; x_wconf 76' lang='lat' dir='ltr'><strong><em>V.—</em></strong></span> <span class='ocrx_word' id='word_1_382' title='bbox 993 5290 1046 5346; x_wconf 85' lang='lat'><strong><em>5.</em></strong></span> <span class='ocrx_word' id='word_1_383' title='bbox 1085 5286 1298 5360; x_wconf 84' lang='lat' dir='ltr'><strong><em>Virgilio</em></strong></span> <span class='ocrx_word' id='word_1_384' title='bbox 1317 5305 1418 5342; x_wconf 85' lang='lat' dir='ltr'><strong><em>non</em></strong></span> <span class='ocrx_word' id='word_1_385' title='bbox 1440 5288 1602 5358; x_wconf 86' lang='lat' dir='ltr'><strong><em>placet</em></strong></span> <span class='ocrx_word' id='word_1_386' title='bbox 1631 5289 1856 5344; x_wconf 85' lang='lat' dir='ltr'><strong><em>doctrina</em></strong></span> <span class='ocrx_word' id='word_1_387' title='bbox 1877 5293 1939 5345; x_wconf 89' lang='lat' dir='ltr'><strong><em>de</em></strong></span> <span class='ocrx_word' id='word_1_388' title='bbox 1966 5292 2080 5347; x_wconf 91' lang='lat' dir='ltr'><strong><em>ani-</em></strong></span> 
     </span>
    </p>
   </div>
   <div class='ocr_carea' id='block_1_53' title="bbox 494 5381 2080 5454">
    <p class='ocr_par' dir='ltr' id='par_1_53' title="bbox 494 5381 2080 5454">
     <span class='ocr_line' id='line_1_53' title="bbox 494 5381 2080 5454; baseline 0 -14"><span class='ocrx_word' id='word_1_389' title='bbox 494 5402 692 5442; x_wconf 89' lang='lat' dir='ltr'><strong><em>marum</em></strong></span> <span class='ocrx_word' id='word_1_390' title='bbox 717 5385 879 5438; x_wconf 84' lang='lat' dir='ltr'><strong><em>reditu</em></strong></span> <span class='ocrx_word' id='word_1_391' title='bbox 907 5383 961 5436; x_wconf 90' lang='lat' dir='ltr'><strong><em>in</em></strong></span> <span class='ocrx_word' id='word_1_392' title='bbox 990 5398 1223 5454; x_wconf 85' lang='lat' dir='ltr'><strong><em>corpora.</em></strong></span> <span class='ocrx_word' id='word_1_393' title='bbox 1256 5381 1463 5436; x_wconf 83' lang='lat' dir='ltr'><strong><em>Animas</em></strong></span> <span class='ocrx_word' id='word_1_394' title='bbox 1487 5383 1538 5435; x_wconf 91' lang='lat' dir='ltr'><strong><em>in</em></strong></span> <span class='ocrx_word' id='word_1_395' title='bbox 1569 5398 1626 5435; x_wconf 89' lang='lat' dir='ltr'><strong><em>ea</em></strong></span> <span class='ocrx_word' id='word_1_396' title='bbox 1651 5383 1887 5452; x_wconf 87' lang='lat' dir='ltr'><strong><em>opinione</em></strong></span> <span class='ocrx_word' id='word_1_397' title='bbox 1910 5383 2080 5441; x_wconf 92' lang='lat' dir='ltr'><strong><em>beatas</em></strong></span> 
     </span>
    </p>
   </div>
   <div class='ocr_carea' id='block_1_54' title="bbox 495 5473 2077 5545">
    <p class='ocr_par' dir='ltr' id='par_1_54' title="bbox 495 5473 2077 5545">
     <span class='ocr_line' id='line_1_54' title="bbox 495 5473 2077 5545; baseline 0 -13"><span class='ocrx_word' id='word_1_398' title='bbox 495 5493 601 5533; x_wconf 82' lang='lat' dir='ltr'><strong><em>esse</em></strong></span> <span class='ocrx_word' id='word_1_399' title='bbox 625 5493 725 5530; x_wconf 89' lang='lat' dir='ltr'><strong><em>non</em></strong></span> <span class='ocrx_word' id='word_1_400' title='bbox 749 5491 910 5545; x_wconf 86' lang='lat' dir='ltr'><strong><em>posse.</em></strong></span> <span class='ocrx_word' id='word_1_401' title='bbox 948 5473 1236 5528; x_wconf 75' lang='lat' dir='ltr'><strong><em>Exhorruit</em></strong></span> <span class='ocrx_word' id='word_1_402' title='bbox 1259 5475 1469 5544; x_wconf 88' lang='lat' dir='ltr'><strong><em>quidam</em></strong></span> <span class='ocrx_word' id='word_1_403' title='bbox 1497 5475 1963 5544; x_wconf 72' lang='lat' dir='ltr'><strong><em>auctoripsorum,</em></strong></span> <span class='ocrx_word' id='word_1_404' title='bbox 1992 5477 2077 5532; x_wconf 91' lang='lat' dir='ltr'><strong><em>cui</em></strong></span> 
     </span>
    </p>
   </div>
   <div class='ocr_carea' id='block_1_55' title="bbox 495 5568 2081 5638">
    <p class='ocr_par' dir='ltr' id='par_1_55' title="bbox 495 5568 2081 5638">
     <span class='ocr_line' id='line_1_55' title="bbox 495 5568 2081 5638; baseline 0 -11"><span class='ocrx_word' id='word_1_405' title='bbox 495 5569 961 5627; x_wconf 90' lang='lat' dir='ltr'><strong><em>dcmoustrabatur</em></strong></span> <span class='ocrx_word' id='word_1_406' title='bbox 985 5609 998 5632; x_wconf 92' lang='lat'><strong><em>,</em></strong></span> <span class='ocrx_word' id='word_1_407' title='bbox 1048 5568 1130 5623; x_wconf 82' lang='lat' dir='ltr'><strong><em>vel</em></strong></span> <span class='ocrx_word' id='word_1_408' title='bbox 1154 5568 1243 5636; x_wconf 90' lang='lat' dir='ltr'><strong><em>qui</em></strong></span> <span class='ocrx_word' id='word_1_409' title='bbox 1283 5568 1563 5623; x_wconf 89' lang='lat' dir='ltr'><strong><em>inducebat</em></strong></span> <span class='ocrx_word' id='word_1_410' title='bbox 1598 5568 1736 5638; x_wconf 89' lang='lat' dir='ltr'><strong><em>apud</em></strong></span> <span class='ocrx_word' id='word_1_411' title='bbox 1767 5569 1963 5624; x_wconf 82' lang='lat' dir='ltr'><strong><em>inferos</em></strong></span> <span class='ocrx_word' id='word_1_412' title='bbox 1989 5570 2081 5628; x_wconf 92' lang='lat' dir='ltr'><strong><em>de-</em></strong></span> 
     </span>
    </p>
   </div>
   <div class='ocr_carea' id='block_1_56' title="bbox 496 5660 2080 5734">
    <p class='ocr_par' dir='ltr' id='par_1_56' title="bbox 496 5660 2080 5734">
     <span class='ocr_line' id='line_1_56' title="bbox 496 5660 2080 5734; baseline -0.002 -12"><span class='ocrx_word' id='word_1_413' title='bbox 496 5673 881 5722; x_wconf 85' lang='lat' dir='ltr'><strong><em>moustrantem</em></strong></span> <span class='ocrx_word' id='word_1_414' title='bbox 913 5671 1113 5732; x_wconf 87' lang='lat' dir='ltr'><strong><em>patrem</em></strong></span> <span class='ocrx_word' id='word_1_415' title='bbox 1144 5660 1252 5714; x_wconf 86' lang='lat' dir='ltr'><strong><em>filio</em></strong></span> <span class='ocrx_word' id='word_1_416' title='bbox 1280 5677 1396 5715; x_wconf 91' lang='lat' dir='ltr'><strong><em>suo.</em></strong></span> <span class='ocrx_word' id='word_1_417' title='bbox 1423 5661 1602 5717; x_wconf 86' lang='lat' dir='ltr'><strong><em>Nostis</em></strong></span> <span class='ocrx_word' id='word_1_418' title='bbox 1620 5663 1760 5718; x_wconf 90' lang='lat' dir='ltr'><strong><em>enim</em></strong></span> <span class='ocrx_word' id='word_1_419' title='bbox 1784 5662 1885 5717; x_wconf 87' lang='lat' dir='ltr'><strong><em>hoc</em></strong></span> <span class='ocrx_word' id='word_1_420' title='bbox 1915 5680 2080 5734; x_wconf 90' lang='lat' dir='ltr'><strong><em>prope</em></strong></span> 
     </span>
    </p>
   </div>
   <div class='ocr_carea' id='block_1_57' title="bbox 495 5755 2083 5829">
    <p class='ocr_par' dir='ltr' id='par_1_57' title="bbox 495 5755 2083 5829">
     <span class='ocr_line' id='line_1_57' title="bbox 495 5755 2083 5829; baseline -0.001 -14"><span class='ocrx_word' id='word_1_421' title='bbox 495 5773 718 5822; x_wconf 88' lang='lat' dir='ltr'><strong><em>omnes;</em></strong></span> <span class='ocrx_word' id='word_1_422' title='bbox 749 5766 905 5825; x_wconf 89' lang='lat' dir='ltr'><strong><em>atque</em></strong></span> <span class='ocrx_word' id='word_1_423' title='bbox 926 5756 1126 5808; x_wconf 86' lang='lat' dir='ltr'><strong><em>utinam</em></strong></span> <span class='ocrx_word' id='word_1_424' title='bbox 1153 5755 1307 5824; x_wconf 86' lang='lat' dir='ltr'><strong><em>pauci</em></strong></span> <span class='ocrx_word' id='word_1_425' title='bbox 1327 5757 1572 5811; x_wconf 89' lang='lat' dir='ltr'><strong><em>nossetis.</em></strong></span> <span class='ocrx_word' id='word_1_426' title='bbox 1601 5757 1705 5813; x_wconf 87' lang='lat' dir='ltr'><strong><em>Sed</em></strong></span> <span class='ocrx_word' id='word_1_427' title='bbox 1736 5758 1887 5829; x_wconf 91' lang='lat' dir='ltr'><strong><em>pauci</em></strong></span> <span class='ocrx_word' id='word_1_428' title='bbox 1914 5759 2083 5815; x_wconf 90' lang='lat' dir='ltr'><strong><em>nostis</em></strong></span> 
     </span>
    </p>
   </div>
   <div class='ocr_carea' id='block_1_58' title="bbox 562 5910 1421 5971">
    <p class='ocr_par' dir='ltr' id='par_1_58' title="bbox 562 5910 1421 5971">
     <span class='ocr_line' id='line_1_58' title="bbox 562 5910 1421 5971; baseline -0.005 -6"><span class='ocrx_word' id='word_1_429' title='bbox 562 5918 578 5949; x_wconf 77' lang='grc' dir='ltr'>ί</span> <span class='ocrx_word' id='word_1_430' title='bbox 607 5923 655 5965; x_wconf 89' lang='lat' dir='ltr'><strong><em>In</em></strong></span> <span class='ocrx_word' id='word_1_431' title='bbox 679 5913 930 5964; x_wconf 83' lang='lat' dir='ltr'><strong><em>veteribus</em></strong></span> <span class='ocrx_word' id='word_1_432' title='bbox 953 5910 1105 5971; x_wconf 86' lang='lat' dir='ltr'><strong><em>libris,</em></strong></span> <span class='ocrx_word' id='word_1_433' title='bbox 1128 5910 1421 5963; x_wconf 85' lang='lat' dir='ltr'><strong><em>corcodrilli.</em></strong></span> 
     </span>
    </p>
   </div>
   <div class='ocr_carea' id='block_1_59' title="bbox 561 5974 1590 6038">
    <p class='ocr_par' dir='ltr' id='par_1_59' title="bbox 561 5974 1590 6038">
     <span class='ocr_line' id='line_1_59' title="bbox 561 5974 1590 6038; baseline -0.004 -8"><span class='ocrx_word' id='word_1_434' title='bbox 561 5979 678 6030; x_wconf 74' lang='lat' dir='ltr'><strong><em>&#39;Sic</em></strong></span> <span class='ocrx_word' id='word_1_435' title='bbox 698 5976 1025 6038; x_wconf 78' lang='lat' dir='ltr'><strong><em>manuscriuti.</em></strong></span> <span class='ocrx_word' id='word_1_436' title='bbox 1061 5983 1116 6026; x_wconf 83' lang='lat' dir='ltr'><strong><em>At</em></strong></span> <span class='ocrx_word' id='word_1_437' title='bbox 1156 5974 1302 6033; x_wconf 84' lang='lat' dir='ltr'><strong><em>editi,</em></strong></span> <span class='ocrx_word' id='word_1_438' title='bbox 1344 5975 1460 6026; x_wconf 88' lang='lat' dir='ltr'><strong><em>mali</em></strong></span> <span class='ocrx_word' id='word_1_439' title='bbox 1501 5976 1590 6026; x_wconf 84' lang='lat' dir='ltr'><strong><em>sui.</em></strong></span> 
     </span>
    </p>
   </div>
   <div class='ocr_carea' id='block_1_60' title="bbox 1694 448 2505 512">
    <p class='ocr_par' dir='ltr' id='par_1_60' title="bbox 1694 448 2505 512">
     <span class='ocr_line' id='line_1_60' title="bbox 1694 448 2505 512; baseline -0.007 0"><span class='ocrx_word' id='word_1_440' title='bbox 1694 455 1752 512; x_wconf 89' lang='lat' dir='ltr'><strong><em>S.</em></strong></span> <span class='ocrx_word' id='word_1_441' title='bbox 1793 448 2161 512; x_wconf 85' lang='lat' dir='ltr'><strong><em>AUGUSTINI</em></strong></span> <span class='ocrx_word' id='word_1_442' title='bbox 2202 449 2505 508; x_wconf 87' lang='lat' dir='ltr'><strong><em>EPlSCOPI</em></strong></span> 
     </span>
    </p>
   </div>
   <div class='ocr_carea' id='block_1_61' title="bbox 3197 417 3224 424">
    <p class='ocr_par' dir='ltr' id='par_1_61' title="bbox 3197 417 3224 424">
     <span class='ocr_line' id='line_1_61' title="bbox 3197 417 3224 424; baseline -0.037 0"><span class='ocrx_word' id='word_1_443' title='bbox 3197 417 3224 424; x_wconf 58' lang='grc' dir='ltr'><strong><em>ρ</em></strong></span> 
     </span>
    </p>
   </div>
   <div class='ocr_carea' id='block_1_62' title="bbox 3621 451 3754 510">
    <p class='ocr_par' dir='ltr' id='par_1_62' title="bbox 3621 451 3754 510">
     <span class='ocr_line' id='line_1_62' title="bbox 3621 451 3754 510; baseline 0.038 -5"><span class='ocrx_word' id='word_1_444' title='bbox 3621 451 3754 510; x_wconf 73' lang='lat'><strong><em>“36</em></strong></span> 
     </span>
    </p>
   </div>
   <div class='ocr_carea' id='block_1_63' title="bbox 2169 561 3755 634">
    <p class='ocr_par' dir='ltr' id='par_1_63' title="bbox 2169 561 3755 634">
     <span class='ocr_line' id='line_1_63' title="bbox 2169 561 3755 634; baseline 0 -13"><span class='ocrx_word' id='word_1_445' title='bbox 2169 565 2223 621; x_wconf 93' lang='lat' dir='ltr'><strong><em>in</em></strong></span> <span class='ocrx_word' id='word_1_446' title='bbox 2252 565 2402 622; x_wconf 88' lang='lat' dir='ltr'><strong><em>libris</em></strong></span> <span class='ocrx_word' id='word_1_447' title='bbox 2424 607 2438 632; x_wconf 94' lang='lat'><strong><em>,</em></strong></span> <span class='ocrx_word' id='word_1_448' title='bbox 2468 563 2620 619; x_wconf 90' lang='lat' dir='ltr'><strong><em>multi</em></strong></span> <span class='ocrx_word' id='word_1_449' title='bbox 2651 562 2703 618; x_wconf 91' lang='lat' dir='ltr'><strong><em>in</em></strong></span> <span class='ocrx_word' id='word_1_450' title='bbox 2730 562 2982 633; x_wconf 82' lang='lat' dir='ltr'><strong><em>theatris,</em></strong></span> <span class='ocrx_word' id='word_1_451' title='bbox 3010 561 3133 634; x_wconf 86' lang='lat' dir='ltr'><strong><em>quia</em></strong></span> <span class='ocrx_word' id='word_1_452' title='bbox 3163 562 3364 620; x_wconf 62' lang='lat' dir='ltr'><strong><em>lineas</em></strong></span> <span class='ocrx_word' id='word_1_453' title='bbox 3388 562 3667 619; x_wconf 88' lang='lat' dir='ltr'><strong><em>descendit</em></strong></span> <span class='ocrx_word' id='word_1_454' title='bbox 3696 565 3755 621; x_wconf 84' lang='lat' dir='ltr'><strong><em>ad</em></strong></span> 
     </span>
    </p>
   </div>
   <div class='ocr_carea' id='block_1_64' title="bbox 2168 653 3757 724">
    <p class='ocr_par' dir='ltr' id='par_1_64' title="bbox 2168 653 3757 724">
     <span class='ocr_line' id='line_1_64' title="bbox 2168 653 3757 724; baseline -0.001 -11"><span class='ocrx_word' id='word_1_455' title='bbox 2168 655 2398 724; x_wconf 90' lang='lat' dir='ltr'><strong><em>inferos,</em></strong></span> <span class='ocrx_word' id='word_1_456' title='bbox 2441 665 2494 712; x_wconf 89' lang='lat' dir='ltr'><strong><em>et</em></strong></span> <span class='ocrx_word' id='word_1_457' title='bbox 2520 653 2756 711; x_wconf 89' lang='lat' dir='ltr'><strong><em>ostendit</em></strong></span> <span class='ocrx_word' id='word_1_458' title='bbox 2805 654 2878 709; x_wconf 89' lang='lat' dir='ltr'><strong><em>illi</em></strong></span> <span class='ocrx_word' id='word_1_459' title='bbox 2910 663 3061 724; x_wconf 90' lang='lat' dir='ltr'><strong><em>pater</em></strong></span> <span class='ocrx_word' id='word_1_460' title='bbox 3089 671 3216 710; x_wconf 92' lang='lat' dir='ltr'><strong><em>suus</em></strong></span> <span class='ocrx_word' id='word_1_461' title='bbox 3241 654 3448 710; x_wconf 87' lang='lat' dir='ltr'><strong><em>animas</em></strong></span> <span class='ocrx_word' id='word_1_462' title='bbox 3488 655 3757 711; x_wconf 78' lang='lat' dir='ltr'><strong><em>Romano-</em></strong></span> 
     </span>
    </p>
   </div>
   <div class='ocr_carea' id='block_1_65' title="bbox 2168 734 3758 821">
    <p class='ocr_par' dir='ltr' id='par_1_65' title="bbox 2168 734 3758 821">
     <span class='ocr_line' id='line_1_65' title="bbox 2168 734 3758 821; baseline -0.003 -15"><span class='ocrx_word' id='word_1_463' title='bbox 2168 768 2286 806; x_wconf 90' lang='lat' dir='ltr'><strong><em>rum</em></strong></span> <span class='ocrx_word' id='word_1_464' title='bbox 2335 765 2647 821; x_wconf 88' lang='lat' dir='ltr'><strong><em>maguorum</em></strong></span> <span class='ocrx_word' id='word_1_465' title='bbox 2686 757 2938 805; x_wconf 89' lang='lat' dir='ltr'><strong><em>venturas</em></strong></span> <span class='ocrx_word' id='word_1_466' title='bbox 2987 748 3041 803; x_wconf 93' lang='lat' dir='ltr'><strong><em>in</em></strong></span> <span class='ocrx_word' id='word_1_467' title='bbox 3092 763 3317 819; x_wconf 87' lang='lat' dir='ltr'><strong><em>corpora</em></strong></span> <span class='ocrx_word' id='word_1_468' title='bbox 3345 767 3359 804; x_wconf 90' lang='lat'><strong>:</strong></span> <span class='ocrx_word' id='word_1_469' title='bbox 3387 734 3607 819; x_wconf 82' lang='lat' dir='ltr'><strong><em>expavit</em></strong></span> <span class='ocrx_word' id='word_1_470' title='bbox 3654 749 3758 819; x_wconf 83' lang='lat' dir='ltr'><strong><em>ipse</em></strong></span> 
     </span>
    </p>
   </div>
   <div class='ocr_carea' id='block_1_66' title="bbox 2167 842 2623 912">
    <p class='ocr_par' dir='ltr' id='par_1_66' title="bbox 2167 842 2623 912">
     <span class='ocr_line' id='line_1_66' title="bbox 2167 842 2623 912; baseline -0.002 -13"><span class='ocrx_word' id='word_1_471' title='bbox 2167 842 2371 900; x_wconf 67' lang='lat' dir='ltr'><strong><em>Encas</em></strong></span> <span class='ocrx_word' id='word_1_472' title='bbox 2391 885 2406 912; x_wconf 90' lang='lat'><strong><em>,</em></strong></span> <span class='ocrx_word' id='word_1_473' title='bbox 2433 852 2487 898; x_wconf 89' lang='lat' dir='ltr'><strong><em>et</em></strong></span> <span class='ocrx_word' id='word_1_474' title='bbox 2511 843 2585 898; x_wconf 88' lang='lat' dir='ltr'><strong><em>ait</em></strong></span> <span class='ocrx_word' id='word_1_475' title='bbox 2609 861 2623 898; x_wconf 89' lang='lat'><strong>:</strong></span> 
     </span>
    </p>
   </div>
   <div class='ocr_carea' id='block_1_67' title="bbox 2260 952 3738 1020">
    <p class='ocr_par' dir='ltr' id='par_1_67' title="bbox 2260 952 3738 1020">
     <span class='ocr_line' id='line_1_67' title="bbox 2260 952 3738 1020; baseline 0 -14"><span class='ocrx_word' id='word_1_476' title='bbox 2260 964 2298 1006; x_wconf 89' lang='grc' dir='ltr'><strong>ο</strong></span> <span class='ocrx_word' id='word_1_477' title='bbox 2322 964 2478 1020; x_wconf 85' lang='lat' dir='ltr'><strong><em>pater,</em></strong></span> <span class='ocrx_word' id='word_1_478' title='bbox 2496 967 2623 1006; x_wconf 89' lang='lat' dir='ltr'><strong><em>anne</em></strong></span> <span class='ocrx_word' id='word_1_479' title='bbox 2650 954 2836 1020; x_wconf 86' lang='lat' dir='ltr'><strong><em>aliquas</em></strong></span> <span class='ocrx_word' id='word_1_480' title='bbox 2859 953 2920 1004; x_wconf 87' lang='lat' dir='ltr'><strong><em>ad</em></strong></span> <span class='ocrx_word' id='word_1_481' title='bbox 2939 952 3118 1020; x_wconf 71' lang='lat' dir='ltr'><strong><em>coelum</em></strong></span> <span class='ocrx_word' id='word_1_482' title='bbox 3139 952 3251 1020; x_wconf 76' lang='lat' dir='ltr'><strong><em>hinc</em></strong></span> <span class='ocrx_word' id='word_1_483' title='bbox 3272 955 3346 1004; x_wconf 87' lang='lat' dir='ltr'><strong><em>ire</em></strong></span> <span class='ocrx_word' id='word_1_484' title='bbox 3371 952 3641 1020; x_wconf 75' lang='lat' dir='ltr'><strong><em>putandum</em></strong></span> <span class='ocrx_word' id='word_1_485' title='bbox 3661 961 3738 1006; x_wconf 88' lang='lat' dir='ltr'><strong><em>est</em></strong></span> 
     </span>
    </p>
   </div>
   <div class='ocr_carea' id='block_1_68' title="bbox 2262 1017 3480 1081">
    <p class='ocr_par' dir='ltr' id='par_1_68' title="bbox 2262 1017 3480 1081">
     <span class='ocr_line' id='line_1_68' title="bbox 2262 1017 3480 1081; baseline -0.002 -13"><span class='ocrx_word' id='word_1_486' title='bbox 2262 1017 2500 1081; x_wconf 81' lang='lat' dir='ltr'><strong><em>Sublimes</em></strong></span> <span class='ocrx_word' id='word_1_487' title='bbox 2521 1020 2722 1080; x_wconf 86' lang='lat' dir='ltr'><strong><em>animas,</em></strong></span> <span class='ocrx_word' id='word_1_488' title='bbox 2732 1017 3026 1081; x_wconf 71' lang='lat' dir='ltr'><strong><em>iterumque</em></strong></span> <span class='ocrx_word' id='word_1_489' title='bbox 3047 1017 3108 1068; x_wconf 90' lang='lat' dir='ltr'><strong><em>ad</em></strong></span> <span class='ocrx_word' id='word_1_490' title='bbox 3136 1017 3271 1067; x_wconf 85' lang='lat' dir='ltr'><strong><em>tarda</em></strong></span> <span class='ocrx_word' id='word_1_491' title='bbox 3293 1019 3480 1068; x_wconf 85' lang='lat' dir='ltr'><strong><em>reverti</em></strong></span> 
     </span>
    </p>
   </div>
   <div class='ocr_carea' id='block_1_69' title="bbox 2260 1079 2501 1144">
    <p class='ocr_par' dir='ltr' id='par_1_69' title="bbox 2260 1079 2501 1144">
     <span class='ocr_line' id='line_1_69' title="bbox 2260 1079 2501 1144; baseline 0 -14"><span class='ocrx_word' id='word_1_492' title='bbox 2260 1087 2461 1144; x_wconf 79' lang='lat' dir='ltr'><strong><em>Corpora</em></strong></span> <span class='ocrx_word' id='word_1_493' title='bbox 2478 1079 2501 1130; x_wconf 88' lang='lat'><strong><em>?</em></strong></span> 
     </span>
    </p>
   </div>
   <div class='ocr_carea' id='block_1_70' title="bbox 2167 1184 3759 1260">
    <p class='ocr_par' dir='ltr' id='par_1_70' title="bbox 2167 1184 3759 1260">
     <span class='ocr_line' id='line_1_70' title="bbox 2167 1184 3759 1260; baseline 0.002 -19"><span class='ocrx_word' id='word_1_494' title='bbox 2167 1184 2571 1242; x_wconf 89' lang='lat' dir='ltr'><strong><em>Credendumne</em></strong></span> <span class='ocrx_word' id='word_1_495' title='bbox 2596 1195 2712 1254; x_wconf 90' lang='lat' dir='ltr'><strong><em>est,</em></strong></span> <span class='ocrx_word' id='word_1_496' title='bbox 2757 1186 2960 1260; x_wconf 90' lang='lat' dir='ltr'><strong><em>inquit,</em></strong></span> <span class='ocrx_word' id='word_1_497' title='bbox 2989 1185 3131 1258; x_wconf 89' lang='lat' dir='ltr'><strong><em>quod</em></strong></span> <span class='ocrx_word' id='word_1_498' title='bbox 3167 1196 3295 1242; x_wconf 87' lang='lat' dir='ltr'><strong><em>eant</em></strong></span> <span class='ocrx_word' id='word_1_499' title='bbox 3335 1186 3403 1242; x_wconf 88' lang='lat' dir='ltr'><strong><em>ad</em></strong></span> <span class='ocrx_word' id='word_1_500' title='bbox 3426 1187 3626 1243; x_wconf 60' lang='lat' dir='ltr'><strong><em>caelum</em></strong></span> <span class='ocrx_word' id='word_1_501' title='bbox 3649 1229 3665 1255; x_wconf 96' lang='lat'><strong><em>,</em></strong></span> <span class='ocrx_word' id='word_1_502' title='bbox 3715 1198 3759 1244; x_wconf 89' lang='lat' dir='ltr'><strong><em>et</em></strong></span> 
     </span>
    </p>
   </div>
   <div class='ocr_carea' id='block_1_71' title="bbox 2169 1277 3756 1335">
    <p class='ocr_par' dir='ltr' id='par_1_71' title="bbox 2169 1277 3756 1335">
     <span class='ocr_line' id='line_1_71' title="bbox 2169 1277 3756 1335; baseline -0.005 -1"><span class='ocrx_word' id='word_1_503' title='bbox 2169 1278 2360 1334; x_wconf 86' lang='lat' dir='ltr'><strong><em>iterum</em></strong></span> <span class='ocrx_word' id='word_1_504' title='bbox 2386 1277 2644 1335; x_wconf 80' lang='lat' dir='ltr'><strong><em>redeant?</em></strong></span> <span class='ocrx_word' id='word_1_505' title='bbox 3753 1279 3756 1282; x_wconf 81' lang='grc'><strong>’</strong></span> 
     </span>
    </p>
   </div>
   <div class='ocr_carea' id='block_1_72' title="bbox 2352 1391 3316 1458">
    <p class='ocr_par' dir='ltr' id='par_1_72' title="bbox 2352 1391 3316 1458">
     <span class='ocr_line' id='line_1_72' title="bbox 2352 1391 3316 1458; baseline 0.003 -16"><span class='ocrx_word' id='word_1_506' title='bbox 2352 1399 2465 1452; x_wconf 63' lang='lat' dir='ltr'><strong><em>Qua</em></strong></span> <span class='ocrx_word' id='word_1_507' title='bbox 2486 1391 2610 1443; x_wconf 89' lang='lat' dir='ltr'><strong><em>lucis</em></strong></span> <span class='ocrx_word' id='word_1_508' title='bbox 2639 1393 2834 1444; x_wconf 82' lang='lat' dir='ltr'><strong><em>miseris</em></strong></span> <span class='ocrx_word' id='word_1_509' title='bbox 2853 1400 2952 1444; x_wconf 88' lang='lat' dir='ltr'><strong><em>tam</em></strong></span> <span class='ocrx_word' id='word_1_510' title='bbox 2983 1393 3088 1444; x_wconf 85' lang='lat' dir='ltr'><strong><em>dira</em></strong></span> <span class='ocrx_word' id='word_1_511' title='bbox 3108 1395 3316 1458; x_wconf 86' lang='lat' dir='ltr'><strong><em>cupido?</em></strong></span> 
     </span>
    </p>
   </div>
   <div class='ocr_carea' id='block_1_73' title="bbox 2589 1477 3644 1544">
    <p class='ocr_par' dir='ltr' id='par_1_73' title="bbox 2589 1477 3644 1544">
     <span class='ocr_line' id='line_1_73' title="bbox 2589 1477 3644 1544; baseline 0.001 -16"><span class='ocrx_word' id='word_1_512' title='bbox 2589 1477 2798 1543; x_wconf 67' lang='grc' dir='ltr'><strong><em>(μίτρα.</em></strong></span> <span class='ocrx_word' id='word_1_513' title='bbox 2826 1478 3031 1541; x_wconf 73' lang='grc' dir='ltr'><strong><em>Αεηείά.,</em></strong></span> <span class='ocrx_word' id='word_1_514' title='bbox 3057 1478 3140 1530; x_wconf 79' lang='lat' dir='ltr'><strong><em>tib.</em></strong></span> <span class='ocrx_word' id='word_1_515' title='bbox 3163 1480 3214 1543; x_wconf 83' lang='lat' dir='ltr'><strong><em>e,</em></strong></span> <span class='ocrx_word' id='word_1_516' title='bbox 3238 1492 3359 1532; x_wconf 86' lang='lat' dir='ltr'><strong><em>vers.</em></strong></span> <span class='ocrx_word' id='word_1_517' title='bbox 3384 1480 3644 1544; x_wconf 71' lang='lat'><strong><em>719.721.)</em></strong></span> 
     </span>
    </p>
   </div>
   <div class='ocr_carea' id='block_1_74' title="bbox 2167 1559 3762 1634">
    <p class='ocr_par' dir='ltr' id='par_1_74' title="bbox 2167 1559 3762 1634">
     <span class='ocr_line' id='line_1_74' title="bbox 2167 1559 3762 1634; baseline 0.002 -19"><span class='ocrx_word' id='word_1_518' title='bbox 2167 1559 2354 1616; x_wconf 85' lang='lat' dir='ltr'><strong><em>Melius</em></strong></span> <span class='ocrx_word' id='word_1_519' title='bbox 2371 1559 2509 1616; x_wconf 85' lang='lat' dir='ltr'><strong><em>filius</em></strong></span> <span class='ocrx_word' id='word_1_520' title='bbox 2529 1562 2873 1632; x_wconf 88' lang='lat' dir='ltr'><strong><em>intelligebat,</em></strong></span> <span class='ocrx_word' id='word_1_521' title='bbox 2892 1579 3052 1632; x_wconf 90' lang='lat' dir='ltr'><strong><em>quam</em></strong></span> <span class='ocrx_word' id='word_1_522' title='bbox 3067 1572 3214 1634; x_wconf 89' lang='lat' dir='ltr'><strong><em>pater</em></strong></span> <span class='ocrx_word' id='word_1_523' title='bbox 3225 1563 3542 1634; x_wconf 78' lang='lat' dir='ltr'><strong><em>exponebat.</em></strong></span> <span class='ocrx_word' id='word_1_524' title='bbox 3566 1565 3762 1634; x_wconf 83' lang='lat' dir='ltr'><strong><em>Repre-</em></strong></span> 
     </span>
    </p>
   </div>
   <div class='ocr_carea' id='block_1_75' title="bbox 2168 1651 3765 1726">
    <p class='ocr_par' dir='ltr' id='par_1_75' title="bbox 2168 1651 3765 1726">
     <span class='ocr_line' id='line_1_75' title="bbox 2168 1651 3765 1726; baseline 0.001 -18"><span class='ocrx_word' id='word_1_525' title='bbox 2168 1651 2714 1722; x_wconf 87' lang='lat' dir='ltr'><strong><em>henditcupiditatem</em></strong></span> <span class='ocrx_word' id='word_1_526' title='bbox 2735 1653 3033 1708; x_wconf 87' lang='lat' dir='ltr'><strong><em>animarum</em></strong></span> <span class='ocrx_word' id='word_1_527' title='bbox 3063 1670 3248 1710; x_wconf 89' lang='lat' dir='ltr'><strong><em>rursus</em></strong></span> <span class='ocrx_word' id='word_1_528' title='bbox 3272 1655 3324 1709; x_wconf 91' lang='lat' dir='ltr'><strong><em>in</em></strong></span> <span class='ocrx_word' id='word_1_529' title='bbox 3341 1670 3566 1726; x_wconf 85' lang='lat' dir='ltr'><strong><em>corpora</em></strong></span> <span class='ocrx_word' id='word_1_530' title='bbox 3595 1655 3765 1710; x_wconf 85' lang='lat' dir='ltr'><strong><em>redire</em></strong></span> 
     </span>
    </p>
   </div>
   <div class='ocr_carea' id='block_1_76' title="bbox 2169 1744 3762 1818">
    <p class='ocr_par' dir='ltr' id='par_1_76' title="bbox 2169 1744 3762 1818">
     <span class='ocr_line' id='line_1_76' title="bbox 2169 1744 3762 1818; baseline 0.001 -19"><span class='ocrx_word' id='word_1_531' title='bbox 2169 1745 2488 1800; x_wconf 90' lang='lat' dir='ltr'><strong><em>volentium.</em></strong></span> <span class='ocrx_word' id='word_1_532' title='bbox 2512 1744 2654 1800; x_wconf 83' lang='lat' dir='ltr'><strong><em>Dixit</em></strong></span> <span class='ocrx_word' id='word_1_533' title='bbox 2678 1744 2852 1801; x_wconf 89' lang='lat' dir='ltr'><strong><em>diram</em></strong></span> <span class='ocrx_word' id='word_1_534' title='bbox 2869 1746 3231 1818; x_wconf 89' lang='lat' dir='ltr'><strong><em>cupiditatem,</em></strong></span> <span class='ocrx_word' id='word_1_535' title='bbox 3250 1747 3383 1802; x_wconf 90' lang='lat' dir='ltr'><strong><em>dixit</em></strong></span> <span class='ocrx_word' id='word_1_536' title='bbox 3401 1762 3495 1803; x_wconf 88' lang='lat' dir='ltr'><strong><em>eas</em></strong></span> <span class='ocrx_word' id='word_1_537' title='bbox 3506 1748 3762 1814; x_wconf 87' lang='lat' dir='ltr'><strong><em>miseras;</em></strong></span> 
     </span>
    </p>
   </div>
   <div class='ocr_carea' id='block_1_77' title="bbox 2163 1838 3766 1912">
    <p class='ocr_par' dir='ltr' id='par_1_77' title="bbox 2163 1838 3766 1912">
     <span class='ocr_line' id='line_1_77' title="bbox 2163 1838 3766 1912; baseline 0.004 -20"><span class='ocrx_word' id='word_1_538' title='bbox 2163 1853 2270 1892; x_wconf 87' lang='lat' dir='ltr'><strong><em>nec</em></strong></span> <span class='ocrx_word' id='word_1_539' title='bbox 2292 1838 2507 1894; x_wconf 90' lang='lat' dir='ltr'><strong><em>erubuit</em></strong></span> <span class='ocrx_word' id='word_1_540' title='bbox 2529 1855 2642 1895; x_wconf 90' lang='lat' dir='ltr'><strong><em>eas.</em></strong></span> <span class='ocrx_word' id='word_1_541' title='bbox 2665 1839 2747 1895; x_wconf 86' lang='lat' dir='ltr'><strong><em>Ad</em></strong></span> <span class='ocrx_word' id='word_1_542' title='bbox 2769 1839 2871 1896; x_wconf 91' lang='lat' dir='ltr'><strong><em>hoc</em></strong></span> <span class='ocrx_word' id='word_1_543' title='bbox 2888 1882 2904 1906; x_wconf 95' lang='lat'><strong><em>,</em></strong></span> <span class='ocrx_word' id='word_1_544' title='bbox 2936 1840 3273 1912; x_wconf 90' lang='lat' dir='ltr'><strong><em>philosophi,</em></strong></span> <span class='ocrx_word' id='word_1_545' title='bbox 3315 1841 3648 1912; x_wconf 87' lang='lat' dir='ltr'><strong><em>perduxistis</em></strong></span> <span class='ocrx_word' id='word_1_546' title='bbox 3669 1883 3686 1908; x_wconf 92' lang='lat'><strong><em>,</em></strong></span> <span class='ocrx_word' id='word_1_547' title='bbox 3717 1853 3766 1898; x_wconf 89' lang='lat' dir='ltr'><strong><em>ut</em></strong></span> 
     </span>
    </p>
   </div>
   <div class='ocr_carea' id='block_1_78' title="bbox 2167 1936 3764 2008">
    <p class='ocr_par' dir='ltr' id='par_1_78' title="bbox 2167 1936 3764 2008">
     <span class='ocr_line' id='line_1_78' title="bbox 2167 1936 3764 2008; baseline 0.003 -20"><span class='ocrx_word' id='word_1_548' title='bbox 2167 1943 2461 2005; x_wconf 85' lang='lat' dir='ltr'><strong><em>purgentur</em></strong></span> <span class='ocrx_word' id='word_1_549' title='bbox 2478 1936 2671 1992; x_wconf 85' lang='lat' dir='ltr'><strong><em>animae</em></strong></span> <span class='ocrx_word' id='word_1_550' title='bbox 2691 1979 2706 2004; x_wconf 95' lang='lat'><strong><em>,</em></strong></span> <span class='ocrx_word' id='word_1_551' title='bbox 2724 1938 3038 2008; x_wconf 83' lang='lat' dir='ltr'><strong><em>perveniant</em></strong></span> <span class='ocrx_word' id='word_1_552' title='bbox 3056 1939 3122 1993; x_wconf 91' lang='lat' dir='ltr'><strong><em>ad</em></strong></span> <span class='ocrx_word' id='word_1_553' title='bbox 3135 1953 3397 1994; x_wconf 81' lang='lat' dir='ltr'><strong><em>summam</em></strong></span> <span class='ocrx_word' id='word_1_554' title='bbox 3419 1939 3736 1995; x_wconf 86' lang='lat' dir='ltr'><strong><em>munditiam</em></strong></span> <span class='ocrx_word' id='word_1_555' title='bbox 3750 1979 3764 2004; x_wconf 93' lang='lat'><strong><em>,</em></strong></span> 
     </span>
    </p>
   </div>
   <div class='ocr_carea' id='block_1_79' title="bbox 2168 2026 3770 2102">
    <p class='ocr_par' dir='ltr' id='par_1_79' title="bbox 2168 2026 3770 2102">
     <span class='ocr_line' id='line_1_79' title="bbox 2168 2026 3770 2102; baseline 0.004 -24"><span class='ocrx_word' id='word_1_556' title='bbox 2168 2033 2223 2079; x_wconf 90' lang='lat' dir='ltr'><strong><em>et</em></strong></span> <span class='ocrx_word' id='word_1_557' title='bbox 2236 2026 2511 2096; x_wconf 89' lang='lat' dir='ltr'><strong><em>peripsam</em></strong></span> <span class='ocrx_word' id='word_1_558' title='bbox 2533 2027 2846 2082; x_wconf 89' lang='lat' dir='ltr'><strong><em>munditiam</em></strong></span> <span class='ocrx_word' id='word_1_559' title='bbox 2867 2028 3244 2085; x_wconf 89' lang='lat' dir='ltr'><strong><em>obliviscantur</em></strong></span> <span class='ocrx_word' id='word_1_560' title='bbox 3265 2031 3466 2098; x_wconf 89' lang='lat' dir='ltr'><strong><em>omnia,</em></strong></span> <span class='ocrx_word' id='word_1_561' title='bbox 3487 2040 3542 2086; x_wconf 91' lang='lat' dir='ltr'><strong><em>et</em></strong></span> <span class='ocrx_word' id='word_1_562' title='bbox 3561 2045 3659 2102; x_wconf 88' lang='lat' dir='ltr'><strong><em>per</em></strong></span> <span class='ocrx_word' id='word_1_563' title='bbox 3683 2030 3770 2085; x_wconf 91' lang='lat' dir='ltr'><strong><em>ob-</em></strong></span> 
     </span>
    </p>
   </div>
   <div class='ocr_carea' id='block_1_80' title="bbox 2169 2115 3767 2192">
    <p class='ocr_par' dir='ltr' id='par_1_80' title="bbox 2169 2115 3767 2192">
     <span class='ocr_line' id='line_1_80' title="bbox 2169 2115 3767 2192; baseline 0.004 -22"><span class='ocrx_word' id='word_1_564' title='bbox 2169 2115 2392 2173; x_wconf 87' lang='lat' dir='ltr'><strong><em>liviones</em></strong></span> <span class='ocrx_word' id='word_1_565' title='bbox 2417 2118 2751 2174; x_wconf 89' lang='lat' dir='ltr'><strong><em>miseriarum</em></strong></span> <span class='ocrx_word' id='word_1_566' title='bbox 2769 2119 2992 2176; x_wconf 89' lang='lat' dir='ltr'><strong><em>redeant</em></strong></span> <span class='ocrx_word' id='word_1_567' title='bbox 3005 2121 3069 2176; x_wconf 88' lang='lat' dir='ltr'><strong><em>ad</em></strong></span> <span class='ocrx_word' id='word_1_568' title='bbox 3083 2121 3330 2177; x_wconf 89' lang='lat' dir='ltr'><strong><em>miserias</em></strong></span> <span class='ocrx_word' id='word_1_569' title='bbox 3342 2137 3656 2192; x_wconf 89' lang='lat' dir='ltr'><strong><em>corporum.</em></strong></span> <span class='ocrx_word' id='word_1_570' title='bbox 3684 2123 3767 2176; x_wconf 86' lang='lat' dir='ltr'><strong><em>Di-</em></strong></span> 
     </span>
    </p>
   </div>
   <div class='ocr_carea' id='block_1_81' title="bbox 2168 2210 3769 2282">
    <p class='ocr_par' dir='ltr' id='par_1_81' title="bbox 2168 2210 3769 2282">
     <span class='ocr_line' id='line_1_81' title="bbox 2168 2210 3769 2282; baseline 0.002 -16"><span class='ocrx_word' id='word_1_571' title='bbox 2168 2210 2292 2277; x_wconf 90' lang='lat' dir='ltr'><strong><em>cite,</em></strong></span> <span class='ocrx_word' id='word_1_572' title='bbox 2315 2211 2571 2268; x_wconf 90' lang='lat' dir='ltr'><strong><em>obsecro:</em></strong></span> <span class='ocrx_word' id='word_1_573' title='bbox 2599 2227 2779 2268; x_wconf 90' lang='lat' dir='ltr'><strong><em>nonne</em></strong></span> <span class='ocrx_word' id='word_1_574' title='bbox 2799 2212 2915 2269; x_wconf 67' lang='lat' dir='ltr'><strong><em>haec</em></strong></span> <span class='ocrx_word' id='word_1_575' title='bbox 2940 2215 3101 2270; x_wconf 90' lang='lat' dir='ltr'><strong><em>etiam</em></strong></span> <span class='ocrx_word' id='word_1_576' title='bbox 3128 2215 3173 2269; x_wconf 90' lang='lat' dir='ltr'><strong><em>si</em></strong></span> <span class='ocrx_word' id='word_1_577' title='bbox 3203 2229 3330 2270; x_wconf 90' lang='lat' dir='ltr'><strong><em>vera</em></strong></span> <span class='ocrx_word' id='word_1_578' title='bbox 3351 2224 3555 2282; x_wconf 88' lang='lat' dir='ltr'><strong><em>essent,</em></strong></span> <span class='ocrx_word' id='word_1_579' title='bbox 3576 2215 3769 2270; x_wconf 87' lang='lat' dir='ltr'><strong><em>melius</em></strong></span> 
     </span>
    </p>
   </div>
   <div class='ocr_carea' id='block_1_82' title="bbox 2169 2305 3771 2378">
    <p class='ocr_par' dir='ltr' id='par_1_82' title="bbox 2169 2305 3771 2378">
     <span class='ocr_line' id='line_1_82' title="bbox 2169 2305 3771 2378; baseline 0.003 -20"><span class='ocrx_word' id='word_1_580' title='bbox 2169 2305 2541 2360; x_wconf 88' lang='lat' dir='ltr'><strong><em>nescirentur?</em></strong></span> <span class='ocrx_word' id='word_1_581' title='bbox 2571 2305 2746 2360; x_wconf 87' lang='lat' dir='ltr'><strong><em>Etiam</em></strong></span> <span class='ocrx_word' id='word_1_582' title='bbox 2767 2305 2812 2360; x_wconf 90' lang='lat' dir='ltr'><strong><em>si</em></strong></span> <span class='ocrx_word' id='word_1_583' title='bbox 2846 2321 2973 2362; x_wconf 89' lang='lat' dir='ltr'><strong><em>vera</em></strong></span> <span class='ocrx_word' id='word_1_584' title='bbox 2995 2316 3197 2376; x_wconf 89' lang='lat' dir='ltr'><strong><em>essent,</em></strong></span> <span class='ocrx_word' id='word_1_585' title='bbox 3227 2308 3442 2378; x_wconf 88' lang='lat' dir='ltr'><strong><em>inquam</em></strong></span> <span class='ocrx_word' id='word_1_586' title='bbox 3463 2349 3478 2374; x_wconf 97' lang='lat'><strong><em>,</em></strong></span> <span class='ocrx_word' id='word_1_587' title='bbox 3505 2323 3629 2378; x_wconf 59' lang='lat' dir='ltr'><strong><em>quae</em></strong></span> <span class='ocrx_word' id='word_1_588' title='bbox 3660 2307 3771 2364; x_wconf 89' lang='lat' dir='ltr'><strong><em>sine</em></strong></span> 
     </span>
    </p>
   </div>
   <div class='ocr_carea' id='block_1_83' title="bbox 2169 2396 3772 2469">
    <p class='ocr_par' dir='ltr' id='par_1_83' title="bbox 2169 2396 3772 2469">
     <span class='ocr_line' id='line_1_83' title="bbox 2169 2396 3772 2469; baseline 0.002 -17"><span class='ocrx_word' id='word_1_589' title='bbox 2169 2396 2333 2453; x_wconf 89' lang='lat' dir='ltr'><strong><em>dubio</em></strong></span> <span class='ocrx_word' id='word_1_590' title='bbox 2370 2397 2503 2453; x_wconf 87' lang='lat' dir='ltr'><strong><em>falsa</em></strong></span> <span class='ocrx_word' id='word_1_591' title='bbox 2523 2439 2538 2463; x_wconf 93' lang='lat'><strong><em>,</em></strong></span> <span class='ocrx_word' id='word_1_592' title='bbox 2566 2401 2688 2469; x_wconf 90' lang='lat' dir='ltr'><strong><em>quia</em></strong></span> <span class='ocrx_word' id='word_1_593' title='bbox 2714 2398 2855 2456; x_wconf 60' lang='lat' dir='ltr'><strong><em>foeda</em></strong></span> <span class='ocrx_word' id='word_1_594' title='bbox 2884 2407 3042 2467; x_wconf 91' lang='lat' dir='ltr'><strong><em>sunt;</em></strong></span> <span class='ocrx_word' id='word_1_595' title='bbox 3070 2416 3250 2457; x_wconf 91' lang='lat' dir='ltr'><strong><em>nonne</em></strong></span> <span class='ocrx_word' id='word_1_596' title='bbox 3271 2401 3466 2457; x_wconf 89' lang='lat' dir='ltr'><strong><em>melius</em></strong></span> <span class='ocrx_word' id='word_1_597' title='bbox 3496 2402 3772 2458; x_wconf 79' lang='lat' dir='ltr'><strong><em>nesciren-</em></strong></span> 
     </span>
    </p>
   </div>
   <div class='ocr_carea' id='block_1_84' title="bbox 2171 2489 3772 2564">
    <p class='ocr_par' dir='ltr' id='par_1_84' title="bbox 2171 2489 3772 2564">
     <span class='ocr_line' id='line_1_84' title="bbox 2171 2489 3772 2564; baseline 0.002 -19"><span class='ocrx_word' id='word_1_598' title='bbox 2171 2489 2300 2546; x_wconf 85' lang='lat' dir='ltr'><strong><em>tur?</em></strong></span> <span class='ocrx_word' id='word_1_599' title='bbox 2338 2490 2424 2544; x_wconf 87' lang='lat' dir='ltr'><strong><em>An</em></strong></span> <span class='ocrx_word' id='word_1_600' title='bbox 2449 2489 2590 2546; x_wconf 91' lang='lat' dir='ltr'><strong><em>forte</em></strong></span> <span class='ocrx_word' id='word_1_601' title='bbox 2611 2490 2848 2546; x_wconf 90' lang='lat' dir='ltr'><strong><em>dicturus</em></strong></span> <span class='ocrx_word' id='word_1_602' title='bbox 2872 2507 2932 2546; x_wconf 89' lang='lat' dir='ltr'><strong><em>es</em></strong></span> <span class='ocrx_word' id='word_1_603' title='bbox 2951 2491 3079 2547; x_wconf 88' lang='lat' dir='ltr'><strong><em>mihi</em></strong></span> <span class='ocrx_word' id='word_1_604' title='bbox 3115 2510 3130 2548; x_wconf 91' lang='lat'><strong>:</strong></span> <span class='ocrx_word' id='word_1_605' title='bbox 3167 2492 3284 2548; x_wconf 87' lang='lat' dir='ltr'><strong><em>Non</em></strong></span> <span class='ocrx_word' id='word_1_606' title='bbox 3313 2494 3423 2549; x_wconf 87' lang='lat' dir='ltr'><strong><em>eris</em></strong></span> <span class='ocrx_word' id='word_1_607' title='bbox 3444 2494 3670 2564; x_wconf 89' lang='lat' dir='ltr'><strong><em>sapiens</em></strong></span> <span class='ocrx_word' id='word_1_608' title='bbox 3686 2534 3702 2562; x_wconf 90' lang='lat'><strong><em>,</em></strong></span> <span class='ocrx_word' id='word_1_609' title='bbox 3730 2494 3772 2550; x_wconf 91' lang='lat' dir='ltr'><strong><em>si</em></strong></span> 
     </span>
    </p>
   </div>
   <div class='ocr_carea' id='block_1_85' title="bbox 2172 2581 3772 2655">
    <p class='ocr_par' dir='ltr' id='par_1_85' title="bbox 2172 2581 3772 2655">
     <span class='ocr_line' id='line_1_85' title="bbox 2172 2581 3772 2655; baseline 0.004 -19"><span class='ocrx_word' id='word_1_610' title='bbox 2172 2581 2276 2638; x_wconf 88' lang='lat' dir='ltr'><strong><em>ista</em></strong></span> <span class='ocrx_word' id='word_1_611' title='bbox 2307 2583 2602 2639; x_wconf 86' lang='lat' dir='ltr'><strong><em>nescieris?</em></strong></span> <span class='ocrx_word' id='word_1_612' title='bbox 2628 2582 2825 2655; x_wconf 91' lang='lat' dir='ltr'><strong><em>thuid</em></strong></span> <span class='ocrx_word' id='word_1_613' title='bbox 2852 2585 2938 2640; x_wconf 91' lang='lat' dir='ltr'><strong><em>illa</em></strong></span> <span class='ocrx_word' id='word_1_614' title='bbox 2960 2585 3163 2640; x_wconf 81' lang='lat' dir='ltr'><strong><em>sciam?</em></strong></span> <span class='ocrx_word' id='word_1_615' title='bbox 3191 2585 3488 2644; x_wconf 88' lang='lat' dir='ltr'><strong><em>Possumne</em></strong></span> <span class='ocrx_word' id='word_1_616' title='bbox 3513 2602 3641 2643; x_wconf 88' lang='lat' dir='ltr'><strong><em>esse</em></strong></span> <span class='ocrx_word' id='word_1_617' title='bbox 3667 2603 3772 2643; x_wconf 89' lang='lat' dir='ltr'><strong><em>mo-</em></strong></span> 
     </span>
    </p>
   </div>
   <div class='ocr_carea' id='block_1_86' title="bbox 2171 2673 3769 2752">
    <p class='ocr_par' dir='ltr' id='par_1_86' title="bbox 2171 2673 3769 2752">
     <span class='ocr_line' id='line_1_86' title="bbox 2171 2673 3769 2752; baseline 0.005 -23"><span class='ocrx_word' id='word_1_618' title='bbox 2171 2673 2240 2730; x_wconf 93' lang='lat' dir='ltr'><strong><em>do</em></strong></span> <span class='ocrx_word' id='word_1_619' title='bbox 2264 2676 2477 2743; x_wconf 89' lang='lat' dir='ltr'><strong><em>melior,</em></strong></span> <span class='ocrx_word' id='word_1_620' title='bbox 2494 2691 2652 2746; x_wconf 90' lang='lat' dir='ltr'><strong><em>quam</em></strong></span> <span class='ocrx_word' id='word_1_621' title='bbox 2678 2685 2802 2731; x_wconf 87' lang='lat' dir='ltr'><strong><em>tunc</em></strong></span> <span class='ocrx_word' id='word_1_622' title='bbox 2819 2693 2915 2733; x_wconf 89' lang='lat' dir='ltr'><strong><em>ero</em></strong></span> <span class='ocrx_word' id='word_1_623' title='bbox 2939 2677 2993 2732; x_wconf 90' lang='lat' dir='ltr'><strong><em>in</em></strong></span> <span class='ocrx_word' id='word_1_624' title='bbox 3016 2677 3192 2735; x_wconf 79' lang='lat' dir='ltr'><strong><em>ccelo?</em></strong></span> <span class='ocrx_word' id='word_1_625' title='bbox 3219 2678 3274 2735; x_wconf 90' lang='lat' dir='ltr'><strong><em>Si</em></strong></span> <span class='ocrx_word' id='word_1_626' title='bbox 3300 2680 3352 2734; x_wconf 88' lang='lat' dir='ltr'><strong><em>in</em></strong></span> <span class='ocrx_word' id='word_1_627' title='bbox 3372 2681 3533 2745; x_wconf 68' lang='lat' dir='ltr'><strong><em>caelo,</em></strong></span> <span class='ocrx_word' id='word_1_628' title='bbox 3553 2681 3769 2752; x_wconf 86' lang='lat' dir='ltr'><strong><em>quando</em></strong></span> 
     </span>
    </p>
   </div>
   <div class='ocr_carea' id='block_1_87' title="bbox 2171 2769 3773 2844">
    <p class='ocr_par' dir='ltr' id='par_1_87' title="bbox 2171 2769 3773 2844">
     <span class='ocr_line' id='line_1_87' title="bbox 2171 2769 3773 2844; baseline 0.003 -20"><span class='ocrx_word' id='word_1_629' title='bbox 2171 2784 2265 2824; x_wconf 89' lang='lat' dir='ltr'><strong><em>ero</em></strong></span> <span class='ocrx_word' id='word_1_630' title='bbox 2307 2769 2499 2825; x_wconf 90' lang='lat' dir='ltr'><strong><em>melior</em></strong></span> <span class='ocrx_word' id='word_1_631' title='bbox 2526 2778 2581 2825; x_wconf 91' lang='lat' dir='ltr'><strong><em>et</em></strong></span> <span class='ocrx_word' id='word_1_632' title='bbox 2606 2769 2926 2840; x_wconf 84' lang='lat' dir='ltr'><strong><em>perfectior,</em></strong></span> <span class='ocrx_word' id='word_1_633' title='bbox 2973 2771 3256 2826; x_wconf 86' lang='lat' dir='ltr'><strong><em>obliviscar</em></strong></span> <span class='ocrx_word' id='word_1_634' title='bbox 3293 2773 3470 2827; x_wconf 86' lang='lat' dir='ltr'><strong><em>omnia</em></strong></span> <span class='ocrx_word' id='word_1_635' title='bbox 3517 2789 3647 2844; x_wconf 70' lang='lat' dir='ltr'><strong><em>quae</em></strong></span> <span class='ocrx_word' id='word_1_636' title='bbox 3695 2774 3773 2829; x_wconf 86' lang='lat' dir='ltr'><strong><em>hic</em></strong></span> 
     </span>
    </p>
   </div>
   <div class='ocr_carea' id='block_1_88' title="bbox 2173 2860 3775 2931">
    <p class='ocr_par' dir='ltr' id='par_1_88' title="bbox 2173 2860 3775 2931">
     <span class='ocr_line' id='line_1_88' title="bbox 2173 2860 3775 2931; baseline 0.004 -16"><span class='ocrx_word' id='word_1_637' title='bbox 2173 2860 2365 2928; x_wconf 91' lang='lat' dir='ltr'><strong><em>didici,</em></strong></span> <span class='ocrx_word' id='word_1_638' title='bbox 2407 2871 2456 2917; x_wconf 94' lang='lat' dir='ltr'><strong><em>et</em></strong></span> <span class='ocrx_word' id='word_1_639' title='bbox 2487 2861 2602 2917; x_wconf 66' lang='lat' dir='ltr'><strong><em>haec</em></strong></span> <span class='ocrx_word' id='word_1_640' title='bbox 2647 2862 2719 2917; x_wconf 92' lang='lat' dir='ltr'><strong><em>ibi</em></strong></span> <span class='ocrx_word' id='word_1_641' title='bbox 2763 2863 2951 2918; x_wconf 92' lang='lat' dir='ltr'><strong><em>melior</em></strong></span> <span class='ocrx_word' id='word_1_642' title='bbox 2981 2865 3280 2921; x_wconf 90' lang='lat' dir='ltr'><strong><em>uesciturus</em></strong></span> <span class='ocrx_word' id='word_1_643' title='bbox 3326 2881 3481 2931; x_wconf 90' lang='lat' dir='ltr'><strong><em>sum;</em></strong></span> <span class='ocrx_word' id='word_1_644' title='bbox 3523 2866 3651 2922; x_wconf 88' lang='lat' dir='ltr'><strong><em>sine</em></strong></span> <span class='ocrx_word' id='word_1_645' title='bbox 3695 2881 3775 2922; x_wconf 90' lang='lat' dir='ltr'><strong><em>me</em></strong></span> 
     </span>
    </p>
   </div>
   <div class='ocr_carea' id='block_1_89' title="bbox 2173 2951 3776 3013">
    <p class='ocr_par' dir='ltr' id='par_1_89' title="bbox 2173 2951 3776 3013">
     <span class='ocr_line' id='line_1_89' title="bbox 2173 2951 3776 3013; baseline 0.004 -7"><span class='ocrx_word' id='word_1_646' title='bbox 2173 2951 2334 3006; x_wconf 91' lang='lat' dir='ltr'><strong><em>modo</em></strong></span> <span class='ocrx_word' id='word_1_647' title='bbox 2373 2952 2461 3007; x_wconf 89' lang='lat' dir='ltr'><strong><em>illa</em></strong></span> <span class='ocrx_word' id='word_1_648' title='bbox 2492 2953 2719 3010; x_wconf 84' lang='lat' dir='ltr'><strong><em>nescire.</em></strong></span> <span class='ocrx_word' id='word_1_649' title='bbox 2768 2954 2828 3009; x_wconf 89' lang='lat' dir='ltr'><strong><em>ln</em></strong></span> <span class='ocrx_word' id='word_1_650' title='bbox 2874 2957 3012 3011; x_wconf 64' lang='lat' dir='ltr'><strong><em>caelo</em></strong></span> <span class='ocrx_word' id='word_1_651' title='bbox 3049 2955 3373 3013; x_wconf 85' lang='lat' dir='ltr'><strong><em>habitantem</em></strong></span> <span class='ocrx_word' id='word_1_652' title='bbox 3416 2955 3552 3012; x_wconf 89' lang='lat' dir='ltr'><strong><em>dicis</em></strong></span> <span class='ocrx_word' id='word_1_653' title='bbox 3596 2957 3776 3012; x_wconf 88' lang='lat' dir='ltr'><strong><em>omnia</em></strong></span> 
     </span>
    </p>
   </div>
   <div class='ocr_carea' id='block_1_90' title="bbox 2173 3043 3776 3105">
    <p class='ocr_par' dir='ltr' id='par_1_90' title="bbox 2173 3043 3776 3105">
     <span class='ocr_line' id='line_1_90' title="bbox 2173 3043 3776 3105; baseline 0.004 -7"><span class='ocrx_word' id='word_1_654' title='bbox 2173 3043 2577 3099; x_wconf 89' lang='lat' dir='ltr'><strong><em>oblivisceutem</em></strong></span> <span class='ocrx_word' id='word_1_655' title='bbox 2612 3063 2627 3100; x_wconf 90' lang='lat'><strong>:</strong></span> <span class='ocrx_word' id='word_1_656' title='bbox 2658 3045 2772 3101; x_wconf 88' lang='lat' dir='ltr'><strong><em>sine</em></strong></span> <span class='ocrx_word' id='word_1_657' title='bbox 2799 3047 2851 3100; x_wconf 93' lang='lat' dir='ltr'><strong><em>in</em></strong></span> <span class='ocrx_word' id='word_1_658' title='bbox 2881 3056 3020 3102; x_wconf 90' lang='lat' dir='ltr'><strong><em>terra</em></strong></span> <span class='ocrx_word' id='word_1_659' title='bbox 3053 3062 3175 3103; x_wconf 89' lang='lat' dir='ltr'><strong><em>esse</em></strong></span> <span class='ocrx_word' id='word_1_660' title='bbox 3201 3048 3388 3102; x_wconf 87' lang='lat' dir='ltr'><strong><em>horum</em></strong></span> <span class='ocrx_word' id='word_1_661' title='bbox 3411 3049 3658 3104; x_wconf 90' lang='lat' dir='ltr'><strong><em>omnium</em></strong></span> <span class='ocrx_word' id='word_1_662' title='bbox 3691 3066 3776 3105; x_wconf 87' lang='lat' dir='ltr'><strong><em>ne-</em></strong></span> 
     </span>
    </p>
   </div>
   <div class='ocr_carea' id='block_1_91' title="bbox 2173 3135 3776 3207">
    <p class='ocr_par' dir='ltr' id='par_1_91' title="bbox 2173 3135 3776 3207">
     <span class='ocr_line' id='line_1_91' title="bbox 2173 3135 3776 3207; baseline 0.003 -18"><span class='ocrx_word' id='word_1_663' title='bbox 2173 3135 2450 3190; x_wconf 89' lang='lat' dir='ltr'><strong><em>scientem.</em></strong></span> <span class='ocrx_word' id='word_1_664' title='bbox 2501 3135 2702 3192; x_wconf 87' lang='lat' dir='ltr'><strong><em>Deinde</em></strong></span> <span class='ocrx_word' id='word_1_665' title='bbox 2721 3177 2735 3202; x_wconf 93' lang='lat'><strong><em>,</em></strong></span> <span class='ocrx_word' id='word_1_666' title='bbox 2765 3151 2895 3207; x_wconf 91' lang='lat' dir='ltr'><strong><em>rogo</em></strong></span> <span class='ocrx_word' id='word_1_667' title='bbox 2943 3146 3023 3203; x_wconf 89' lang='lat' dir='ltr'><strong><em>te,</em></strong></span> <span class='ocrx_word' id='word_1_668' title='bbox 3051 3138 3228 3192; x_wconf 90' lang='lat' dir='ltr'><strong><em>sciunt</em></strong></span> <span class='ocrx_word' id='word_1_669' title='bbox 3257 3152 3316 3194; x_wconf 87' lang='lat' dir='ltr'><strong><em>se</em></strong></span> <span class='ocrx_word' id='word_1_670' title='bbox 3352 3137 3470 3194; x_wconf 63' lang='lat' dir='ltr'><strong><em>ista:</em></strong></span> <span class='ocrx_word' id='word_1_671' title='bbox 3492 3139 3697 3194; x_wconf 78' lang='lat' dir='ltr'><strong><em>anima:</em></strong></span> <span class='ocrx_word' id='word_1_672' title='bbox 3725 3140 3776 3194; x_wconf 90' lang='lat' dir='ltr'><strong><em>in</em></strong></span> 
     </span>
    </p>
   </div>
   <div class='ocr_carea' id='block_1_92' title="bbox 2173 3227 3778 3300">
    <p class='ocr_par' dir='ltr' id='par_1_92' title="bbox 2173 3227 3778 3300">
     <span class='ocr_line' id='line_1_92' title="bbox 2173 3227 3778 3300; baseline 0.004 -20"><span class='ocrx_word' id='word_1_673' title='bbox 2173 3227 2338 3291; x_wconf 88' lang='lat' dir='ltr'><strong><em>coelo,</em></strong></span> <span class='ocrx_word' id='word_1_674' title='bbox 2372 3241 2622 3297; x_wconf 91' lang='lat' dir='ltr'><strong><em>passuras</em></strong></span> <span class='ocrx_word' id='word_1_675' title='bbox 2648 3243 2768 3284; x_wconf 90' lang='lat' dir='ltr'><strong><em>esse</em></strong></span> <span class='ocrx_word' id='word_1_676' title='bbox 2807 3243 2994 3284; x_wconf 88' lang='lat' dir='ltr'><strong><em>rursus</em></strong></span> <span class='ocrx_word' id='word_1_677' title='bbox 3043 3227 3203 3298; x_wconf 86' lang='lat' dir='ltr'><strong><em>huius</em></strong></span> <span class='ocrx_word' id='word_1_678' title='bbox 3245 3230 3366 3285; x_wconf 72' lang='lat' dir='ltr'><strong><em>vita:</em></strong></span> <span class='ocrx_word' id='word_1_679' title='bbox 3394 3231 3682 3300; x_wconf 88' lang='lat' dir='ltr'><strong><em>miserias,</em></strong></span> <span class='ocrx_word' id='word_1_680' title='bbox 3712 3246 3778 3286; x_wconf 88' lang='lat' dir='ltr'><strong><em>an</em></strong></span> 
     </span>
    </p>
   </div>
   <div class='ocr_carea' id='block_1_93' title="bbox 2175 3319 3781 3395">
    <p class='ocr_par' dir='ltr' id='par_1_93' title="bbox 2175 3319 3781 3395">
     <span class='ocr_line' id='line_1_93' title="bbox 2175 3319 3781 3395; baseline 0.004 -22"><span class='ocrx_word' id='word_1_681' title='bbox 2175 3319 2455 3374; x_wconf 85' lang='lat' dir='ltr'><strong><em>nesciunt?</em></strong></span> <span class='ocrx_word' id='word_1_682' title='bbox 2483 3319 2633 3390; x_wconf 86' lang='lat' dir='ltr'><strong><em>Elige</em></strong></span> <span class='ocrx_word' id='word_1_683' title='bbox 2659 3320 2803 3391; x_wconf 88' lang='lat' dir='ltr'><strong><em>quod</em></strong></span> <span class='ocrx_word' id='word_1_684' title='bbox 2829 3322 3079 3378; x_wconf 92' lang='lat' dir='ltr'><strong><em>volueris.</em></strong></span> <span class='ocrx_word' id='word_1_685' title='bbox 3127 3321 3183 3378; x_wconf 91' lang='lat' dir='ltr'><strong><em>Si</em></strong></span> <span class='ocrx_word' id='word_1_686' title='bbox 3227 3323 3403 3378; x_wconf 86' lang='lat' dir='ltr'><strong><em>sciunt</em></strong></span> <span class='ocrx_word' id='word_1_687' title='bbox 3440 3339 3500 3380; x_wconf 87' lang='lat' dir='ltr'><strong><em>se</em></strong></span> <span class='ocrx_word' id='word_1_688' title='bbox 3526 3338 3781 3395; x_wconf 71' lang='lat' dir='ltr'><strong><em>passura:</em></strong></span> 
     </span>
    </p>
   </div>
   <div class='ocr_carea' id='block_1_94' title="bbox 2174 3413 3778 3483">
    <p class='ocr_par' dir='ltr' id='par_1_94' title="bbox 2174 3413 3778 3483">
     <span class='ocr_line' id='line_1_94' title="bbox 2174 3413 3778 3483; baseline 0.004 -19"><span class='ocrx_word' id='word_1_689' title='bbox 2174 3425 2294 3466; x_wconf 90' lang='lat' dir='ltr'><strong><em>esse</em></strong></span> <span class='ocrx_word' id='word_1_690' title='bbox 2333 3420 2507 3466; x_wconf 90' lang='lat' dir='ltr'><strong><em>tantas</em></strong></span> <span class='ocrx_word' id='word_1_691' title='bbox 2535 3413 2808 3478; x_wconf 88' lang='lat' dir='ltr'><strong><em>miserias,</em></strong></span> <span class='ocrx_word' id='word_1_692' title='bbox 2841 3413 3114 3483; x_wconf 89' lang='lat' dir='ltr'><strong><em>quomodo</em></strong></span> <span class='ocrx_word' id='word_1_693' title='bbox 3138 3424 3263 3470; x_wconf 91' lang='lat' dir='ltr'><strong><em>sunt</em></strong></span> <span class='ocrx_word' id='word_1_694' title='bbox 3288 3415 3494 3480; x_wconf 64' lang='lat' dir='ltr'><strong><em>beatae,</em></strong></span> <span class='ocrx_word' id='word_1_695' title='bbox 3527 3417 3778 3473; x_wconf 86' lang='lat' dir='ltr'><strong><em>miserias</em></strong></span> 
     </span>
    </p>
   </div>
   <div class='ocr_carea' id='block_1_95' title="bbox 2176 3502 3778 3576">
    <p class='ocr_par' dir='ltr' id='par_1_95' title="bbox 2176 3502 3778 3576">
     <span class='ocr_line' id='line_1_95' title="bbox 2176 3502 3778 3576; baseline 0.002 -18"><span class='ocrx_word' id='word_1_696' title='bbox 2176 3519 2300 3558; x_wconf 85' lang='lat' dir='ltr'><strong><em>suas</em></strong></span> <span class='ocrx_word' id='word_1_697' title='bbox 2344 3502 2546 3558; x_wconf 90' lang='lat' dir='ltr'><strong><em>futuras</em></strong></span> <span class='ocrx_word' id='word_1_698' title='bbox 2584 3505 2920 3575; x_wconf 84' lang='lat' dir='ltr'><strong><em>cogitantes?</em></strong></span> <span class='ocrx_word' id='word_1_699' title='bbox 2965 3506 3236 3576; x_wconf 89' lang='lat' dir='ltr'><strong><em>quomodo</em></strong></span> <span class='ocrx_word' id='word_1_700' title='bbox 3266 3516 3391 3562; x_wconf 90' lang='lat' dir='ltr'><strong><em>sunt</em></strong></span> <span class='ocrx_word' id='word_1_701' title='bbox 3429 3506 3643 3573; x_wconf 61' lang='lat' dir='ltr'><strong><em>beatas,</em></strong></span> <span class='ocrx_word' id='word_1_702' title='bbox 3692 3507 3778 3563; x_wconf 89' lang='lat' dir='ltr'><strong><em>ubi</em></strong></span> 
     </span>
    </p>
   </div>
   <div class='ocr_carea' id='block_1_96' title="bbox 2177 3595 3781 3669">
    <p class='ocr_par' dir='ltr' id='par_1_96' title="bbox 2177 3595 3781 3669">
     <span class='ocr_line' id='line_1_96' title="bbox 2177 3595 3781 3669; baseline 0.003 -20"><span class='ocrx_word' id='word_1_703' title='bbox 2177 3604 2300 3650; x_wconf 90' lang='lat' dir='ltr'><strong><em>sunt</em></strong></span> <span class='ocrx_word' id='word_1_704' title='bbox 2318 3595 2432 3650; x_wconf 89' lang='lat' dir='ltr'><strong><em>sine</em></strong></span> <span class='ocrx_word' id='word_1_705' title='bbox 2471 3596 2800 3651; x_wconf 87' lang='lat' dir='ltr'><strong><em>securitate?</em></strong></span> <span class='ocrx_word' id='word_1_706' title='bbox 2829 3597 2935 3652; x_wconf 91' lang='lat' dir='ltr'><strong><em>Sed</em></strong></span> <span class='ocrx_word' id='word_1_707' title='bbox 2962 3598 3118 3653; x_wconf 90' lang='lat' dir='ltr'><strong><em>video</em></strong></span> <span class='ocrx_word' id='word_1_708' title='bbox 3143 3597 3267 3669; x_wconf 90' lang='lat' dir='ltr'><strong><em>quid</em></strong></span> <span class='ocrx_word' id='word_1_709' title='bbox 3292 3598 3456 3668; x_wconf 86' lang='lat' dir='ltr'><strong><em>eligas</em></strong></span> <span class='ocrx_word' id='word_1_710' title='bbox 3486 3617 3499 3652; x_wconf 90' lang='lat'>:</span> <span class='ocrx_word' id='word_1_711' title='bbox 3533 3599 3781 3654; x_wconf 85' lang='lat' dir='ltr'><strong><em>dicturus</em></strong></span> 
     </span>
    </p>
   </div>
   <div class='ocr_carea' id='block_1_97' title="bbox 2175 3688 3778 3764">
    <p class='ocr_par' dir='ltr' id='par_1_97' title="bbox 2175 3688 3778 3764">
     <span class='ocr_line' id='line_1_97' title="bbox 2175 3688 3778 3764; baseline 0.004 -22"><span class='ocrx_word' id='word_1_712' title='bbox 2175 3703 2268 3752; x_wconf 91' lang='lat' dir='ltr'><strong><em>es,</em></strong></span> <span class='ocrx_word' id='word_1_713' title='bbox 2322 3688 2589 3743; x_wconf 85' lang='lat' dir='ltr'><strong><em>Nesciunt.</em></strong></span> <span class='ocrx_word' id='word_1_714' title='bbox 2639 3689 2850 3761; x_wconf 84' lang='lat' dir='ltr'><strong><em>Laudas</em></strong></span> <span class='ocrx_word' id='word_1_715' title='bbox 2893 3705 3021 3764; x_wconf 89' lang='lat' dir='ltr'><strong><em>ergo</em></strong></span> <span class='ocrx_word' id='word_1_716' title='bbox 3064 3692 3134 3746; x_wconf 92' lang='lat' dir='ltr'><strong><em>ibi</em></strong></span> <span class='ocrx_word' id='word_1_717' title='bbox 3185 3690 3321 3746; x_wconf 76' lang='lat' dir='ltr'><strong><em>hanc</em></strong></span> <span class='ocrx_word' id='word_1_718' title='bbox 3377 3692 3778 3762; x_wconf 86' lang='lat' dir='ltr'><strong><em>ignorantiam,</em></strong></span> 
     </span>
    </p>
   </div>
   <div class='ocr_carea' id='block_1_98' title="bbox 2177 3783 3781 3851">
    <p class='ocr_par' dir='ltr' id='par_1_98' title="bbox 2177 3783 3781 3851">
     <span class='ocr_line' id='line_1_98' title="bbox 2177 3783 3781 3851; baseline 0.004 -19"><span class='ocrx_word' id='word_1_719' title='bbox 2177 3796 2334 3849; x_wconf 88' lang='lat' dir='ltr'><strong><em>quam</em></strong></span> <span class='ocrx_word' id='word_1_720' title='bbox 2381 3797 2464 3835; x_wconf 85' lang='lat' dir='ltr'><strong><em>me</em></strong></span> <span class='ocrx_word' id='word_1_721' title='bbox 2514 3798 2653 3836; x_wconf 88' lang='lat' dir='ltr'><strong><em>nunc</em></strong></span> <span class='ocrx_word' id='word_1_722' title='bbox 2701 3783 2900 3839; x_wconf 89' lang='lat' dir='ltr'><strong><em>habere</em></strong></span> <span class='ocrx_word' id='word_1_723' title='bbox 2943 3798 3051 3839; x_wconf 89' lang='lat' dir='ltr'><strong><em>non</em></strong></span> <span class='ocrx_word' id='word_1_724' title='bbox 3095 3783 3261 3851; x_wconf 88' lang='lat' dir='ltr'><strong><em>sinis,</em></strong></span> <span class='ocrx_word' id='word_1_725' title='bbox 3293 3783 3540 3839; x_wconf 91' lang='lat' dir='ltr'><strong><em>docendo</em></strong></span> <span class='ocrx_word' id='word_1_726' title='bbox 3596 3800 3686 3840; x_wconf 90' lang='lat' dir='ltr'><strong><em>me</em></strong></span> <span class='ocrx_word' id='word_1_727' title='bbox 3728 3784 3781 3838; x_wconf 88' lang='lat' dir='ltr'><strong><em>in</em></strong></span> 
     </span>
    </p>
   </div>
   <div class='ocr_carea' id='block_1_99' title="bbox 2178 3872 3778 3942">
    <p class='ocr_par' dir='ltr' id='par_1_99' title="bbox 2178 3872 3778 3942">
     <span class='ocr_line' id='line_1_99' title="bbox 2178 3872 3778 3942; baseline 0.003 -16"><span class='ocrx_word' id='word_1_728' title='bbox 2178 3881 2316 3927; x_wconf 85' lang='lat' dir='ltr'><strong><em>terra</em></strong></span> <span class='ocrx_word' id='word_1_729' title='bbox 2336 3914 2350 3937; x_wconf 92' lang='lat'><strong><em>,</em></strong></span> <span class='ocrx_word' id='word_1_730' title='bbox 2382 3872 2522 3942; x_wconf 88' lang='lat' dir='ltr'><strong><em>quod</em></strong></span> <span class='ocrx_word' id='word_1_731' title='bbox 2563 3889 2648 3929; x_wconf 89' lang='lat' dir='ltr'><strong><em>me</em></strong></span> <span class='ocrx_word' id='word_1_732' title='bbox 2677 3873 3007 3930; x_wconf 81' lang='lat' dir='ltr'><strong><em>nesciturum</em></strong></span> <span class='ocrx_word' id='word_1_733' title='bbox 3027 3873 3161 3929; x_wconf 92' lang='lat' dir='ltr'><strong><em>dicis</em></strong></span> <span class='ocrx_word' id='word_1_734' title='bbox 3192 3876 3244 3929; x_wconf 90' lang='lat' dir='ltr'><strong><em>in</em></strong></span> <span class='ocrx_word' id='word_1_735' title='bbox 3274 3877 3430 3930; x_wconf 71' lang='lat' dir='ltr'><strong><em>cado.</em></strong></span> <span class='ocrx_word' id='word_1_736' title='bbox 3478 3875 3778 3942; x_wconf 87' lang='lat' dir='ltr'><strong><em>Nesciunt,</em></strong></span> 
     </span>
    </p>
   </div>
   <div class='ocr_carea' id='block_1_100' title="bbox 2179 3962 3782 4039">
    <p class='ocr_par' dir='ltr' id='par_1_100' title="bbox 2179 3962 3782 4039">
     <span class='ocr_line' id='line_1_100' title="bbox 2179 3962 3782 4039; baseline 0.004 -20"><span class='ocrx_word' id='word_1_737' title='bbox 2179 3964 2370 4034; x_wconf 89' lang='lat' dir='ltr'><strong><em>inquis.</em></strong></span> <span class='ocrx_word' id='word_1_738' title='bbox 2396 3962 2453 4020; x_wconf 90' lang='lat' dir='ltr'><strong><em>Si</em></strong></span> <span class='ocrx_word' id='word_1_739' title='bbox 2488 3965 2764 4033; x_wconf 90' lang='lat' dir='ltr'><strong><em>nesciunt,</em></strong></span> <span class='ocrx_word' id='word_1_740' title='bbox 2802 3974 2992 4023; x_wconf 89' lang='lat' dir='ltr'><strong><em>etnon</em></strong></span> <span class='ocrx_word' id='word_1_741' title='bbox 3032 3980 3093 4022; x_wconf 91' lang='lat' dir='ltr'><strong><em>se</em></strong></span> <span class='ocrx_word' id='word_1_742' title='bbox 3133 3975 3321 4037; x_wconf 88' lang='lat' dir='ltr'><strong><em>putant</em></strong></span> <span class='ocrx_word' id='word_1_743' title='bbox 3347 3983 3467 4024; x_wconf 90' lang='lat' dir='ltr'><strong><em>esse</em></strong></span> <span class='ocrx_word' id='word_1_744' title='bbox 3485 3983 3782 4039; x_wconf 86' lang='lat' dir='ltr'><strong><em>passuras,</em></strong></span> 
     </span>
    </p>
   </div>
   <div class='ocr_carea' id='block_1_101' title="bbox 2179 4054 3783 4131">
    <p class='ocr_par' dir='ltr' id='par_1_101' title="bbox 2179 4054 3783 4131">
     <span class='ocr_line' id='line_1_101' title="bbox 2179 4054 3783 4131; baseline 0.003 -21"><span class='ocrx_word' id='word_1_745' title='bbox 2179 4055 2408 4110; x_wconf 89' lang='lat' dir='ltr'><strong><em>errando</em></strong></span> <span class='ocrx_word' id='word_1_746' title='bbox 2449 4063 2573 4110; x_wconf 92' lang='lat' dir='ltr'><strong><em>sunt</em></strong></span> <span class='ocrx_word' id='word_1_747' title='bbox 2602 4054 2791 4111; x_wconf 72' lang='lat' dir='ltr'><strong><em>beatae.</em></strong></span> <span class='ocrx_word' id='word_1_748' title='bbox 2823 4056 2977 4125; x_wconf 86' lang='lat' dir='ltr'><strong><em>Quod</em></strong></span> <span class='ocrx_word' id='word_1_749' title='bbox 3019 4057 3161 4113; x_wconf 91' lang='lat' dir='ltr'><strong><em>enim</em></strong></span> <span class='ocrx_word' id='word_1_750' title='bbox 3205 4073 3443 4129; x_wconf 69' lang='lat' dir='ltr'><strong><em>passura:</em></strong></span> <span class='ocrx_word' id='word_1_751' title='bbox 3470 4071 3642 4125; x_wconf 88' lang='lat' dir='ltr'><strong><em>sunt,</em></strong></span> <span class='ocrx_word' id='word_1_752' title='bbox 3687 4075 3783 4131; x_wconf 83' lang='lat' dir='ltr'><strong><em>pu-</em></strong></span> 
     </span>
    </p>
   </div>
   <div class='ocr_carea' id='block_1_102' title="bbox 2180 4147 3787 4220">
    <p class='ocr_par' dir='ltr' id='par_1_102' title="bbox 2180 4147 3787 4220">
     <span class='ocr_line' id='line_1_102' title="bbox 2180 4147 3787 4220; baseline 0.004 -22"><span class='ocrx_word' id='word_1_753' title='bbox 2180 4153 2294 4198; x_wconf 89' lang='lat' dir='ltr'><strong><em>tant</em></strong></span> <span class='ocrx_word' id='word_1_754' title='bbox 2319 4160 2377 4200; x_wconf 88' lang='lat' dir='ltr'><strong><em>se</em></strong></span> <span class='ocrx_word' id='word_1_755' title='bbox 2403 4159 2509 4200; x_wconf 91' lang='lat' dir='ltr'><strong><em>non</em></strong></span> <span class='ocrx_word' id='word_1_756' title='bbox 2553 4159 2801 4216; x_wconf 73' lang='lat' dir='ltr'><strong><em>passurus</em></strong></span> <span class='ocrx_word' id='word_1_757' title='bbox 2834 4164 2847 4200; x_wconf 89' lang='lat'><strong>:</strong></span> <span class='ocrx_word' id='word_1_758' title='bbox 2877 4147 3019 4218; x_wconf 90' lang='lat' dir='ltr'><strong><em>quod</em></strong></span> <span class='ocrx_word' id='word_1_759' title='bbox 3046 4147 3232 4202; x_wconf 87' lang='lat' dir='ltr'><strong><em>falsum</em></strong></span> <span class='ocrx_word' id='word_1_760' title='bbox 3259 4157 3477 4218; x_wconf 86' lang='lat' dir='ltr'><strong><em>putare,</em></strong></span> <span class='ocrx_word' id='word_1_761' title='bbox 3517 4149 3660 4220; x_wconf 89' lang='lat' dir='ltr'><strong><em>quid</em></strong></span> <span class='ocrx_word' id='word_1_762' title='bbox 3703 4157 3787 4205; x_wconf 83' lang='lat' dir='ltr'><strong><em>est</em></strong></span> 
     </span>
    </p>
   </div>
   <div class='ocr_carea' id='block_1_103' title="bbox 2179 4237 3787 4310">
    <p class='ocr_par' dir='ltr' id='par_1_103' title="bbox 2179 4237 3787 4310">
     <span class='ocr_line' id='line_1_103' title="bbox 2179 4237 3787 4310; baseline 0.004 -20"><span class='ocrx_word' id='word_1_763' title='bbox 2179 4237 2323 4292; x_wconf 92' lang='lat' dir='ltr'><strong><em>aliud</em></strong></span> <span class='ocrx_word' id='word_1_764' title='bbox 2351 4252 2508 4308; x_wconf 89' lang='lat' dir='ltr'><strong><em>quam</em></strong></span> <span class='ocrx_word' id='word_1_765' title='bbox 2535 4238 2760 4292; x_wconf 85' lang='lat' dir='ltr'><strong><em>errare?</em></strong></span> <span class='ocrx_word' id='word_1_766' title='bbox 2800 4239 2970 4294; x_wconf 88' lang='lat' dir='ltr'><strong><em>Erunt</em></strong></span> <span class='ocrx_word' id='word_1_767' title='bbox 2993 4255 3120 4310; x_wconf 89' lang='lat' dir='ltr'><strong><em>ergo</em></strong></span> <span class='ocrx_word' id='word_1_768' title='bbox 3146 4255 3327 4296; x_wconf 90' lang='lat' dir='ltr'><strong><em>errore</em></strong></span> <span class='ocrx_word' id='word_1_769' title='bbox 3352 4240 3538 4298; x_wconf 81' lang='lat' dir='ltr'><strong><em>felices</em></strong></span> <span class='ocrx_word' id='word_1_770' title='bbox 3561 4260 3579 4308; x_wconf 91' lang='lat'><strong>;</strong></span> <span class='ocrx_word' id='word_1_771' title='bbox 3626 4248 3787 4298; x_wconf 86' lang='lat' dir='ltr'><strong><em>erunt</em></strong></span> 
     </span>
    </p>
   </div>
   <div class='ocr_carea' id='block_1_104' title="bbox 2180 4327 3788 4398">
    <p class='ocr_par' dir='ltr' id='par_1_104' title="bbox 2180 4327 3788 4398">
     <span class='ocr_line' id='line_1_104' title="bbox 2180 4327 3788 4398; baseline 0.004 -15"><span class='ocrx_word' id='word_1_772' title='bbox 2180 4327 2383 4394; x_wconf 69' lang='lat' dir='ltr'><strong><em>beatae;</em></strong></span> <span class='ocrx_word' id='word_1_773' title='bbox 2412 4345 2518 4383; x_wconf 89' lang='lat' dir='ltr'><strong><em>non</em></strong></span> <span class='ocrx_word' id='word_1_774' title='bbox 2539 4331 2835 4386; x_wconf 64' lang='lat' dir='ltr'><strong><em>aeternitate</em></strong></span> <span class='ocrx_word' id='word_1_775' title='bbox 2854 4373 2870 4398; x_wconf 91' lang='lat'><strong><em>,</em></strong></span> <span class='ocrx_word' id='word_1_776' title='bbox 2902 4330 2993 4386; x_wconf 86' lang='lat' dir='ltr'><strong><em>sed</em></strong></span> <span class='ocrx_word' id='word_1_777' title='bbox 3024 4331 3269 4388; x_wconf 90' lang='lat' dir='ltr'><strong><em>falsitate.</em></strong></span> <span class='ocrx_word' id='word_1_778' title='bbox 3296 4332 3507 4388; x_wconf 89' lang='lat' dir='ltr'><strong><em>Liberet</em></strong></span> <span class='ocrx_word' id='word_1_779' title='bbox 3552 4351 3661 4390; x_wconf 87' lang='lat' dir='ltr'><strong><em>nos</em></strong></span> <span class='ocrx_word' id='word_1_780' title='bbox 3689 4349 3788 4389; x_wconf 59' lang='grc' dir='ltr'><strong><em>νου</em></strong></span> 
     </span>
    </p>
   </div>
   <div class='ocr_carea' id='block_1_105' title="bbox 2180 4421 3778 4495">
    <p class='ocr_par' dir='ltr' id='par_1_105' title="bbox 2180 4421 3778 4495">
     <span class='ocr_line' id='line_1_105' title="bbox 2180 4421 3778 4495; baseline 0.004 -19"><span class='ocrx_word' id='word_1_781' title='bbox 2180 4424 2342 4487; x_wconf 89' lang='lat' dir='ltr'><strong><em>ritas,</em></strong></span> <span class='ocrx_word' id='word_1_782' title='bbox 2391 4431 2452 4476; x_wconf 92' lang='lat' dir='ltr'><strong><em>ut</em></strong></span> <span class='ocrx_word' id='word_1_783' title='bbox 2497 4437 2620 4477; x_wconf 88' lang='lat' dir='ltr'><strong><em>vere</em></strong></span> <span class='ocrx_word' id='word_1_784' title='bbox 2675 4421 2816 4477; x_wconf 85' lang='lat' dir='ltr'><strong><em>beati</em></strong></span> <span class='ocrx_word' id='word_1_785' title='bbox 2846 4438 2966 4479; x_wconf 91' lang='lat' dir='ltr'><strong><em>esse</em></strong></span> <span class='ocrx_word' id='word_1_786' title='bbox 3017 4425 3323 4494; x_wconf 90' lang='lat' dir='ltr'><strong><em>possimus:</em></strong></span> <span class='ocrx_word' id='word_1_787' title='bbox 3373 4427 3640 4495; x_wconf 90' lang='lat' dir='ltr'><strong><em>quoniam</em></strong></span> <span class='ocrx_word' id='word_1_788' title='bbox 3679 4440 3778 4485; x_wconf 72' lang='lat' dir='ltr'><strong><em>not</em></strong></span> 
     </span>
    </p>
   </div>
   <div class='ocr_carea' id='block_1_106' title="bbox 2180 4515 3782 4586">
    <p class='ocr_par' dir='ltr' id='par_1_106' title="bbox 2180 4515 3782 4586">
     <span class='ocr_line' id='line_1_106' title="bbox 2180 4515 3782 4586; baseline 0.002 -18"><span class='ocrx_word' id='word_1_789' title='bbox 2180 4523 2334 4569; x_wconf 88' lang='lat' dir='ltr'><strong><em>vacat</em></strong></span> <span class='ocrx_word' id='word_1_790' title='bbox 2352 4529 2529 4569; x_wconf 89' lang='lat' dir='ltr'><strong><em>sermo</em></strong></span> <span class='ocrx_word' id='word_1_791' title='bbox 2550 4516 2565 4545; x_wconf 86' lang='grc'>¹</span> <span class='ocrx_word' id='word_1_792' title='bbox 2597 4515 2970 4586; x_wconf 84' lang='lat' dir='ltr'><strong><em>Redemptoris</em></strong></span> <span class='ocrx_word' id='word_1_793' title='bbox 2993 4518 3182 4581; x_wconf 90' lang='lat' dir='ltr'><strong><em>nostri,</em></strong></span> <span class='ocrx_word' id='word_1_794' title='bbox 3204 4517 3266 4572; x_wconf 89' lang='lat' dir='ltr'><strong><em>Si</em></strong></span> <span class='ocrx_word' id='word_1_795' title='bbox 3293 4533 3378 4572; x_wconf 83' lang='lat' dir='ltr'><strong><em>vos</em></strong></span> <span class='ocrx_word' id='word_1_796' title='bbox 3395 4516 3569 4573; x_wconf 85' lang='lat' dir='ltr'><strong><em>Filius</em></strong></span> <span class='ocrx_word' id='word_1_797' title='bbox 3599 4520 3782 4574; x_wconf 80' lang='lat' dir='ltr'><strong><em>libera-</em></strong></span> 
     </span>
    </p>
   </div>
   <div class='ocr_carea' id='block_1_107' title="bbox 2180 4605 3776 4678">
    <p class='ocr_par' dir='ltr' id='par_1_107' title="bbox 2180 4605 3776 4678">
     <span class='ocr_line' id='line_1_107' title="bbox 2180 4605 3776 4678; baseline 0.004 -21"><span class='ocrx_word' id='word_1_798' title='bbox 2180 4606 2337 4668; x_wconf 85' lang='lat' dir='ltr'><strong><em>verit,</em></strong></span> <span class='ocrx_word' id='word_1_799' title='bbox 2361 4615 2479 4659; x_wconf 86' lang='lat' dir='ltr'><strong><em>tunc</em></strong></span> <span class='ocrx_word' id='word_1_800' title='bbox 2501 4622 2614 4660; x_wconf 84' lang='lat' dir='ltr'><strong><em>vere</em></strong></span> <span class='ocrx_word' id='word_1_801' title='bbox 2636 4605 2777 4660; x_wconf 84' lang='lat' dir='ltr'><strong><em>liberi</em></strong></span> <span class='ocrx_word' id='word_1_802' title='bbox 2802 4607 2958 4661; x_wconf 88' lang='lat' dir='ltr'><strong><em>eritis.</em></strong></span> <span class='ocrx_word' id='word_1_803' title='bbox 2984 4607 3100 4678; x_wconf 84' lang='lat' dir='ltr'><strong><em>Ipse</em></strong></span> <span class='ocrx_word' id='word_1_804' title='bbox 3117 4609 3258 4663; x_wconf 90' lang='lat' dir='ltr'><strong><em>enim</em></strong></span> <span class='ocrx_word' id='word_1_805' title='bbox 3289 4609 3422 4664; x_wconf 87' lang='lat' dir='ltr'><strong><em>dixit</em></strong></span> <span class='ocrx_word' id='word_1_806' title='bbox 3447 4627 3462 4664; x_wconf 87' lang='lat'><strong>:</strong></span> <span class='ocrx_word' id='word_1_807' title='bbox 3492 4609 3558 4664; x_wconf 90' lang='lat' dir='ltr'><strong><em>Si</em></strong></span> <span class='ocrx_word' id='word_1_808' title='bbox 3581 4628 3776 4664; x_wconf 61' lang='lat' dir='ltr'><strong><em>mansa</em></strong></span> 
     </span>
    </p>
   </div>
   <div class='ocr_carea' id='block_1_108' title="bbox 2183 4699 3788 4775">
    <p class='ocr_par' dir='ltr' id='par_1_108' title="bbox 2183 4699 3788 4775">
     <span class='ocr_line' id='line_1_108' title="bbox 2183 4699 3788 4775; baseline 0.004 -24"><span class='ocrx_word' id='word_1_809' title='bbox 2183 4699 2292 4752; x_wconf 84' lang='lat' dir='ltr'><strong><em>ritis</em></strong></span> <span class='ocrx_word' id='word_1_810' title='bbox 2317 4700 2370 4752; x_wconf 90' lang='lat' dir='ltr'><strong><em>in</em></strong></span> <span class='ocrx_word' id='word_1_811' title='bbox 2393 4700 2540 4754; x_wconf 81' lang='lat' dir='ltr'><strong><em>verbo</em></strong></span> <span class='ocrx_word' id='word_1_812' title='bbox 2578 4716 2706 4767; x_wconf 88' lang='lat' dir='ltr'><strong><em>meo,</em></strong></span> <span class='ocrx_word' id='word_1_813' title='bbox 2735 4717 2844 4756; x_wconf 84' lang='lat' dir='ltr'><strong><em>vere</em></strong></span> <span class='ocrx_word' id='word_1_814' title='bbox 2889 4702 3125 4772; x_wconf 86' lang='lat' dir='ltr'><strong><em>discipuli</em></strong></span> <span class='ocrx_word' id='word_1_815' title='bbox 3161 4703 3258 4756; x_wconf 86' lang='lat' dir='ltr'><strong><em>mei</em></strong></span> <span class='ocrx_word' id='word_1_816' title='bbox 3277 4703 3452 4766; x_wconf 86' lang='lat' dir='ltr'><strong><em>eritis;</em></strong></span> <span class='ocrx_word' id='word_1_817' title='bbox 3489 4712 3541 4760; x_wconf 83' lang='lat' dir='ltr'><strong><em>et</em></strong></span> <span class='ocrx_word' id='word_1_818' title='bbox 3589 4721 3788 4775; x_wconf 59' lang='lat' dir='ltr'><strong><em>cogam</em></strong></span> 
     </span>
    </p>
   </div>
   <div class='ocr_carea' id='block_1_109' title="bbox 2182 4791 3786 4868">
    <p class='ocr_par' dir='ltr' id='par_1_109' title="bbox 2182 4791 3786 4868">
     <span class='ocr_line' id='line_1_109' title="bbox 2182 4791 3786 4868; baseline 0.004 -22"><span class='ocrx_word' id='word_1_819' title='bbox 2182 4791 2328 4846; x_wconf 88' lang='lat' dir='ltr'><strong><em>scetis</em></strong></span> <span class='ocrx_word' id='word_1_820' title='bbox 2353 4793 2624 4858; x_wconf 85' lang='lat' dir='ltr'><strong><em>veritatem,</em></strong></span> <span class='ocrx_word' id='word_1_821' title='bbox 2656 4801 2702 4846; x_wconf 90' lang='lat' dir='ltr'><strong><em>et</em></strong></span> <span class='ocrx_word' id='word_1_822' title='bbox 2741 4793 2923 4848; x_wconf 85' lang='lat' dir='ltr'><strong><em>ueritas</em></strong></span> <span class='ocrx_word' id='word_1_823' title='bbox 2945 4793 3172 4849; x_wconf 84' lang='lat' dir='ltr'><strong><em>liberabit</em></strong></span> <span class='ocrx_word' id='word_1_824' title='bbox 3200 4810 3285 4850; x_wconf 80' lang='lat' dir='ltr'><strong><em>vos</em></strong></span> <span class='ocrx_word' id='word_1_825' title='bbox 3311 4793 3500 4868; x_wconf 77' lang='lat' dir='ltr'><strong><em>(Joan.</em></strong></span> <span class='ocrx_word' id='word_1_826' title='bbox 3531 4812 3661 4864; x_wconf 74' lang='lat' dir='ltr'><strong><em>vui,</em></strong></span> <span class='ocrx_word' id='word_1_827' title='bbox 3695 4796 3786 4863; x_wconf 81' lang='grc'><strong><em>56,</em></strong></span> 
     </span>
    </p>
   </div>
   <div class='ocr_carea' id='block_1_110' title="bbox 2182 4881 2417 4951">
    <p class='ocr_par' dir='ltr' id='par_1_110' title="bbox 2182 4881 2417 4951">
     <span class='ocr_line' id='line_1_110' title="bbox 2182 4881 2417 4951; baseline 0 -15"><span class='ocrx_word' id='word_1_828' title='bbox 2182 4881 2271 4948; x_wconf 78' lang='lat' dir='ltr'><strong><em>3i,</em></strong></span> <span class='ocrx_word' id='word_1_829' title='bbox 2303 4883 2417 4951; x_wconf 64' lang='grc' dir='ltr'><strong><em>δε).</em></strong></span> 
     </span>
    </p>
   </div>
   <div class='ocr_carea' id='block_1_111' title="bbox 2253 4973 3793 5050">
    <p class='ocr_par' dir='ltr' id='par_1_111' title="bbox 2253 4973 3793 5050">
     <span class='ocr_line' id='line_1_111' title="bbox 2253 4973 3793 5050; baseline 0.003 -20"><span class='ocrx_word' id='word_1_830' title='bbox 2253 4973 2481 5030; x_wconf 87' lang='lat' dir='ltr'><strong><em>CAPUT</em></strong></span> <span class='ocrx_word' id='word_1_831' title='bbox 2520 4973 2683 5030; x_wconf 83' lang='lat' dir='ltr'><strong><em>Vl.-—-</em></strong></span> <span class='ocrx_word' id='word_1_832' title='bbox 2701 4974 2755 5031; x_wconf 87' lang='lat'><strong><em>6.</em></strong></span> <span class='ocrx_word' id='word_1_833' title='bbox 2783 4975 2915 5047; x_wconf 89' lang='lat' dir='ltr'><strong><em>Spes</em></strong></span> <span class='ocrx_word' id='word_1_834' title='bbox 2945 4977 3024 5032; x_wconf 84' lang='lat' dir='ltr'><strong><em>hic</em></strong></span> <span class='ocrx_word' id='word_1_835' title='bbox 3053 4988 3178 5034; x_wconf 88' lang='lat' dir='ltr'><strong><em>esset</em></strong></span> <span class='ocrx_word' id='word_1_836' title='bbox 3202 4978 3397 5050; x_wconf 76' lang='lat' dir='ltr'><strong><em>[elicior</em></strong></span> <span class='ocrx_word' id='word_1_837' title='bbox 3433 4996 3594 5050; x_wconf 83' lang='lat' dir='ltr'><strong><em>quam</em></strong></span> <span class='ocrx_word' id='word_1_838' title='bbox 3619 4983 3678 5035; x_wconf 83' lang='lat' dir='ltr'><strong><em>in</em></strong></span> <span class='ocrx_word' id='word_1_839' title='bbox 3700 4983 3793 5035; x_wconf 71' lang='lat' dir='ltr'><strong><em>illa</em></strong></span> 
     </span>
    </p>
   </div>
   <div class='ocr_carea' id='block_1_112' title="bbox 2183 5066 3790 5140">
    <p class='ocr_par' dir='ltr' id='par_1_112' title="bbox 2183 5066 3790 5140">
     <span class='ocr_line' id='line_1_112' title="bbox 2183 5066 3790 5140; baseline 0.004 -17"><span class='ocrx_word' id='word_1_840' title='bbox 2183 5066 2442 5139; x_wconf 79' lang='lat' dir='ltr'><strong><em>felicitate.</em></strong></span> <span class='ocrx_word' id='word_1_841' title='bbox 2489 5068 2691 5124; x_wconf 90' lang='lat' dir='ltr'><strong><em>Deinde</em></strong></span> <span class='ocrx_word' id='word_1_842' title='bbox 2719 5069 2900 5125; x_wconf 90' lang='lat' dir='ltr'><strong><em>audite</em></strong></span> <span class='ocrx_word' id='word_1_843' title='bbox 2925 5071 3064 5125; x_wconf 89' lang='lat' dir='ltr'><strong><em>aliud</em></strong></span> <span class='ocrx_word' id='word_1_844' title='bbox 3097 5072 3247 5140; x_wconf 86' lang='lat' dir='ltr'><strong><em>pejus</em></strong></span> <span class='ocrx_word' id='word_1_845' title='bbox 3266 5113 3282 5138; x_wconf 95' lang='lat'><strong><em>,</em></strong></span> <span class='ocrx_word' id='word_1_846' title='bbox 3314 5071 3458 5126; x_wconf 87' lang='lat' dir='ltr'><strong><em>aliud</em></strong></span> <span class='ocrx_word' id='word_1_847' title='bbox 3484 5072 3790 5129; x_wconf 83' lang='lat' dir='ltr'><strong><em>dolendum</em></strong></span> 
     </span>
    </p>
   </div>
   <div class='ocr_carea' id='block_1_113' title="bbox 2184 5159 3792 5234">
    <p class='ocr_par' dir='ltr' id='par_1_113' title="bbox 2184 5159 3792 5234">
     <span class='ocr_line' id='line_1_113' title="bbox 2184 5159 3792 5234; baseline 0.002 -19"><span class='ocrx_word' id='word_1_848' title='bbox 2184 5161 2277 5215; x_wconf 81' lang='lat' dir='ltr'><strong><em>vel</em></strong></span> <span class='ocrx_word' id='word_1_849' title='bbox 2296 5159 2472 5229; x_wconf 90' lang='lat' dir='ltr'><strong><em>potius</em></strong></span> <span class='ocrx_word' id='word_1_850' title='bbox 2502 5159 2851 5214; x_wconf 88' lang='lat' dir='ltr'><strong><em>irridendum.</em></strong></span> <span class='ocrx_word' id='word_1_851' title='bbox 2900 5161 2996 5215; x_wconf 89' lang='lat' dir='ltr'><strong><em>Hic</em></strong></span> <span class='ocrx_word' id='word_1_852' title='bbox 3023 5163 3234 5232; x_wconf 91' lang='lat' dir='ltr'><strong><em>sapiens</em></strong></span> <span class='ocrx_word' id='word_1_853' title='bbox 3254 5203 3268 5227; x_wconf 95' lang='lat'><strong><em>,</em></strong></span> <span class='ocrx_word' id='word_1_854' title='bbox 3309 5161 3396 5217; x_wconf 91' lang='lat' dir='ltr'><strong><em>hic</em></strong></span> <span class='ocrx_word' id='word_1_855' title='bbox 3425 5163 3792 5234; x_wconf 57' lang='lat' dir='ltr'><strong><em>philosolihe,</em></strong></span> 
     </span>
    </p>
   </div>
   <div class='ocr_carea' id='block_1_114' title="bbox 2183 5251 3796 5325">
    <p class='ocr_par' dir='ltr' id='par_1_114' title="bbox 2183 5251 3796 5325">
     <span class='ocr_line' id='line_1_114' title="bbox 2183 5251 3796 5325; baseline 0.004 -19"><span class='ocrx_word' id='word_1_856' title='bbox 2183 5252 2289 5308; x_wconf 90' lang='lat' dir='ltr'><strong><em>hoc</em></strong></span> <span class='ocrx_word' id='word_1_857' title='bbox 2333 5261 2448 5318; x_wconf 90' lang='lat' dir='ltr'><strong><em>est,</em></strong></span> <span class='ocrx_word' id='word_1_858' title='bbox 2489 5251 2541 5306; x_wconf 94' lang='lat' dir='ltr'><strong><em>in</em></strong></span> <span class='ocrx_word' id='word_1_859' title='bbox 2567 5260 2706 5306; x_wconf 90' lang='lat' dir='ltr'><strong><em>terra</em></strong></span> <span class='ocrx_word' id='word_1_860' title='bbox 2735 5253 2903 5322; x_wconf 88' lang='lat' dir='ltr'><strong><em>(verbi</em></strong></span> <span class='ocrx_word' id='word_1_861' title='bbox 2930 5253 3131 5324; x_wconf 89' lang='lat' dir='ltr'><strong><em>gratia,</em></strong></span> <span class='ocrx_word' id='word_1_862' title='bbox 3179 5254 3543 5325; x_wconf 84' lang='lat' dir='ltr'><strong><em>Pythagoras,</em></strong></span> <span class='ocrx_word' id='word_1_863' title='bbox 3593 5257 3796 5322; x_wconf 85' lang='lat' dir='ltr'><strong><em>Plato,</em></strong></span> 
     </span>
    </p>
   </div>
   <div class='ocr_carea' id='block_1_115' title="bbox 2186 5342 3798 5417">
    <p class='ocr_par' dir='ltr' id='par_1_115' title="bbox 2186 5342 3798 5417">
     <span class='ocr_line' id='line_1_115' title="bbox 2186 5342 3798 5417; baseline 0 -18"><span class='ocrx_word' id='word_1_864' title='bbox 2186 5342 2534 5415; x_wconf 88' lang='lat' dir='ltr'><strong><em>Porphyrius,</em></strong></span> <span class='ocrx_word' id='word_1_865' title='bbox 2566 5352 2620 5397; x_wconf 92' lang='lat' dir='ltr'><strong><em>et</em></strong></span> <span class='ocrx_word' id='word_1_866' title='bbox 2641 5344 2821 5399; x_wconf 91' lang='lat' dir='ltr'><strong><em>nescio</em></strong></span> <span class='ocrx_word' id='word_1_867' title='bbox 2841 5345 2961 5414; x_wconf 92' lang='lat' dir='ltr'><strong><em>quis</em></strong></span> <span class='ocrx_word' id='word_1_868' title='bbox 2989 5346 3124 5400; x_wconf 89' lang='lat' dir='ltr'><strong><em>alius</em></strong></span> <span class='ocrx_word' id='word_1_869' title='bbox 3154 5345 3438 5417; x_wconf 90' lang='lat' dir='ltr'><strong><em>ipsorum),</em></strong></span> <span class='ocrx_word' id='word_1_870' title='bbox 3471 5363 3653 5416; x_wconf 87' lang='lat' dir='ltr'><strong><em>quare</em></strong></span> <span class='ocrx_word' id='word_1_871' title='bbox 3678 5348 3798 5416; x_wconf 84' lang='lat' dir='ltr'><strong><em>phi-</em></strong></span> 
     </span>
    </p>
   </div>
   <div class='ocr_carea' id='block_1_116' title="bbox 2187 5436 3798 5508">
    <p class='ocr_par' dir='ltr' id='par_1_116' title="bbox 2187 5436 3798 5508">
     <span class='ocr_line' id='line_1_116' title="bbox 2187 5436 3798 5508; baseline 0.002 -17"><span class='ocrx_word' id='word_1_872' title='bbox 2187 5436 2523 5505; x_wconf 86' lang='lat' dir='ltr'><strong><em>losopharis?</em></strong></span> <span class='ocrx_word' id='word_1_873' title='bbox 2550 5436 2772 5506; x_wconf 89' lang='lat' dir='ltr'><strong><em>Pr0pter</em></strong></span> <span class='ocrx_word' id='word_1_874' title='bbox 2793 5437 2990 5504; x_wconf 89' lang='lat' dir='ltr'><strong><em>vitam,</em></strong></span> <span class='ocrx_word' id='word_1_875' title='bbox 3038 5438 3244 5508; x_wconf 90' lang='lat' dir='ltr'><strong><em>inquit,</em></strong></span> <span class='ocrx_word' id='word_1_876' title='bbox 3275 5439 3508 5494; x_wconf 87' lang='lat' dir='ltr'><strong><em>beatam.</em></strong></span> <span class='ocrx_word' id='word_1_877' title='bbox 3553 5439 3798 5508; x_wconf 65' lang='lat' dir='ltr'><strong><em>Quando</em></strong></span> 
     </span>
    </p>
   </div>
   <div class='ocr_carea' id='block_1_117' title="bbox 2190 5527 3795 5600">
    <p class='ocr_par' dir='ltr' id='par_1_117' title="bbox 2190 5527 3795 5600">
     <span class='ocr_line' id='line_1_117' title="bbox 2190 5527 3795 5600; baseline 0.002 -19"><span class='ocrx_word' id='word_1_878' title='bbox 2190 5527 2410 5582; x_wconf 83' lang='lat' dir='ltr'><strong><em>habebis</em></strong></span> <span class='ocrx_word' id='word_1_879' title='bbox 2436 5528 2590 5582; x_wconf 90' lang='lat' dir='ltr'><strong><em>istam</em></strong></span> <span class='ocrx_word' id='word_1_880' title='bbox 2632 5529 2793 5582; x_wconf 85' lang='lat' dir='ltr'><strong><em>vitam</em></strong></span> <span class='ocrx_word' id='word_1_881' title='bbox 2829 5529 3077 5584; x_wconf 87' lang='lat' dir='ltr'><strong><em>beatam?</em></strong></span> <span class='ocrx_word' id='word_1_882' title='bbox 3107 5530 3237 5584; x_wconf 86' lang='lat' dir='ltr'><strong><em>Cum</em></strong></span> <span class='ocrx_word' id='word_1_883' title='bbox 3283 5529 3384 5586; x_wconf 92' lang='lat' dir='ltr'><strong><em>hoc</em></strong></span> <span class='ocrx_word' id='word_1_884' title='bbox 3427 5545 3676 5600; x_wconf 89' lang='lat' dir='ltr'><strong><em>corpus,</em></strong></span> <span class='ocrx_word' id='word_1_885' title='bbox 3723 5533 3795 5586; x_wconf 80' lang='lat' dir='ltr'><strong><em>in-</em></strong></span> 
     </span>
    </p>
   </div>
   <div class='ocr_carea' id='block_1_118' title="bbox 2191 5621 3799 5695">
    <p class='ocr_par' dir='ltr' id='par_1_118' title="bbox 2191 5621 3799 5695">
     <span class='ocr_line' id='line_1_118' title="bbox 2191 5621 3799 5695; baseline 0.004 -22"><span class='ocrx_word' id='word_1_886' title='bbox 2191 5621 2334 5689; x_wconf 89' lang='lat' dir='ltr'><strong><em>quit,</em></strong></span> <span class='ocrx_word' id='word_1_887' title='bbox 2369 5621 2639 5690; x_wconf 88' lang='lat' dir='ltr'><strong><em>reliquero</em></strong></span> <span class='ocrx_word' id='word_1_888' title='bbox 2679 5621 2732 5676; x_wconf 91' lang='lat' dir='ltr'><strong><em>in</em></strong></span> <span class='ocrx_word' id='word_1_889' title='bbox 2763 5630 2922 5676; x_wconf 88' lang='lat' dir='ltr'><strong><em>terra.</em></strong></span> <span class='ocrx_word' id='word_1_890' title='bbox 2957 5621 3112 5676; x_wconf 82' lang='lat' dir='ltr'><strong><em>Modo</em></strong></span> <span class='ocrx_word' id='word_1_891' title='bbox 3146 5638 3274 5692; x_wconf 87' lang='lat' dir='ltr'><strong><em>ergo</em></strong></span> <span class='ocrx_word' id='word_1_892' title='bbox 3304 5639 3498 5678; x_wconf 76' lang='lat' dir='ltr'><strong><em>misera</em></strong></span> <span class='ocrx_word' id='word_1_893' title='bbox 3540 5625 3664 5679; x_wconf 81' lang='lat' dir='ltr'><strong><em>vita</em></strong></span> <span class='ocrx_word' id='word_1_894' title='bbox 3715 5639 3799 5695; x_wconf 79' lang='lat' dir='ltr'><strong><em>ge-</em></strong></span> 
     </span>
    </p>
   </div>
   <div class='ocr_carea' id='block_1_119' title="bbox 2190 5712 3807 5784">
    <p class='ocr_par' dir='ltr' id='par_1_119' title="bbox 2190 5712 3807 5784">
     <span class='ocr_line' id='line_1_119' title="bbox 2190 5712 3807 5784; baseline 0.003 -19"><span class='ocrx_word' id='word_1_895' title='bbox 2190 5712 2325 5766; x_wconf 89' lang='lat' dir='ltr'><strong><em>ritur</em></strong></span> <span class='ocrx_word' id='word_1_896' title='bbox 2348 5755 2361 5777; x_wconf 94' lang='lat'><strong><em>,</em></strong></span> <span class='ocrx_word' id='word_1_897' title='bbox 2395 5712 2486 5767; x_wconf 91' lang='lat' dir='ltr'><strong><em>sed</em></strong></span> <span class='ocrx_word' id='word_1_898' title='bbox 2516 5729 2638 5783; x_wconf 89' lang='lat' dir='ltr'><strong><em>spes</em></strong></span> <span class='ocrx_word' id='word_1_899' title='bbox 2665 5721 2746 5768; x_wconf 90' lang='lat' dir='ltr'><strong><em>est</em></strong></span> <span class='ocrx_word' id='word_1_900' title='bbox 2765 5713 2934 5769; x_wconf 67' lang='lat' dir='ltr'><strong><em>beatm</em></strong></span> <span class='ocrx_word' id='word_1_901' title='bbox 2953 5714 3075 5769; x_wconf 73' lang='lat' dir='ltr'><strong><em>vita:</em></strong></span> <span class='ocrx_word' id='word_1_902' title='bbox 3100 5731 3112 5766; x_wconf 92' lang='lat'><strong>:</strong></span> <span class='ocrx_word' id='word_1_903' title='bbox 3140 5714 3210 5769; x_wconf 92' lang='lat' dir='ltr'><strong><em>ibi</em></strong></span> <span class='ocrx_word' id='word_1_904' title='bbox 3241 5715 3392 5770; x_wconf 82' lang='lat' dir='ltr'><strong><em>beata</em></strong></span> <span class='ocrx_word' id='word_1_905' title='bbox 3417 5716 3517 5769; x_wconf 81' lang='lat' dir='ltr'><strong><em>vita</em></strong></span> <span class='ocrx_word' id='word_1_906' title='bbox 3541 5717 3807 5784; x_wconf 78' lang='lat' dir='ltr'><strong><em>geritur,</em></strong></span> 
     </span>
    </p>
   </div>
   <div class='ocr_carea' id='block_1_120' title="bbox 2193 5808 3813 5880">
    <p class='ocr_par' dir='ltr' id='par_1_120' title="bbox 2193 5808 3813 5880">
     <span class='ocr_line' id='line_1_120' title="bbox 2193 5808 3813 5880; baseline 0.002 -19"><span class='ocrx_word' id='word_1_907' title='bbox 2193 5808 2286 5863; x_wconf 87' lang='lat' dir='ltr'><strong><em>sed</em></strong></span> <span class='ocrx_word' id='word_1_908' title='bbox 2330 5824 2452 5880; x_wconf 88' lang='lat' dir='ltr'><strong><em>spes</em></strong></span> <span class='ocrx_word' id='word_1_909' title='bbox 2480 5818 2562 5862; x_wconf 86' lang='lat' dir='ltr'><strong><em>cst</em></strong></span> <span class='ocrx_word' id='word_1_910' title='bbox 2605 5809 2816 5864; x_wconf 69' lang='lat' dir='ltr'><strong><em>miserae</em></strong></span> <span class='ocrx_word' id='word_1_911' title='bbox 2846 5808 2983 5863; x_wconf 66' lang='lat' dir='ltr'><strong><em>vitat.</em></strong></span> <span class='ocrx_word' id='word_1_912' title='bbox 3018 5809 3156 5877; x_wconf 86' lang='lat' dir='ltr'><strong><em>Ergo</em></strong></span> <span class='ocrx_word' id='word_1_913' title='bbox 3182 5824 3304 5879; x_wconf 89' lang='lat' dir='ltr'><strong><em>spes</em></strong></span> <span class='ocrx_word' id='word_1_914' title='bbox 3334 5818 3527 5864; x_wconf 72' lang='lat' dir='ltr'><strong><em>nostrae</em></strong></span> <span class='ocrx_word' id='word_1_915' title='bbox 3558 5808 3813 5866; x_wconf 80' lang='lat' dir='ltr'><strong><em>infelici-</em></strong></span> 
     </span>
    </p>
   </div>
   <div class='ocr_carea' id='block_1_121' title="bbox 2192 5921 3816 6034">
    <p class='ocr_par' dir='ltr' id='par_1_121' title="bbox 2192 5921 3816 6034">
     <span class='ocr_line' id='line_1_121' title="bbox 2192 5921 3816 6034; baseline 0.004 -63"><span class='ocrx_word' id='word_1_916' title='bbox 2192 5923 2432 6034; x_wconf 38' lang='lat' dir='ltr'><strong><em>rbi-1::qu</em></strong></span> <span class='ocrx_word' id='word_1_917' title='bbox 2453 5934 2546 5973; x_wconf 89' lang='lat' dir='ltr'><strong><em>non</em></strong></span> <span class='ocrx_word' id='word_1_918' title='bbox 2579 5921 2778 5985; x_wconf 85' lang='lat' dir='ltr'><strong><em>fraudat</em></strong></span> <span class='ocrx_word' id='word_1_919' title='bbox 2814 5935 2898 5974; x_wconf 78' lang='lat' dir='ltr'><strong><em>nos</em></strong></span> <span class='ocrx_word' id='word_1_920' title='bbox 2941 5935 3120 5988; x_wconf 84' lang='lat' dir='ltr'><strong><em>sermo;</em></strong></span> <span class='ocrx_word' id='word_1_921' title='bbox 3151 5922 3554 5976; x_wconf 74' lang='lat' dir='ltr'><strong><em>dissentientibus</em></strong></span> <span class='ocrx_word' id='word_1_922' title='bbox 3594 5924 3816 5978; x_wconf 66' lang='lat' dir='ltr'><strong><em>caueri</em></strong></span> 
     </span>
     <span class='ocr_line' id='line_1_122' title="bbox 2211 5999 2325 6034; baseline 0 -27"><span class='ocrx_word' id='word_1_923' title='bbox 2211 6003 2223 6034; x_wconf 53' lang='grc' dir='ltr'><strong><em>ι</em></strong></span> <span class='ocrx_word' id='word_1_924' title='bbox 2315 5999 2325 6007; x_wconf 84' lang='lat'><strong><em>.</em></strong></span> 
     </span>
    </p>
   </div>
   <div class='ocr_carea' id='block_1_122' title="bbox 2211 5999 2325 6035">
    <p class='ocr_par' dir='ltr' id='par_1_122' title="bbox 2211 5999 2325 6035">
     <span class='ocr_line' id='line_1_123' title="bbox 2211 5999 2325 6035; baseline -0.018 0"><span class='ocrx_word' id='word_1_925' title='bbox 2211 6003 2223 6035; x_wconf 88' lang='lat' dir='ltr'><strong><em>l</em></strong></span> <span class='ocrx_word' id='word_1_926' title='bbox 2231 5999 2325 6034; x_wconf 73' lang='grc' dir='ltr'><strong><em>υηε</em></strong></span> 
     </span>
    </p>
   </div>
  </div>
