4056 6430
328 404 467 468 1157

326 522 451 581 tatis
475 528 560 578 est
583 519 705 575 felix
727 561 744 587 ,
785 530 838 575 et
865 516 1128 574 felicitatis
1156 514 1355 572 infelix.
1388 514 1714 586 Abjiciamus
1760 512 1906 575 haec,

323 628 378 675 et
413 616 498 673 vel
524 614 793 671 rideamus
820 614 941 683 quia
986 611 1115 667 falsa
1159 619 1316 677 sunt,
1359 609 1445 665 vel
1488 608 1764 663 doleamus
1788 603 1910 674 quia

323 726 511 783 magna
559 709 948 765 existimantur.
994 707 1129 761 Sunt
1174 704 1316 759 enim
1361 702 1497 769 ista,
1547 699 1739 755 fratres
1767 695 1906 759 mei,

321 821 511 877 magna
536 816 847 874 magnorum
879 800 1224 855 deliramenta
1247 797 1542 852 doctorum.
1569 791 1777 860 Quanto
1806 803 1911 843 me-

322 899 424 955 lius
450 908 700 953 tenemus
728 909 913 965 magna
956 905 1266 962 magnorum
1321 894 1651 943 sacramenta
1696 889 1910 937 sancto-

321 992 480 1049 rum?
506 992 703 1047 Amore
731 1001 1012 1056 corporum
1043 984 1227 1039 dicunt
1270 980 1444 1036 redire
1489 978 1692 1032 animas
1718 989 1910 1046 purga-

325 1097 435 1149 tas,
478 1083 791 1146 mandatas,
837 1079 1133 1148 sapientes,
1186 1082 1434 1144 purgatas
1477 1071 1682 1125 animas
1726 1081 1908 1120 amore

320 1194 603 1251 corporum
634 1172 810 1233 redire
839 1174 905 1229 ad
934 1187 1177 1243 corpora.
1207 1170 1348 1240 Ergo
1378 1168 1551 1221 anima
1582 1171 1801 1235 purgata
1830 1161 1910 1217 sic

319 1275 498 1332 amat?
524 1274 711 1329 Nonne
736 1287 887 1326 amor
914 1270 1015 1325 iste
1039 1281 1243 1338 magna:
1273 1272 1397 1320 sunt
1422 1260 1641 1318 sordes?

388 1367 617 1425 CAPUT
660 1365 769 1419 Vll.
800 1394 872 1405 —
896 1365 947 1417 '7.
982 1361 1257 1432 Porphyrii
1284 1357 1528 1412 sententia
1557 1354 1620 1409 de
1669 1350 1908 1422 fugiendo

318 1464 455 1518 omni
480 1478 707 1532 corpore.
743 1457 1022 1527 Refellitur.
1056 1455 1163 1511 Sed
1192 1468 1387 1522 corpus
1414 1460 1495 1506 est
1521 1464 1677 1503 omne
1707 1446 1909 1515 fugien-

319 1555 465 1609 dum.
511 1552 728 1622 Magnus
757 1565 941 1603 eorum
967 1544 1314 1618 philosorihus
1340 1541 1605 1613 posterius
1631 1539 1645 1569 ί
1671 1536 1909 1607 Porphy-

319 1650 462 1711 rius,
503 1646 621 1700 fidei
663 1644 967 1699 christiana;
1005 1641 1295 1696 acerrimus
1339 1636 1619 1698 inimicus,
1666 1633 1753 1703 qui
1797 1631 1907 1700 jam

318 1740 625 1796 christiauis
656 1737 983 1806 temporibus
1012 1736 1141 1802 fuit;
1170 1732 1262 1788 sed
1294 1741 1470 1787 tamen
1512 1730 1579 1782 ab
1611 1728 1737 1797 ipsis
1767 1726 1905 1780 deli-

321 1832 575 1887 ramentis
620 1827 1014 1893 erubescendo,
1070 1842 1100 1881 a
1127 1824 1440 1881 Christianis
1469 1840 1532 1881 ex
1556 1822 1727 1891 aliqua
1761 1829 1908 1889 parte

320 1931 628 1993 correptus,
683 1921 843 1985 dixit,
894 1920 1107 1990 scripsit
1133 1937 1143 1971 :
1173 1916 1378 1988 Corpus
1406 1925 1486 1971 est
1514 1928 1673 1969 omne
1702 1912 1905 1982 fugien-

320 2019 466 2074 dum.
495 2017 665 2072 Omne
696 2016 859 2080 dixit,
892 2015 1041 2085 quasi
1072 2028 1231 2067 omne
1256 2026 1449 2081 corpus
1479 2008 1745 2063 vinculum
1770 2022 1909 2061 teru-

323 2127 567 2166 mnosum
599 2109 667 2163 sit
710 2108 901 2162 animae
932 2108 1029 2177 (a).
1066 2106 1131 2161 Et
1158 2120 1373 2175 prorsus
1417 2103 1462 2158 si
1507 2116 1699 2171 corpus
1725 2101 1908 2171 quale-

320 2220 548 2273 cumque
577 2212 659 2260 est
684 2201 987 2272 fugiendum
1006 2243 1019 2267 ,
1053 2215 1157 2253 non
1185 2208 1266 2254 est
1287 2206 1344 2253 ut
1364 2196 1549 2253 laudes
1570 2196 1617 2250 ei
1640 2210 1832 2264 corpus
1863 2196 1904 2259 ⁸,

321 2308 372 2351 et
401 2298 548 2352 dicas
597 2294 866 2366 quomodo
898 2295 1005 2348 Deo
1051 2292 1277 2347 docente
1323 2288 1453 2344 fides
1502 2296 1683 2343 nostra
1729 2285 1910 2341 laudat

323 2404 515 2459 corpus
549 2406 561 2439 :
594 2388 715 2458 quia
740 2398 793 2441 et
821 2401 1014 2455 corpus
1038 2384 1181 2455 quod
1218 2382 1377 2437 modo
1402 2382 1660 2437 habemus
1679 2423 1692 2443 ,
1723 2395 1910 2450 quam-

323 2483 400 2535 vis
442 2481 731 2538 habeamus
775 2480 898 2533 hinc
943 2492 1155 2549 poenam
1204 2476 1270 2532 tle
1320 2483 1565 2546 peccato,
1617 2482 1671 2529 et
1716 2488 1909 2543 corpus

323 2574 460 2645 quod
487 2573 879 2643 corrumpitur,
927 2577 1175 2642 aggravet
1203 2568 1435 2623 animam
1480 2566 1632 2638 (Sap.
1667 2583 1745 2633 Ix,
1793 2565 1905 2635 l5);

324 2675 500 2720 tamen
534 2665 694 2719 habet
719 2680 912 2733 corpus
952 2662 1089 2717 istud
1118 2662 1352 2731 speciem
1384 2675 1533 2715 suam
1561 2702 1574 2725 ,
1605 2658 1909 2729 dispositio-

323 2775 443 2814 nem
487 2758 849 2813 membrorum
872 2798 887 2822 ,
938 2755 1333 2810 distinctionem
1360 2768 1639 2813 sensuum,
1674 2760 1906 2807 erectam

322 2862 601 2918 staturam,
631 2859 684 2906 et
711 2859 903 2905 caetera
929 2865 1047 2919 quae
1089 2848 1225 2903 bene
1250 2846 1649 2903 considerantes
1673 2854 1905 2914 stupent.

325 2946 700 3000 Verumtamen
730 2944 855 2999 illud
883 2944 1101 2997 omnino
1129 2941 1548 3011 incorruptibile,
1572 2938 1790 2994 omnino
1813 2938 1911 2991 im-

324 3041 583 3105 mortale,
628 3040 846 3094 omnino
885 3038 951 3091 ad
993 3036 1312 3093 movendum
1357 3035 1492 3105 agile
1517 3044 1569 3090 et
1598 3033 1750 3089 facile
1784 3033 1905 3087 erit.

321 3133 421 3189 Sed
451 3134 527 3187 ait
563 3131 887 3203 Porphyrius
919 3150 931 3185 :
963 3130 1091 3186 Sine
1111 3144 1272 3185 causa
1306 3129 1433 3183 mihi
1463 3128 1645 3182 laudas
1674 3140 1868 3195 corpus
1893 3142 1906 3190 ;

323 3225 705 3295 qualecumque
731 3224 798 3277 sit
830 3237 1065 3292 corpus,
1118 3222 1160 3276 si
1190 3221 1299 3275 vult
1336 3234 1456 3275 esse
1500 3218 1652 3273 beata
1694 3218 1867 3272 anima
1893 3258 1908 3283 ,

322 3330 515 3385 corpus
540 3324 622 3370 est
661 3330 818 3369 onme
850 3313 1178 3384 fugiendum.
1204 3313 1313 3367 lloc
1332 3310 1517 3366 dicunt
1558 3308 1863 3380 philos0phi
1893 3326 1908 3363 :

322 3407 415 3463 sed
454 3416 668 3472 errant,
719 3407 813 3462 sed
865 3406 1111 3461 delirant.
1160 3404 1277 3459 Cito
1322 3404 1488 3475 probo
1518 3422 1531 3459 :
1564 3404 1687 3457 nolo
1713 3402 1911 3458 diutius

322 3500 629 3570 disputare;
658 3501 778 3570 quia
815 3500 899 3554 illa
928 3514 1043 3568 qua:
1076 3497 1359 3567 prredicata
1402 3504 1486 3551 est
1525 3495 1683 3549 debet
1713 3494 1911 3548 habere

323 3592 610 3647 subditum.
641 3591 754 3646 Duo
781 3590 922 3645 enim
950 3598 1073 3643 sunt
1092 3588 1315 3643 invicem
1348 3587 1445 3641 sibi
1470 3600 1706 3641 connexa
1727 3626 1741 3651 ,
1772 3599 1909 3655 prte-

323 3684 496 3738 dicata
526 3694 581 3739 et
610 3683 838 3738 subdita.
885 3682 1112 3752 Superat
1137 3680 1315 3736 omnia
1362 3681 1541 3734 Deus:
1576 3679 1697 3732 huic
1722 3686 1912 3732 cuncta

325 3784 447 3830 sunt
492 3776 720 3830 subdita.
768 3775 835 3829 Et
864 3774 1039 3828 anima
1083 3773 1127 3827 si
1161 3772 1321 3827 habet
1367 3772 1597 3840 aliquem
1650 3768 1911 3823 honorem

326 3867 462 3938 apud
491 3867 680 3930 Deum,
714 3866 873 3921 debet
894 3866 1092 3921 habere
1110 3864 1305 3935 aliquid
1334 3862 1627 3918 subditum.
1658 3860 1761 3916 Sed
1789 3861 1913 3914 nolo

327 3958 449 4012 hinc
473 3958 671 4012 diutius
700 3958 1004 4027 disputare,
1039 3956 1202 4011 libros
1231 3963 1440 4009 vestros
1470 3955 1586 4023 lego
1616 3972 1628 4007 :
1660 3953 1913 4007 mundum

326 4052 482 4106 istum
509 4052 705 4105 animal
733 4051 929 4115 dicitis,
964 4050 1014 4105 id
1045 4058 1159 4116 est,
1192 4051 1385 4105 caelum
1408 4090 1422 4113 ,
1459 4056 1657 4103 terram
1678 4089 1692 4111 ,
1722 4047 1912 4114 maria,

325 4146 502 4199 omnia
532 4160 652 4215 qua:
692 4153 816 4200 sunt
842 4144 1073 4215 iungentia
1112 4157 1372 4212 corpora,
1420 4143 1675 4197 immensa
1714 4156 1913 4210 usque-

325 4252 533 4308 quaque
571 4238 870 4303 elementa;
903 4244 1072 4291 totum
1097 4244 1227 4303 hoc,
1252 4236 1665 4305 universumque
1695 4248 1912 4303 corpus,

325 4331 468 4401 quod
494 4346 559 4385 ex
589 4330 673 4385 his
713 4331 992 4387 elementis
1019 4332 1266 4388 omnibus
1293 4337 1532 4393 constat,
1579 4328 1754 4383 dicitis
1797 4342 1917 4382 esse

325 4424 523 4478 animal
566 4440 813 4493 magnum
838 4466 853 4491 ,
892 4425 942 4479 id
966 4433 1078 4489 est,
1112 4424 1309 4479 habere
1333 4424 1564 4478 animam
1607 4438 1755 4477 suam
1779 4465 1793 4487 ,
1823 4423 1917 4477 sed

325 4529 520 4571 sensus
560 4517 800 4585 corporis
840 4531 946 4571 non
980 4516 1201 4581 habere;
1252 4516 1373 4586 quia
1419 4516 1747 4571 extrinsecus
1787 4514 1918 4568 nihil

327 4618 415 4665 est
437 4609 578 4679 quod
610 4609 792 4664 sentiri
840 4610 1005 4678 possit
1035 4628 1047 4664 :
1076 4608 1274 4664 habere
1322 4618 1497 4664 tamen
1548 4609 1874 4664 intellectum
1900 4650 1917 4677 ,

328 4698 535 4756 haarere
564 4701 673 4755 Deo
697 4720 710 4756 :
739 4712 794 4756 et
815 4702 979 4770 ipsam
1002 4702 1233 4755 animam
1265 4701 1446 4756 mundi
1476 4700 1653 4755 vocari
1695 4700 1879 4755 Jovem
1902 4743 1917 4768 ,

326 4793 411 4847 vel
442 4793 622 4847 vocari
664 4794 944 4858 lieeatem,
978 4794 1027 4847 id
1064 4803 1176 4861 est,
1208 4793 1360 4864 quasi
1382 4794 1614 4849 animam
1647 4794 1923 4848 universa-

326 4884 433 4938 lem
465 4884 721 4938 mundum
768 4893 1039 4955 regentem
1064 4925 1079 4950 ,
1128 4892 1183 4939 et
1221 4901 1385 4938 unum
1432 4885 1695 4954 quoddam
1724 4885 1923 4939 animal

330 4978 629 5030 facientem.
686 4976 1053 5045 Eumdetuque
1106 4975 1362 5030 mundum
1392 4985 1647 5029 mternum
1696 4984 1816 5030 eSSe
1844 4976 1925 5030 di-

327 5069 487 5131 citis,
549 5081 762 5135 semper
795 5066 1071 5130 futurum,
1125 5065 1283 5121 finem
1333 5082 1440 5121 non
1488 5066 1814 5122 habiturum.
1867 5068 1925 5125 Si

330 5178 458 5232 ergo
485 5170 718 5215 aeternus
744 5170 825 5216 est
850 5161 1082 5215 mundus
1102 5203 1118 5227 ,
1167 5170 1221 5216 et
1249 5162 1368 5217 sine
1414 5159 1518 5215 fine
1546 5169 1726 5216 manet
1775 5178 1929 5216 mun-

330 5253 460 5319 dus,
495 5260 551 5307 et
568 5254 766 5307 animal
795 5261 878 5308 est
906 5253 1167 5318 mundus;
1208 5253 1382 5308 anima
1410 5253 1507 5307 ista
1542 5268 1754 5323 semper
1774 5262 1927 5309 tene-

332 5355 416 5399 tur
458 5347 512 5400 in
544 5346 744 5401 mundo
775 5355 959 5402 :certe
1005 5361 1200 5418 corpus
1250 5354 1334 5402 est
1380 5361 1541 5403 omne
1585 5347 1932 5420 fugiendum?

328 5438 472 5506 Quid
505 5447 587 5493 est
610 5438 752 5510 quod
779 5439 997 5495 dicebas
1016 5482 1031 5507 ,
1064 5437 1269 5509 Corpus
1294 5446 1376 5494 est
1399 5453 1559 5493 omne
1584 5439 1933 5511 fugiendum?

334 5532 447 5603 Ego
476 5532 599 5587 dico
624 5532 808 5587 beatas
838 5535 1043 5588 animas
1072 5532 1496 5602 incorruptibilia
1522 5547 1746 5604 corpora
1792 5550 1934 5591 sem-

395 5648 411 5679 ι
441 5648 608 5705 Abest,
629 5645 881 5709 posterius,
907 5648 968 5695 ab
986 5654 1061 5697 Fr.
1088 5646 1235 5709 Lugd.
1261 5654 1380 5709 ven.
1407 5652 1517 5695 Lor.
1584 5653 1640 5709 Μ.

396 5708 683 5775 "Er._t.ug'd.
715 5718 765 5758 et
792 5718 928 5769 \‘en.,
952 5716 1004 5775 Et
1024 5708 1219 5775 prorsus
1242 5708 1285 5758 si
1302 5722 1475 5771 corpus
1498 5708 1841 5775 qualecumque
1864 5716 1937 5763 est

326 5770 636 5840 [ugiemlugm
683 5784 774 5820 non
798 5779 867 5822 est
892 5780 938 5822 ut
975 5770 1141 5821 laudes
1164 5770 1268 5834 ejus
1299 5784 1489 5835 corpus.
1512 5770 1655 5837 'Lov.,
1679 5770 1772 5823 nari
1791 5781 1861 5826 est
1885 5781 1937 5827 ttt

330 5832 511 5897 laudes
534 5832 583 5897 ei
605 5847 795 5897 corpus.
865 5841 922 5883 bl.

398 5894 474 5960 (a)
500 5895 618 5946 vide
640 5890 706 5946 de
724 5897 922 5949 civitate
947 5895 1032 5948 Dei
1056 5890 1142 5947 lib.
1160 5895 1248 5959 9.2,
1273 5908 1377 5961 cap.
1404 5894 1481 5946 26.

1740 390 1969 447 SERMO
2009 384 2253 446 CCXLI].

3462 384 3607 450 1138

2024 520 2117 576 per
2142 505 2434 562 habituras.
2463 505 2543 562 Tu
2569 505 2659 577 qui
2685 505 2839 572 dicis,
2879 503 3089 577 Corpus
3114 515 3196 563 est
3215 523 3377 565 omne
3404 509 3611 581 fugien-

2019 598 2175 667 dum,
2203 600 2388 656 occide
2416 599 2699 655 mundum.
2740 600 2820 656 Tu
2847 600 2982 656 dicis
3019 610 3080 657 ut
3126 600 3324 673 fugiam
3352 602 3420 658 de
3445 618 3609 660 carne

2019 707 2136 746 mea
2170 710 2183 747 :
2211 691 2373 763 fugiat
2400 692 2606 763 Jupiter
2641 701 2762 748 tuus
2788 693 2853 748 de
2880 693 3020 749 caelo
3045 702 3099 748 et
3122 702 3285 750 terra.

2086 783 2311 840 CAPUT
2351 784 2484 840 Vlll.
2513 815 2587 826 —
2611 785 2664 841 8.
2706 786 2928 841 Rursum
2953 802 3017 841 ea;
3041 784 3276 842 Platonis
3299 787 3458 843 verbis
3481 805 3607 843 con-

2015 879 2228 948 futatur.
2274 875 2411 945 Quid
2462 877 2601 947 quod
2647 860 2969 933 invenimus.
2997 878 3242 933 eumdem
3291 878 3607 945 Platonem,

2015 970 2325 1040 magistrum
2369 970 2592 1025 istorum
2644 972 2914 1036 omnium,
2948 971 3000 1025 in
3041 972 3178 1027 libro
3212 972 3451 1040 quodam
3510 991 3608 1029 suo

2014 1076 2171 1130 quem
2198 1062 2412 1132 scripsit
2435 1062 2502 1118 de
2530 1063 2905 1118 constitutione
2923 1063 3127 1129 mundi,
3154 1063 3409 1119 inducere
3441 1066 3605 1120 Deum

2013 1150 2383 1209 fabricator-em
2414 1154 2636 1209 deorum
2660 1195 2673 1219 ,
2709 1155 2985 1209 facientem
3040 1155 3243 1210 scilicet
3288 1155 3417 1209 deos
3448 1158 3608 1211 οίιιιυ-

2014 1254 2158 1314 stes,
2214 1247 2393 1302 stellas
2444 1263 2673 1314 omnes,
2718 1248 2884 1302 solem
2915 1258 2970 1303 et
3017 1250 3240 1304 lunam?
3300 1250 3435 1304 Dicit
3480 1267 3610 1319 ergo

2014 1339 2180 1394 Deum
2211 1342 2454 1410 opificem
2483 1342 2704 1395 deorum
2736 1342 3030 1398 caelestium
3058 1363 3071 1398 :
3098 1344 3225 1399 dicit
3254 1345 3397 1413 ipsas
3427 1347 3610 1399 stellas

2014 1431 2212 1489 habere
2241 1435 2445 1489 animas
2468 1435 2853 1490 intellectuales
2876 1477 2891 1501 ,
2920 1452 3038 1506 quae
3079 1438 3377 1508 intelligunt
3405 1441 3569 1495 Deum
3591 1483 3607 1505 ,

2015 1535 2072 1581 et
2100 1542 2324 1596 corpora
2357 1528 2583 1582 visibilia
2611 1544 2729 1598 qua:
2770 1539 3081 1583 cernuntur.
3119 1531 3277 1594 Dico,
3313 1540 3368 1585 ut
3415 1532 3603 1587 intelliv

2013 1619 2147 1689 gatis
2178 1638 2191 1673 :
2222 1619 2313 1674 Sol
2364 1620 2461 1673 iste
2509 1636 2667 1690 quem
2718 1620 2948 1687 videtis,
2993 1636 3098 1675 non
3148 1622 3451 1689 videretur,
3508 1625 3607 1678 nisi

2014 1724 2211 1779 corpus
2234 1718 2375 1765 esset
2408 1728 2419 1763 :
2452 1711 2552 1765 hoc
2580 1727 2763 1766 verum
2792 1721 2893 1766 est.
2924 1710 3090 1766 Stella
3119 1712 3220 1765 ulla
3251 1714 3330 1767 vel
3355 1714 3473 1767 luna
3503 1731 3610 1769 non

2015 1788 2318 1869 videretur,
2352 1804 2451 1858 nisi
2483 1819 2676 1874 Corpus
2715 1815 2898 1860 esset:
2928 1820 3113 1859 verum
3138 1805 3288 1861 dicit.
3330 1806 3452 1861 Ideo
3482 1809 3613 1863 dicit

2014 1905 2068 1948 et
2107 1896 2422 1965 Apostolus:
2451 1895 2509 1948 Et
2532 1912 2745 1964 corpora
2766 1898 3002 1962 caelestia,
3031 1906 3078 1951 et
3099 1915 3313 1967 corpora
3336 1900 3609 1955 terrestria.

2016 1984 2080 2039 Et
2107 1987 2347 2055 sequitur
2378 2005 2390 2038 :
2433 1988 2547 2040 Alia
2572 1987 2737 2058 gloria
2759 1988 3068 2055 caelestium,
3101 1990 3203 2043 alia
3220 2000 3265 2043 et
3284 1993 3610 2045 terrestrium.

2014 2078 2080 2133 Et
2109 2094 2292 2132 rursus
2318 2078 2501 2134 dicens
2527 2078 2599 2134 de
2629 2080 2793 2149 gloria
2821 2080 3121 2135 coalestium
3154 2097 3438 2151 corporum
3467 2084 3614 2152 Apo-

2015 2171 2182 2225 stolus
2222 2171 2493 2239 adjunxit,
2527 2181 2580 2225 et
2607 2172 2682 2225 ait
2711 2190 2722 2225 :
2751 2171 2868 2225 Alia
2894 2174 3057 2243 gloria
3101 2175 3256 2240 solis,
3303 2174 3408 2229 alia
3452 2177 3616 2247 gloria

2016 2262 2152 2316 lunae
2173 2306 2187 2328 ,
2244 2264 2347 2315 alia
2375 2264 2538 2335 gloria
2567 2264 2847 2317 stellarum.
2880 2264 3044 2320 Stella
3069 2265 3203 2319 enim
3233 2266 3295 2320 ab
3334 2268 3479 2321 stella
3507 2268 3615 2340 dif-

2014 2358 2109 2425 fert
2134 2355 2184 2407 in
2206 2355 2365 2424 gloria
2397 2371 2414 2407 :
2444 2356 2515 2408 sic
2546 2364 2591 2408 et
2618 2356 2915 2409 resurrectio
2947 2366 3263 2411 mortuorum
3290 2357 3334 2425 (1
3360 2357 3478 2413 Cor.
3507 2374 3578 2413 xv
3596 2400 3612 2424 ,

2014 2446 2224 2519 40-42).
2284 2447 2488 2502 Videtis
2514 2447 2637 2517 quia
2670 2448 2931 2517 promissa
2973 2456 3056 2503 est
3084 2457 3388 2504 sanctorum
3418 2464 3615 2521 corpo-

2015 2539 2161 2594 ribus
2186 2539 2402 2594 claritas
2423 2582 2437 2605 ,
2487 2547 2541 2594 et
2568 2539 2777 2596 diversa
2808 2542 3016 2609 species
3037 2542 3293 2597 claritatis
3313 2585 3327 2606 ,
3368 2544 3488 2613 quia
3530 2544 3616 2600 di-

2014 2646 2167 2685 versa
2218 2640 2341 2686 sunt
2383 2631 2569 2687 merita
2599 2631 2894 2688 charitatis.
2949 2632 3057 2688 Sed
3099 2634 3173 2688 illi
3219 2633 3345 2704 quid
3392 2635 3616 2691 dicunt?

2015 2722 2195 2778 Stella:
2226 2724 2340 2779 ista:
2367 2738 2500 2793 quas
2530 2724 2718 2779 videtis
2740 2765 2755 2790 ,
2787 2740 3010 2795 corpora
3061 2725 3274 2795 quidem
3324 2735 3478 2793 sunt,
3521 2728 3616 2785 sed

2014 2814 2213 2870 habent
2242 2830 2365 2870 suas
2389 2816 2594 2869 animas
2619 2815 3010 2871 intellectuales
3030 2858 3044 2883 ,
3077 2825 3133 2872 et
3156 2827 3277 2873 sunt
3304 2818 3397 2873 dii.
3440 2820 3615 2874 Inter-

2021 2910 2089 2962 im
2119 2908 2184 2961 de
2207 2908 2519 2977 corporibus
2544 2950 2558 2976 ,
2586 2909 2708 2979 quia
2752 2924 2980 2979 corpora
3010 2919 3134 2964 sunt
3151 2954 3167 2979 ,
3194 2927 3377 2967 verum
3399 2913 3615 2969 dicunt:

2016 3000 2110 3055 sed
2144 3010 2320 3054 utrum
2374 2999 2609 3055 habeant
2659 3001 2866 3055 animas
2916 3017 3073 3069 suas,
3129 3005 3313 3073 utquid
3359 3005 3619 3061 discutio?

2016 3091 2172 3145 Modo
2196 3092 2470 3146 veniamus
2491 3091 2556 3147 ad
2586 3107 2720 3148 rem.
2745 3092 3017 3148 inducitur
3038 3095 3178 3150 Deus
3197 3111 3227 3150 a
3257 3096 3479 3153 Platone
3503 3099 3620 3170 ipso

2016 3183 2210 3252 alloqui
2239 3182 2391 3250 deos,
2424 3198 2557 3253 quos
2582 3181 2709 3239 fecit
2737 3184 2805 3239 de
2829 3186 3095 3255 corporali
3121 3196 3175 3241 et
3201 3187 3269 3242 de
3294 3188 3621 3259 incorporali

2017 3274 2341 3337 substantia,
2402 3283 2561 3343 atque
2616 3274 2757 3330 inter
2786 3283 2982 3330 caetera
3012 3276 3194 3333 dicere
3238 3277 3380 3333 illis:
3417 3298 3436 3331 ι
3471 3281 3620 3349 Quo-

2017 3366 2158 3420 niam
2190 3366 2317 3419 estis
2348 3367 2470 3427 orti,
2495 3366 2826 3423 immortales
2852 3384 2973 3424 esse
2993 3380 3047 3425 et
3079 3370 3478 3429 indissolubilcs
3505 3391 3615 3432 non

2020 3457 2259 3526 potestis.
2299 3475 2316 3507 ι
2348 3455 2464 3509 .fam
2497 3458 2563 3511 ad
2612 3459 2763 3511 istam
2791 3474 2976 3514 vocem
3007 3460 3078 3515 illi
3123 3462 3491 3521 intremiscere
3521 3482 3621 3536 po-

2020 3556 2213 3603 terant.
2247 3548 2460 3616 Quare?
2512 3548 2647 3616 Quia
2694 3550 3023 3604 immortalcs
3067 3567 3188 3606 esse
3217 3555 3534 3623 eripiebant,
3565 3565 3624 3613 et

2020 3641 2153 3695 mori
2184 3640 2454 3694 nolebant.
2482 3641 2622 3710 Ergo
2642 3651 2701 3695 ut
2724 3642 2801 3696 eis
2828 3642 3063 3698 auferret
3092 3644 3369 3713 timorem,
3403 3659 3622 3706 secutus

2019 3732 2260 3802 adjunxit
2280 3741 2439 3801 atque
2468 3733 2543 3787 ait
2572 3752 2584 3787 :
2624 3753 2641 3785 ι
2672 3734 2785 3788 Νοη
2815 3744 2989 3790 tamen
3013 3735 3377 3793 dissolvetniui
3400 3783 3413 3805 ,
3448 3758 3623 3813 neque

2020 3839 2115 3879 vos
2161 3824 2262 3877 ulla
2312 3825 2498 3878 mortis
2535 3824 2639 3878 fata
2668 3826 2971 3896 periment,
3024 3844 3123 3883 nec
3147 3840 3304 3885 erunt
3329 3834 3622 3892 valentiora

2022 3931 2180 3987 quam
2210 3917 2485 3970 consilium
2523 3933 2700 3972 meum
2723 3960 2737 3983 ,
2771 3918 2909 3987 quod
2941 3920 3112 3989 majus
3143 3931 3225 3977 est
3252 3924 3521 3980 vinculum
3552 3928 3623 3984 ad

2022 4008 2426 4079 perpetuitatem
2480 4019 2743 4075 vestram,
2789 4026 2946 4079 quam
3000 4013 3087 4067 illa
3139 4016 3333 4085 quibus
3383 4018 3619 4091 colligati

2022 4100 2173 4156 estis.
2212 4119 2231 4152 ι
2266 4098 2403 4154 Ecce
2450 4101 2589 4155 Deus
2628 4101 2719 4156 dat
2761 4104 3106 4159 securitatem
3154 4106 3257 4163 diis
3282 4124 3313 4163 a
3343 4125 3401 4165 se
3431 4110 3620 4169 factis:

2023 4194 2363 4248 securitatem
2392 4194 2499 4249 illis
2542 4194 2635 4249 dat
2666 4196 3118 4264 immortalitatis;
3149 4202 3487 4259 securitatem
3520 4206 3625 4264 illis

2023 4283 2146 4348 dat,
2175 4283 2315 4354 quod
2361 4300 2467 4339 non
2493 4284 2796 4354 relinquant
2822 4286 3008 4357 globos
3049 4304 3335 4360 corporum
3380 4310 3621 4352 suorum.

2024 4374 2183 4430 Certe
2211 4390 2403 4445 corpus
2447 4383 2529 4430 est
2552 4392 2710 4431 omne
2741 4377 3094 4449 fugiendum?
3139 4382 3405 4452 Quantum
3435 4389 3626 4444 existi-

2026 4482 2153 4532 mo,
2185 4481 2500 4536 responsum
2548 4476 2630 4522 est
2672 4468 2805 4538 illis,
2853 4470 2992 4525 sicut
3023 4472 3323 4545 intelligere
3362 4480 3623 4546 potestis:

2028 4562 2165 4617 sicut
2200 4572 2253 4615 et
2278 4576 2373 4616 nos
2400 4562 2545 4632 loqui
2571 4577 2888 4633 possumus,
2915 4575 3167 4636 quantum
3209 4568 3335 4623 hora
3360 4574 3626 4628 sermonis

2029 4652 2322 4723 permittit,
2349 4661 2603 4722 quantum
2630 4663 2806 4708 vestra
2832 4658 3098 4725 capacitas
3127 4658 3274 4722 sinit,
3311 4673 3625 4729 responsum

2034 4753 2118 4801 est
2148 4744 2247 4799 eis.
2272 4743 2519 4799 Jamvero
2559 4743 2685 4815 quid
2726 4755 2781 4800 et
2811 4746 2907 4817 ipsi
2939 4747 3117 4802 dicant
3140 4748 3207 4802 de
3237 4752 3629 4809 resurrectione

2030 4854 2313 4909 corporum
2343 4838 2491 4908 quasi
2515 4848 2668 4893 acute
2692 4880 2705 4904 ,
2741 4849 2799 4893 ut
2829 4856 2933 4895 non
2962 4843 3038 4896 eis
3062 4883 3074 4905 ,
3102 4843 3589 4903 sicutarbitrantur
3610 4890 3627 4914 ,

2034 4934 2196 4987 etiam
2219 4945 2316 4984 nos
2344 4925 2671 5001 respondere
2700 4934 2966 5001 possimus
2985 4977 2998 4999 ,
3037 4937 3258 4990 multum
3289 4948 3371 4992 est
3392 4948 3445 4993 ut
3469 4940 3629 4996 hodie

2033 5022 2185 5077 vobis
2211 5020 2402 5075 dicam.
2431 5021 2537 5075 Sed
2561 5023 2681 5091 quia
2708 5024 2874 5078 semei
2899 5024 3119 5093 promisi
3146 5027 3295 5082 vobis
3318 5069 3333 5095 ,
3374 5044 3471 5100 per
3495 5030 3629 5087 istos

2034 5117 2150 5173 dies
2175 5116 2326 5170 istam
2370 5115 2437 5170 de
2468 5116 2856 5172 resurrectione
2895 5119 3069 5172 carnis
3111 5120 3459 5189 qum-stionem
3508 5139 3631 5181 esse

2039 5207 2355 5264 versandam
2376 5249 2392 5274 ,
2423 5206 2489 5261 ad
2531 5222 2591 5262 ea
2620 5222 2737 5276 qua:
2783 5217 3012 5272 restant,
3043 5209 3327 5280 adjuvante
3366 5213 3629 5284 Domino,

2038 5311 2094 5358 et
2120 5316 2277 5357 aures
2302 5308 2357 5357 et
2373 5299 2535 5355 corda
2565 5300 2616 5354 in
2638 5301 2924 5355 crastinum
2958 5313 3274 5373 praeparate.

2519 5390 2749 5447 SERMO
2785 5391 3009 5450 CCXLI!
3041 5395 3138 5467 (a).

2480 5486 2533 5529 In
2548 5480 2726 5532 diebus
2743 5484 3062 5547 Paschalibus,
3080 5501 3181 5538 xm.

2187 5568 2263 5622 De
2291 5566 2675 5622 Resurrectione
2701 5585 2969 5639 corporum
2990 5614 3004 5637 ,
3036 5584 3211 5629 contra
3248 5574 3485 5633 Gentiles.

2115 5658 2338 5715 CAPUT
2379 5656 2663 5713 PRIMUM.
2688 5691 2758 5701 —
2788 5663 2838 5715 1.
2866 5664 3262 5721 Resurrectionis
3299 5670 3426 5739 ﬁdes
3464 5672 3629 5726 mani-

2046 5777 2127 5888 ”:
2146 5770 2441 5884 mepﬁtus
2462 5770 2521 5821 ad
2564 5772 2688 5823 duos
2708 5774 2786 5825 cb.
2813 5777 2873 5827 ad
2894 5777 2942 5828 d.
2966 5791 3042 5843 gr.
3064 5792 3107 5829 r.
3128 5787 3165 5833 t.
3190 5794 3239 5833 v.
3258 5781 3339 5833 vd.
3365 5791 3417 5834 et
3435 5782 3497 5834 ad
3522 5791 3627 5837 Am.

2109 5898 2182 5960 (a)
2207 5896 2344 5957 Alias,
2371 5897 2435 5948 de
2458 5903 2694 5963 Tempore
2720 5897 2821 5953 H7.
