4056 6450
444 409 587 485 1139

447 548 574 616 festo
608 546 846 613 probata,
887 542 1227 617 imprudenter
1264 545 1323 611 ab
1367 543 1648 599 hominibus
1682 541 2026 615 impugnatur.

348 639 353 643 ‘
420 636 645 693 [Diebus
687 638 768 695 his
814 640 1011 695 sanctis
1060 636 1439 695 resurrectioni
1482 636 1690 691 Domini
1736 633 2027 701 dedicatis,

447 740 700 798 quantum
733 731 963 787 donante
1003 731 1117 801 ipso
1147 745 1459 801 possumus,
1490 728 1557 784 de
1585 727 1759 785 carnis
1787 740 2029 782 resurre-

446 819 623 875 ctione
651 829 954 877 tractemus.
985 818 1109 877 Haec
1134 823 1277 876 enim
1308 821 1438 877 ﬁdes
1463 830 1545 876 est
1570 830 1771 883 nostra,
1804 818 1906 873 hoc
1936 816 2033 872 do-

447 924 575 966 num
618 912 668 966 in
716 914 924 968 tioniini
957 914 1121 968 nostri
1148 913 1271 970 Jesu
1302 912 1497 969 Christi
1542 911 1694 966 nobis
1719 924 1880 965 carne
1911 924 2034 978 pro-

450 1004 669 1059 missum
708 1014 818 1071 est,
862 1016 914 1062 et
952 1007 1001 1061 in
1036 1008 1150 1076 ipso
1191 1005 1460 1076 prmcessit
1504 1003 1824 1073 exemplum.
1855 999 2034 1056 Voluit

451 1096 592 1151 enim
623 1096 776 1152 nobis
796 1097 937 1169 quod
964 1098 1203 1168 promisit
1233 1098 1284 1151 in
1309 1097 1434 1163 line,
1460 1112 1562 1151 non
1588 1096 1755 1149 solum
1786 1108 2035 1165 praenun-

452 1187 616 1255 tiare,
659 1188 753 1244 sed
801 1189 959 1244 etiam
988 1189 1375 1244 demenstrare.
1422 1188 1500 1242 illi
1549 1186 1759 1258 quidem
1790 1185 1876 1257 qui
1908 1191 2034 1239 tunc

455 1279 664 1334 I'uerunt
689 1294 809 1335 cum
841 1281 949 1347 illo,
978 1280 1249 1345 viderunt;
1282 1290 1476 1336 etcum
1504 1283 1949 1348 expavescerent,
1982 1285 2036 1330 et

454 1370 692 1441 spiritum
720 1382 779 1427 se
800 1371 978 1427 videre
1004 1371 1305 1439 crederent,
1333 1372 1654 1426 soliditatem
1686 1369 1924 1441 corporis
1952 1378 2033 1425 te-

453 1472 701 1518 nuerunt.
728 1463 957 1519 Locutus
983 1472 1067 1519 est
1095 1464 1235 1518 enim
1260 1478 1361 1518 non
1391 1463 1563 1518 solum
1586 1462 1765 1517 verbis
1784 1460 1849 1516 ad
1877 1476 2033 1517 aures

455 1566 633 1611 eorum
656 1596 671 1623 ,
703 1556 797 1611 sed
833 1556 996 1612 etiam
1036 1555 1213 1627 specie
1258 1554 1325 1610 ad
1351 1555 1532 1610 oculos
1560 1570 1746 1610 eorum
1771 1574 1785 1610 :
1813 1568 2033 1627 parum-

453 1658 555 1719 que
582 1659 698 1704 erat
734 1665 793 1705 se
820 1649 1059 1720 praebere
1086 1648 1410 1705 cernendum
1431 1690 1446 1714 ,
1479 1648 1580 1703 nisi
1622 1648 1779 1702 etiam
1820 1647 2036 1703 offerret

451 1741 878 1812 pertractandum
927 1749 1087 1813 atque
1137 1741 1476 1812 palpandum.
1530 1741 1617 1796 Ait
1659 1742 1849 1796 enim:
1898 1740 2036 1807 Quid

452 1831 636 1887 turbati
662 1834 812 1901 estis,
842 1842 889 1887 et
914 1833 1236 1905 cogitationes
1264 1833 1538 1886 ascendunt
1580 1833 1632 1887 in
1659 1849 1744 1887 car
1769 1833 2027 1887 vestrum?

449 1923 775 1981 Putaverunt
809 1925 949 1981 enim
996 1941 1055 1979 se
1100 1925 1343 1995 spiritum
1382 1924 1583 1979 videre.
1621 1944 1638 1976 ι
1666 1925 1801 1994 Quid
1840 1927 2034 1983 turbati

449 2018 598 2084 estis,
617 2019 805 2089 inquit,
828 2026 880 2074 et
901 2018 1247 2090 cogitationes
1268 2018 1560 2074 ascendunt
1581 2020 1631 2073 in
1654 2036 1746 2074 eor
1768 2022 2036 2077 vestrum?

448 2110 639 2166 Videte
663 2127 851 2166 manus
874 2128 1018 2166 meas
1041 2123 1094 2168 et
1116 2111 1276 2183 pedes
1298 2127 1478 2168 meos:
1508 2113 1739 2184 palpate,
1764 2120 1817 2167 et
1837 2113 2031 2180 videte,

448 2202 569 2272 quia
599 2202 814 2272 spiritus
842 2218 960 2258 ossa
992 2211 1044 2257 et
1069 2218 1285 2259 carnem
1316 2219 1423 2258 non
1452 2203 1640 2270 habet,
1676 2203 1813 2258 sicut
1840 2220 1925 2259 me
1954 2205 2033 2259 vi-

448 2294 584 2349 detis
617 2295 832 2351 habere.
861 2315 878 2347 ›
905 2294 1103 2351 Contra
1128 2296 1279 2351 istam
1298 2296 1617 2351 evidentiam
1640 2297 1913 2368 disputant
1936 2297 2035 2352 ho-

446 2387 639 2441 mlnes.
664 2386 801 2456 Quid
825 2387 964 2443 enim
995 2386 1138 2443 aliud
1167 2386 1403 2443 facerent
1424 2387 1690 2456 homines,
1721 2390 1809 2463 qui
1832 2406 1892 2449 ea
1918 2406 2036 2460 quae

447 2487 573 2535 sunt
618 2481 891 2536 hominum
938 2482 1181 2553 sapiunt,
1231 2498 1389 2553 quam
1440 2481 1773 2553 disputarem
1809 2482 1876 2539 de
1926 2485 2036 2540 Deo

447 2582 630 2627 contra
658 2573 866 2627 Deum?
892 2573 984 2628 ille
1011 2574 1152 2629 enim
1182 2572 1322 2629 Deus
1360 2580 1471 2641 est,
1506 2574 1581 2629 illi
1614 2576 1855 2630 homines
1891 2585 2033 2629 sunt.

445 2663 551 2720 Sed
581 2664 719 2719 Deus
744 2666 880 2719 novit
913 2666 1236 2737 cogitationes
1278 2664 1533 2720 hominum
1554 2708 1569 2733 ,
1620 2669 1857 2738 quoniam
1895 2685 2039 2731 rana:

446 2764 566 2810 sunt
596 2755 768 2825 (Psal.
802 2770 945 2823 xcm,
976 2757 1087 2830 11).
1124 2759 1179 2812 ln
1222 2759 1435 2813 homine
1470 2760 1665 2814 carnali
1708 2768 1814 2814 tota
1854 2761 2037 2829 regula

399 2861 407 2871 ’
447 2846 779 2918 intelligendi
804 2856 887 2903 est
908 2848 1238 2904 consuetudo
1263 2849 1537 2905 cernendi.
1568 2850 1721 2918 Quod
1749 2850 1926 2905 solent
1952 2850 2034 2905 vi—

446 2937 611 3007 dere,
641 2939 902 2994 credunt:
933 2941 1071 3010 quod
1101 2957 1205 2995 non
1237 2943 1444 3008 solent,
1475 2956 1578 2996 non
1608 2943 1853 2999 credunt.
1888 2942 2035 2999 Prae-

449 3037 533 3085 ter
580 3029 1021 3086 consuetudinem
1071 3030 1197 3086 facit
1246 3032 1386 3086 Deus
1430 3032 1715 3100 miracula,
1746 3034 1869 3103 quia
1898 3035 2037 3090 Deus

446 3127 550 3179 est.
595 3121 794 3192 Maiora
819 3122 1032 3192 quidem
1074 3124 1327 3178 miracula
1354 3133 1510 3190 sunt,
1544 3131 1623 3178 tot
1659 3126 1895 3195 quotidie
1934 3125 2034 3182 ho-

442 3213 622 3269 mines
672 3214 818 3269 nasci
872 3214 962 3284 qui
1004 3229 1109 3269 non
1154 3224 1345 3280 erant,
1403 3231 1564 3287 quam
1612 3232 1811 3288 paucos
1857 3233 2038 3275 resur-

443 3305 652 3362 rexisse
702 3306 792 3377 qui
849 3315 1001 3362 erant
1044 3325 1056 3361 :
1109 3314 1165 3363 et
1215 3315 1392 3381 tamen
1461 3310 1560 3365 ista
1617 3313 1871 3370 miracula
1927 3329 2035 3369 non

444 3398 876 3456 consideratione
905 3396 1290 3473 comprehensa
1319 3409 1467 3465 sunt,
1501 3402 1594 3457 sed
1618 3403 1926 3459 assiduitate
1954 3406 2035 3459 vi-

445 3491 679 3549 luerunt.
706 3493 1015 3549 Resurrexit
1038 3492 1302 3557 Christus,
1330 3494 1568 3550 absoluta
1597 3511 1685 3551 res
1706 3505 1807 3551 est.
1832 3495 2036 3571 Corpus

446 3595 582 3653 erat,
613 3600 738 3643 caro
764 3596 904 3655 erat,
950 3587 1199 3658 pependit
1229 3588 1279 3642 in
1309 3602 1468 3643 cruce
1488 3630 1501 3655 ,
1544 3589 1722 3645 emisit
1764 3592 1991 3645 animam
2014 3633 2031 3665 ,

418 3680 616 3750 ‘posita
644 3687 727 3735 est
756 3680 773 3712 ¹
824 3680 875 3734 in
924 3672 1188 3752 sepulcro.
1222 3680 1476 3735 Exhibuit
1516 3678 1656 3737 illam
1696 3684 1903 3753 vivam,
1944 3687 2033 3757 qui

441 3769 656 3826 vivebat
680 3770 731 3825 in
757 3771 860 3825 illa.
886 3771 1060 3840 Quare
1084 3770 1372 3825 miramur?
1398 3770 1571 3839 Quare
1599 3788 1702 3827 non
1732 3772 2034 3831 credimus?

442 3861 586 3919 Deus
627 3869 708 3920 est
736 3865 825 3941 qui
856 3864 1016 3919 fecit:
1048 3862 1326 3919 considera
1356 3872 1658 3933 auctorem,
1693 3874 1747 3921 et
1778 3867 1901 3923 tolle
1931 3868 2031 3923 du-

441 3948 774 4014 bitationem.

515 4048 743 4106 CAPUT
781 4050 845 4105 ll.
881 4080 950 4092 -—
974 4049 1027 4104 2.
1059 4049 1248 4105 Contra
1286 4050 1695 4105 resurrectionem
1732 4052 1898 4108 carnis
1941 4055 2032 4109 ob-

433 4141 673 4208 tendunt,
703 4141 765 4197 Si
784 4143 1038 4213 corruptio
1064 4159 1162 4196 non
1185 4141 1294 4207 erit,
1318 4157 1407 4195 cur
1427 4141 1846 4199 manducabitur?
1872 4144 2031 4213 Qua)—

441 4243 572 4291 runt
612 4248 740 4303 ergo
782 4231 1054 4297 homines,
1103 4240 1280 4287 utrum
1317 4233 1587 4302 corruptio
1632 4232 1728 4286 ista
1760 4237 2029 4307 corporis,

443 4342 603 4400 quam
623 4327 860 4383 sentlunt
882 4328 932 4381 in
955 4342 1114 4401 carne
1141 4343 1255 4394 sua,
1281 4325 1454 4382 futura
1478 4328 1546 4382 sit
1567 4328 1618 4381 in
1644 4333 2035 4399 resurrectione

441 4429 797 4477 mortuorum.
821 4418 1054 4474 Dicimus
1075 4434 1179 4473 non
1205 4419 1452 4475 futuram.
1478 4417 1822 4490 Respondent
1843 4420 2028 4479 nobis:

442 4511 498 4569 Si
525 4510 796 4581 corruptio
819 4526 921 4565 non
947 4510 1065 4574 erit,
1090 4524 1257 4580 quare
1278 4510 1715 4564 manducabitur?
1738 4511 1842 4563 Aut
1860 4512 1903 4565 si
1926 4528 2031 4566 non

442 4604 871 4670 manducabitur,
914 4616 1079 4673 quare
1123 4611 1242 4671 post
1287 4603 1730 4657 resurrectionem
1776 4603 2032 4660 Dominus

442 4690 814 4751 manducavit?
844 4690 1000 4749 Modo
1038 4694 1375 4764 Evangelium
1411 4710 1529 4748 eum
1559 4692 1846 4765 legeretur,
1879 4695 2031 4751 audi-

442 4789 636 4855 vimus,
669 4790 790 4860 quia
833 4803 953 4842 cum
982 4787 1259 4842 exhiberet
1285 4801 1342 4841 se
1368 4785 1545 4839 vivum
1572 4787 1739 4841 oculis
1762 4787 2032 4843 manibus-

443 4899 547 4955 que
589 4881 969 4952 discipulorum
1018 4894 1264 4941 suorum,
1320 4893 1506 4948 parum
1547 4878 1621 4933 illi
1658 4879 1828 4935 visum
1862 4881 2031 4938 estad

443 4973 911 5031 demonstrandam
944 4971 1261 5027 evidentiam
1284 4969 1618 5041 corporalem
1645 4989 1657 5025 :
1687 4971 1779 5027 sed
1806 4972 2031 5057 addidit,

446 5066 656 5121 Habetis
685 5066 766 5119 hic
803 5063 995 5135 aliquid
1021 5063 1155 5136 quod
1190 5063 1561 5117 mandaretur?
1589 5062 1656 5117 Et
1680 5062 1963 5119 obtulerunt
1987 5066 2034 5122 ei

444 5164 641 5232 partem
666 5158 819 5231 piscis
842 5156 943 5212 assi
962 5198 975 5223 ,
1018 5164 1064 5210 et
1093 5156 1264 5226 favum
1292 5154 1455 5209 mellis
1477 5170 1495 5207 :
1524 5162 1573 5209 et
1599 5155 1948 5222 manducavit,
1986 5165 2032 5212 et

442 5251 680 5324 reliquias
720 5250 857 5308 dedit
896 5248 1000 5305 illis
1041 5246 1205 5323 (Luc.
1242 5264 1386 5313 xxxv,
1419 5248 1642 5319 57-43).
1673 5248 1877 5303 Dicitur
1905 5265 2031 5319 ergo

443 5344 642 5417 nobis:
690 5343 745 5397 Si
794 5340 1064 5417 corruptio
1105 5338 1345 5413 corporis
1389 5353 1496 5394 non
1541 5332 1814 5409 resurget,
1866 5354 2031 5409 quare

442 5434 784 5491 manducavit
807 5434 1063 5489 Dominus
1090 5430 1366 5487 Christus?
1392 5430 1619 5505 Legistis
1643 5432 1763 5501 quia
1804 5432 2029 5487 mandu-

440 5526 613 5592 cavit,
652 5524 910 5599 numquid
947 5522 1149 5595 legistis
1188 5522 1308 5594 quia
1335 5521 1587 5578 esurit-it?
1617 5521 1769 5591 Quod
1803 5524 2028 5579 mandu-

440 5616 612 5683 cavit,
654 5615 933 5686 potestatis
976 5614 1105 5682 l'uit,
1134 5629 1241 5669 non
1282 5613 1553 5685 egestatis.
1604 5612 1661 5670 Si
1705 5612 2032 5673 desideraret

443 5708 784 5775 manducare,
812 5716 1011 5780 egeret.
1035 5709 1240 5764 Rursus
1278 5708 1323 5763 si
1350 5708 1673 5765 manducare
1697 5724 1802 5764 non
1824 5718 2026 5782 posset,

443 5844 554 5961 “tu
567 5844 797 5961 sapam,
815 5856 1035 5956 0:170.—
1062 5852 1209 5903 Quam
1246 5855 1418 5896 vocem
1457 5845 1736 5909 exprimunt
1766 5852 1844 5903 Er.
1880 5845 2024 5917 Lugd.

558 5944 571 5959 .
595 5921 626 5960 e
731 5921 779 5959 v.
889 5942 903 5957 .
1288 5947 1292 5950 ‹

558 5944 571 5959 ι
595 5921 650 5960 ει
667 5921 779 5959 ων.
846 5921 903 5957 Μ.
1288 5947 1292 5950 ‹

1683 418 1742 476 S.
1784 410 2154 474 AUGUSTINI
2192 408 2498 466 EPlSCOPl

3584 404 3716 467 1111)

2137 533 2314 589 minus
2341 532 2560 587 valeret.
2600 526 2865 601 Numquid
2907 536 2961 584 et
2987 528 3208 600 Angeli,
3247 527 3461 600 quando
3488 522 3720 602 suscepti

2138 634 2261 681 sunt
2286 624 2518 695 hospitio
2545 640 2573 678 a
2603 623 2839 694 patribus
2877 622 3094 688 nostris,
3124 636 3228 675 non
3273 616 3724 679 manducavernnt

2143 717 2292 791 (Gen.
2328 726 2483 783 xvut,
2513 716 2632 782 1-9,
2662 726 2711 772 et
2735 712 2863 771 Tob.
2897 730 2995 783 xu,
3023 713 3132 786 19),
3166 722 3222 771 et
3252 721 3430 769 tamen
3455 714 3723 786 corrupti-

2139 810 2273 866 biles
2301 826 2402 865 non
2431 808 2683 867 fuerunt?
2710 831 2715 834 ο

2211 903 2264 959 '5.
2299 901 2359 958 Si
2387 903 2552 957 carnis
2578 903 2700 957 vitia
2724 917 2825 956 non
2846 909 3131 971 resurgent,
3168 917 3259 955 cur
3280 899 3332 954 in
3359 898 3563 955 Christo
3594 900 3724 955 cica-

2140 996 2302 1049 trices.
2337 994 2541 1050 Rursus
2565 992 2749 1049 dicunt
2776 1012 2789 1048 :
2812 993 3118 1063 Resurgcnt
3147 992 3270 1047 vitia
3291 1035 3307 1061 ,
3337 1008 3458 1063 quas
3488 1002 3645 1048 erant
3677 997 3724 1047 in

2140 1103 2364 1157 corpore
2388 1087 2639 1154 immane,
2664 1101 2783 1141 cum
2809 1085 2998 1156 quibus
3020 1085 3245 1139 moritur
3268 1084 3464 1139 homo?
3490 1083 3728 1155 Respon-

2140 1179 2361 1235 demus:
2389 1178 2503 1234 Non
2534 1184 2817 1249 rcsurgent
2839 1177 2986 1233 vitia.
3014 1176 3083 1231 Et
3107 1175 3302 1231 dicitur
3330 1176 3483 1231 nobis
3508 1193 3522 1229 :
3555 1176 3729 1245 Quare

2139 1288 2266 1344 ergo
2287 1272 2543 1327 Dominus
2572 1287 2692 1327 cum
2719 1286 2937 1326 suorum
2966 1269 3245 1324 vulnerum
3274 1269 3614 1324 cicatricibus
3646 1285 3729 1323 rc-

2140 1364 2415 1419 surrexit?
2443 1363 2577 1432 Quid
2609 1364 2675 1418 ad
2714 1363 2815 1418 hoc
2841 1362 3067 1417 dicimus
3086 1402 3102 1428 ,
3133 1361 3237 1416 nisi
3262 1361 3383 1432 quia
3412 1370 3469 1416 et
3511 1360 3614 1415 hoc
3643 1377 3733 1431 po-

2143 1459 2348 1513 testatis
2382 1457 2495 1526 fuit,
2518 1474 2619 1513 non
2639 1457 3008 1514 necessitatis?
3023 1455 3113 1513 Sic
3137 1470 3416 1527 resurgere
3435 1456 3630 1521 voluit,
3659 1457 3732 1510 sic

2140 1565 2200 1608 se
2244 1551 2409 1609 voluit
2458 1552 2774 1622 quibusdam
2809 1551 3172 1607 dubitantibus
3220 1550 3498 1606 exhibere.
3554 1549 3612 1605 In
3645 1548 3732 1605 illa

2140 1660 2303 1702 carne
2331 1647 2549 1701 cicatrix
2567 1645 2830 1713 vulneris,
2864 1645 3073 1700 sanavit
3095 1644 3289 1698 vulnus
3315 1643 3731 1699 incredulitatis.

2211 1738 2435 1796 CAPUT
2476 1737 2563 1794 Ill.
2597 1766 2671 1780 ——
2714 1739 2767 1793 4.
2817 1737 3161 1792 Parvulorum
3204 1737 3501 1792 resurrectio
3544 1737 3732 1808 qualis.

2140 1832 2329 1888 Adhuc
2357 1831 2667 1902 disputant,
2714 1839 2769 1887 et
2805 1840 3053 1907 qumrunt
3093 1846 3125 1886 a
3164 1831 3356 1887 nobis:
3390 1830 3607 1887 Parvuli
3646 1835 3735 1905 qui

2141 1926 2461 1993 moriuntur,
2495 1925 2701 1997 parvuli
2740 1925 3093 1981 resurrecturi
3133 1925 3294 1981 sunt?
3341 1941 3407 1981 an
3453 1936 3589 1981 aetas
3637 1928 3737 1983 erit

2141 2019 2295 2089 plena
2317 2018 2766 2085 reviviscentlum,
2790 2034 3015 2089 quorum
3039 2027 3152 2074 erat
3174 2034 3333 2089 parva
3357 2020 3737 2076 morientium?

2142 2112 2254 2167 Hoc
2282 2114 2495 2184 quidem
2526 2114 2580 2167 in
2619 2113 2910 2183 Scripturis
2945 2113 3219 2168 definitum
3262 2129 3371 2168 non
3406 2114 3733 2170 invenimus.

2145 2204 2567 2275 lncorrnptibilia
2618 2219 2842 2275 corpora
2890 2212 2945 2260 et
2994 2204 3313 2259 immortalia
3366 2215 3737 2263 resurrectura

2142 2298 2404 2367 promissa
2430 2306 2572 2351 sunt.
2613 2295 2718 2353 Sed
2747 2296 2790 2352 si
2822 2310 2983 2365 parva
3008 2305 3139 2351 aetas
3168 2296 3425 2362 redditur,
3457 2296 3506 2353 si
3533 2306 3737 2353 statura

2142 2390 2330 2460 pusilla
2358 2398 2656 2455 revocatur,
2686 2388 2940 2459 numquid
2964 2396 3019 2444 et
3038 2396 3319 2459 propterea
3341 2389 3634 2446 infirmitas
3657 2406 3739 2447 re-

2142 2480 2395 2535 vocatur?
2420 2480 2475 2536 Si
2506 2480 2650 2551 parvi
2678 2487 2855 2546 erunt,
2887 2479 3138 2549 numquid
3166 2479 3441 2549 iacebunt,
3471 2488 3527 2535 et
3554 2481 3740 2535 ambu-

2144 2575 2257 2629 lare
2284 2590 2387 2629 non
2412 2574 2699 2644 poterunt?
2723 2573 3042 2629 Credibilius
3062 2583 3237 2629 tamen
3261 2573 3525 2643 accipitur
3544 2584 3601 2631 et
3622 2592 3739 2647 pro-

2144 2666 2373 2723 habilius
2398 2676 2454 2723 et
2475 2666 2859 2732 rationabilius,
2891 2667 3077 2737 plenas
3100 2672 3286 2721 aetates
3310 2676 3735 2734 resurrecturus,

2145 2769 2202 2814 ut
2228 2760 2483 2815 reddatur
2511 2774 2762 2826 munere,
2794 2757 2935 2830 quod
2965 2773 3302 2814 accessurum
3328 2768 3444 2813 erat
3474 2768 3739 2830 tempore.

2144 2851 2260 2906 Non
2280 2852 2423 2906 enim
2450 2851 2704 2906 credituri
2722 2864 2906 2907 sumus
2927 2851 3088 2906 etiam
3109 2856 3378 2906 senectam
3401 2858 3741 2906 resurrectu-

2144 2959 2259 2998 ram
2317 2944 2563 2998 anhelam
2613 2950 2668 2999 et
2719 2956 2956 2999 curvam.
3004 2942 3286 2999 Postremo
3329 2943 3738 3013 corruptionem

2145 3036 2304 3104 tolle,
2335 3043 2389 3091 et
2412 3035 2552 3106 quod
2582 3036 2662 3091 vis
2687 3036 2842 3091 adde.

2216 3129 2271 3185 5.
2301 3126 2576 3182 Terrenum
2605 3142 2789 3199 corpus
2814 3127 3063 3196 quomodo
3087 3128 3141 3182 in
3179 3126 3304 3183 creto
3332 3128 3445 3183 erit.
3476 3127 3591 3184 Sed
3613 3171 3628 3195 ,
3660 3127 3743 3183 in-

2144 3220 2283 3290 quis,
2319 3218 2588 3290 quomodo
2612 3220 2711 3273 erit
2736 3229 3002 3273 terrenum
3029 3233 3223 3289 corpus
3252 3219 3303 3273 in
3343 3220 3520 3275 coelo?
3551 3220 3713 3276 Philo

2145 3312 2298 3381 sophl
2326 3312 2467 3367 enim
2491 3312 2768 3378 Gentium,
2801 3310 2873 3365 illi
2903 3311 3058 3367 valde
3096 3312 3303 3382 magni,
3331 3328 3560 3383 quorum
3590 3314 3741 3370 vobis

2139 3405 2251 3473 jam
2278 3404 2359 3458 vel
2385 3405 2596 3458 insanas
2623 3403 2703 3457 vel
2725 3411 2873 3457 certe
2894 3402 3155 3457 humanas
3176 3405 3468 3459 sententias
3492 3405 3738 3465 intimavi

2145 3496 2492 3567 (qomslerunt
2512 3495 2707 3565 quippe
2725 3494 2823 3548 ista
2840 3508 2946 3548 non
2968 3495 3157 3563 spiritu
3176 3495 3290 3563 Dei,
3312 3496 3404 3552 sed
3422 3498 3739 3566 conjectura

2142 3589 2322 3644 cordis
2358 3588 2627 3658 humani);
2670 3586 2795 3642 hinc
2837 3587 3066 3642 maxime
3107 3588 3307 3644 faciunt
3346 3591 3735 3658 quaestionem,

2144 3690 2372 3738 tractant
2397 3681 2661 3737 subtiliter
2699 3680 2767 3737 de
2796 3681 3089 3736 momentis
3122 3680 3419 3751 ponderum
3460 3690 3513 3737 et
3545 3683 3743 3740 ordine

2142 3776 2526 3830 elementorum
2556 3791 2569 3827 :
2599 3779 2655 3827 et
2676 3772 2890 3838 dicunt,
2923 3772 3064 3842 quod
3090 3773 3250 3828 etiam
3279 3773 3545 3843 videmus,
3581 3793 3741 3831 mun-

2141 3865 2268 3920 dum
2293 3864 2371 3918 sic
2401 3879 2522 3919 esse
2543 3862 2859 3934 dispositum
2879 3904 2895 3930 ,
2923 3870 2983 3917 ut
3009 3863 3115 3918 ima
3139 3864 3208 3919 sit
3228 3874 3369 3920 terra
3396 3875 3658 3938 tanquam
3689 3868 3741 3924 in

2140 3953 2305 4009 fundo
2328 3955 2465 4026 ejus,
2489 3953 2721 4010 secunda
2748 3967 2885 4024 aqua
2910 3955 3320 4024 superfundatur
3341 3965 3515 4025 terrae,
3543 3961 3743 4017 tertius

2139 4060 2232 4101 aer
2257 4045 2453 4111 veniat,
2482 4052 2701 4116 quartus
2725 4044 2895 4101 aether
2922 4054 3115 4101 cuncta
3135 4048 3425 4117 cooperiat.
3455 4048 3598 4106 illud
3628 4052 3741 4108 ele-

2139 4148 2376 4195 mentum
2407 4152 2718 4209 supernum,
2740 4138 2884 4209 quod
2907 4139 3105 4194 aethera
3133 4140 3420 4210 appellant,
3450 4141 3636 4212 ignem
3661 4145 3744 4201 di-

2140 4241 2268 4290 cunt
2291 4247 2411 4288 esse
2448 4231 2708 4303 liquidum
2746 4240 2800 4287 et
2835 4247 3062 4302 purum,
3090 4232 3215 4288 inde
3257 4232 3431 4289 sidera
3467 4250 3598 4293 esse
3628 4238 3738 4295 for-

2139 4331 2283 4377 mata
2304 4363 2319 4388 ,
2363 4322 2435 4377 ibi
2462 4322 2592 4378 nihil
2637 4334 2797 4393 posse
2823 4336 2947 4379 esse
2977 4331 3247 4379 terrenum
3270 4367 3284 4393 ,
3316 4327 3573 4396 quoniam
3607 4330 3741 4386 ordo

2138 4414 2436 4483 ponderum
2458 4429 2565 4470 non
2583 4414 2834 4471 admittit.
2854 4414 2911 4472 Si
2933 4415 3175 4472 dicamus
3194 4418 3272 4473 eis
3294 4426 3474 4473 nostra
3500 4434 3741 4493 corpora

2138 4503 2195 4559 in
2221 4512 2364 4560 terra
2391 4521 2526 4561 nova
2551 4520 2672 4561 esse
2700 4506 2922 4573 victura,
2949 4516 3003 4563 et
3023 4509 3073 4562 in
3101 4509 3239 4564 cosio
3268 4525 3371 4564 non
3403 4510 3617 4579 futura;
3648 4531 3742 4569 au-

2141 4601 2328 4656 dacter
2352 4607 2407 4656 et
2446 4609 2679 4668 temore,
2723 4601 2832 4656 imo
2869 4600 3159 4656 inﬁdeliter
3202 4602 3450 4658 dicimus.
3495 4605 3741 4666 Credere

2137 4693 2279 4750 enim
2308 4692 2564 4748 debemus
2587 4691 2714 4747 talia
2742 4705 2967 4760 corpora
2996 4705 3094 4748 nos
3121 4693 3415 4763 habituros,
3445 4705 3503 4751 ut
3524 4698 3620 4754 ubi
3653 4718 3742 4756 ve-

2138 4786 2317 4853 limus,
2343 4784 2555 4856 quando
2582 4785 2927 4849 voluerimus,
2954 4786 3024 4840 ibi
3052 4787 3239 4846 simus.
3269 4787 3402 4843 Nam
3430 4791 3473 4845 si
3503 4807 3738 4863 l'CSpon-

2138 4877 2357 4944 demus,
2391 4877 2458 4932 ad
2487 4876 2797 4933 solvendam
2822 4876 2890 4933 de
2917 4877 3110 4933 ordine
3147 4880 3442 4950 ponderum
3474 4887 3734 4954 qorrstio-

2138 4986 2282 5035 nem,
2314 4971 2368 5025 in
2398 4978 2541 5026 terra
2564 4984 2664 5025 nos
2690 4984 2813 5027 esse
2837 4971 3106 5036 victuros;
3136 4972 3203 5027 de
3229 4973 3344 5045 ipso
3372 4990 3604 5046 corpore
3634 4978 3734 5033 Do-

2137 5062 2269 5118 mini
2298 5063 2453 5117 nobis
2480 5074 2563 5117 est
2586 5063 2833 5132 quaestio,
2862 5064 2983 5118 cum
3012 5078 3122 5135 quo
3146 5065 3387 5122 ascendit
3420 5068 3472 5123 in
3508 5073 3734 5127 caelum.
3834 5072 3841 5081 ’

2207 5155 2434 5212 CAPUT
2470 5154 2560 5211 IV.
2587 5183 2659 5199 ——
2687 5156 2740 5213 6.
2771 5154 2965 5213 Christi
2999 5175 3183 5228 corpus
3209 5160 3262 5213 in
3303 5160 3448 5216 creto.
3490 5166 3735 5222 Audistis

2137 5246 2278 5318 quod
2303 5247 2372 5302 de
2396 5248 2685 5319 Evangello
2709 5248 2870 5305 modo
2894 5264 3082 5306 recens
3104 5252 3285 5307 sonuit
3309 5252 3360 5308 in
3390 5254 3615 5311 auribus
3644 5274 3737 5311 no-

2136 5339 2299 5395 stris:
2332 5337 2560 5395 Elevatis
2595 5340 2828 5396 manibus
2862 5343 2969 5397 suis
2996 5342 3252 5399 benedixit
3292 5346 3383 5402 eis.
3427 5344 3498 5401 Et
3536 5353 3739 5420 factum

2137 5443 2238 5500 est,
2266 5434 2390 5488 dum
2428 5433 2741 5490 batediceret
2763 5435 2853 5500 eis,
2882 5437 3085 5492 recessit
3110 5437 3173 5492 ab
3199 5439 3291 5506 eis,
3317 5447 3367 5493 et
3391 5439 3658 5512 ferebatur
3686 5443 3739 5497 in

2134 5531 2313 5586 calum
2334 5530 2484 5604 (Luc.
2513 5546 2657 5596 xxiv,
2687 5529 2759 5586 50
2780 5539 2828 5586 et
2852 5532 2965 5605 51).
2992 5531 3093 5601 Qui
3114 5531 3384 5590 ferebatur
3413 5535 3467 5590 in
3494 5537 3699 5591 coelum
3716 5538 3742 5590 ?

2134 5624 2394 5679 Dominus
2433 5622 2696 5680 Christum.
2724 5622 2830 5692 Qui
2868 5624 3129 5680 Dominus
3162 5625 3442 5683 Christus?
3471 5628 3740 5685 Dominus

2132 5713 2307 5772 Jesus.
2358 5712 2493 5785 Quid
2524 5714 2701 5783 enim,
2733 5728 3073 5788 separaturus
3100 5733 3160 5775 es
3204 5717 3476 5776 hominem
3518 5735 3550 5775 a
3584 5721 3737 5789 Deo,

2133 5817 2188 5866 et
2213 5806 2452 5863 facturus
2475 5822 2534 5864 es
2562 5806 2721 5863 aliam
2749 5824 3028 5879 personam
3061 5810 3177 5877 Dei,
3207 5811 3362 5869 aliam
3390 5811 3653 5880 hominis,
3688 5830 3724 5868 u

2134 5901 2246 5974 jam
2277 5914 2384 5956 non
2426 5898 2496 5956 sit
2533 5898 2799 5969 Trinitas,
2830 5899 2923 5957 sed
2966 5901 3332 5972 quaternitas?
3357 5902 3648 5973 Quomodo
3678 5911 3739 5960 tu
