4070 6330
371 397 502 454 ΗΜ

373 514 533 569 homo
566 510 742 566 anima
771 523 830 566 α
847 515 900 564 et
925 521 1152 579 corpus;
1180 508 1259 562 sic
1277 497 1540 562 Dominus
1564 501 1803 557 Christus
1826 500 1960 554 Ver-

372 610 526 674 bum,
564 605 740 660 anima
764 614 820 660 et
845 618 1038 674 corpus
1068 605 1107 656 ί.
1139 602 1248 659 Sed
1274 603 1506 658 Verbum
1548 619 1652 658 non
1679 604 1900 658 recessit
1927 619 1957 658 a

374 701 562 754 Patre:
592 707 646 754 et
685 697 752 752 ad
795 711 896 752 nos
922 696 1095 763 venit,
1128 705 1182 752 et
1211 697 1423 752 Patrem
1472 710 1574 752 non
1603 695 1874 761 deseruit;
1909 705 1962 751 et

372 794 424 848 in
455 801 607 848 utero
627 806 846 846 carnem
877 792 1102 860 accepit,
1133 799 1187 846 et
1207 791 1463 845 muudmn
1491 791 1646 845 rexit.
1677 790 1811 858 Quid
1835 800 1962 861 ergo

373 886 604 940 levatum
649 893 731 938 est
773 884 825 938 iu
863 883 1088 950 casiam,
1135 881 1236 938 nisi
1279 885 1420 954 quod
1463 893 1730 953 sumptum
1778 892 1858 938 est
1897 884 1963 937 de

375 977 550 1036 terra?
578 976 628 1031 id
657 985 738 1031 est
759 1018 772 1041 ,
802 991 928 1031 caro
955 976 1042 1031 illa
1065 1018 1078 1040 ,
1115 990 1309 1046 corpus
1337 976 1484 1040 illud,
1516 976 1583 1030 de
1612 991 1716 1046 quo
1741 975 1964 1045 loquens

373 1070 437 1124 ad
463 1069 748 1138 discipulos
779 1068 851 1122 ait
876 1087 888 1121 ι
917 1066 1156 1137 Palpate,
1186 1077 1231 1122 et
1259 1069 1446 1132 videte,
1473 1068 1590 1139 quia
1615 1068 1822 1138 spiritus
1852 1081 1965 1120 ossa

372 1170 420 1216 et
441 1178 645 1216 carnem
675 1177 773 1214 non
795 1159 961 1225 Italia,
992 1161 1118 1214 sicut
1139 1177 1218 1214 me
1245 1159 1420 1214 videtis
1442 1159 1640 1214 habere.
1671 1157 1964 1213 Credamus

374 1255 496 1318 hoc,
530 1253 754 1308 fratres:
784 1261 837 1306 et
865 1252 908 1305 si
939 1263 1249 1320 argumenta
1280 1251 1718 1321 philosophorum
1750 1249 1963 1302 difﬁcile

373 1344 664 1406 solvimus;
695 1342 824 1396 illud
868 1342 1006 1412 quod
1039 1342 1460 1396 demonStratum
1503 1348 1584 1395 est
1611 1341 1663 1394 in
1706 1341 1960 1406 Domino,

373 1437 488 1491 siue
515 1435 827 1490 difﬁcultate
856 1434 978 1490 ﬁdei
1005 1443 1300 1491 teneamus.
1330 1435 1405 1490 Illi
1434 1435 1698 1506 garriant,
1733 1448 1829 1488 nos
1849 1449 1965 1488 crc-

372 1529 584 1582 damus.

445 1623 527 1676 CA
540 1622 672 1686 PUT
712 1622 778 1678 V.
799 1653 872 1664 ——
899 1624 949 1677 7.
983 1623 1089 1677 Deo
1111 1624 1305 1678 volente
1333 1625 1390 1694 [it
1414 1623 1548 1695 quod
1573 1623 1702 1676 alios
1729 1620 1838 1690 ﬁeri
1866 1636 1964 1674 non

375 1725 554 1786 potest.
582 1716 686 1771 Sed
719 1732 821 1771 nou
850 1727 1046 1787 potest,
1087 1718 1360 1788 inquiunt,
1403 1733 1522 1772 esse
1550 1725 1818 1772 terrenum
1849 1730 1966 1769 cor-

377 1824 474 1877 pus
501 1808 552 1862 in
580 1809 737 1864 ctelo.
770 1807 930 1875 Quid,
964 1810 1007 1864 si
1040 1810 1140 1864 hoc
1170 1810 1297 1864 velit
1325 1810 1502 1865 Deus?
1530 1807 1812 1880 Responde
1835 1821 1963 1862 cono

378 1911 457 1956 tra
483 1903 668 1968 Demn,
701 1910 754 1956 et
779 1901 903 1956 dic:
934 1902 1046 1956 Non
1084 1911 1260 1972 potest
1289 1903 1448 1957 Deus.
1476 1901 1663 1956 Nonne
1688 1909 1740 1954 et
1771 1908 1823 1953 tu
1850 1900 1966 1969 qui-

376 2011 606 2065 cumque
636 2011 903 2065 paganus,
935 1997 1070 2052 dicis
1108 1998 1529 2067 omnipotentem
1558 1995 1758 2050 Deum?
1783 1995 1967 2050 Nonne

379 2087 431 2142 iu
461 2087 596 2142 libro
629 2087 862 2142 Platonis
881 2130 894 2152 ,
928 2088 1067 2158 quod
1097 2088 1348 2142 hesterno
1377 2087 1461 2141 die
1488 2087 1844 2142 demonstravi
1879 2083 1967 2157 (In

376 2180 636 2249 superiore
681 2193 942 2243 sermone,
992 2197 1046 2233 η.
1086 2180 1165 2250 8),
1211 2180 1406 2249 legitur
1453 2179 1651 2232 dixisse
1685 2179 1820 2232 Deus
1861 2189 1966 2230 non

378 2270 550 2328 factus
580 2271 680 2328 diis
703 2285 734 2326 a
764 2287 822 2328 se
859 2272 1048 2328 faelis:
1083 2291 1102 2323 ε
1133 2273 1392 2340 Quoniam
1430 2271 1558 2324 estis
1588 2269 1720 2332 orti,
1753 2271 1969 2324 immor-

381 2364 514 2422 tales
539 2363 756 2434 quidem
793 2379 913 2420 esse
938 2375 992 2419 et
1021 2365 1421 2420 iudissolubiles
1448 2379 1550 2417 nou
1575 2362 1828 2432 potestis;
1862 2378 1966 2416 non

380 2463 556 2513 tamen
598 2456 991 2522 dissolvemiui,
1026 2472 1196 2527 neque
1248 2457 1352 2510 ulla
1384 2472 1479 2510 vos
1509 2456 1693 2510 mortis
1736 2455 1836 2508 fata
1876 2471 1968 2526 pe-

385 2550 612 2615 riment;
642 2564 740 2604 nec
762 2559 920 2606 erunt
947 2551 1238 2605 valentiora
1264 2565 1421 2621 quam
1459 2549 1736 2603 consilium
1764 2561 1964 2615 meum,

379 2642 524 2713 quod
553 2643 725 2712 majus
763 2655 844 2698 est
869 2644 1138 2698 vinculum
1167 2643 1231 2697 ad
1260 2644 1666 2713 perpetuitatem
1695 2654 1926 2696 vestram
1950 2685 1964 2708 ,

378 2751 538 2806 quam
579 2737 668 2792 illa
707 2738 899 2808 quibus
927 2739 1056 2792 estis
1094 2738 1328 2808 colligati
1358 2738 1473 2809 ta)?
1501 2757 1519 2788 ›
1552 2737 1742 2791 Totum
1785 2737 1848 2790 ad
1878 2753 1973 2790 vo-

379 2830 634 2886 luntatem
667 2846 817 2886 suam
845 2831 1050 2901 redegit
1084 2833 1250 2895 Deus,
1292 2832 1380 2902 qui
1410 2840 1585 2901 potest
1609 2840 1660 2884 et
1701 2831 1837 2901 quod
1872 2830 1971 2883 lm-

382 2922 634 2990 possibile
664 2931 765 2976 est.
804 2923 934 2977 Nam
961 2923 1090 2992 quid
1131 2933 1212 2978 est
1247 2923 1420 2990 aliud,
1465 2923 1576 2976 Non
1608 2924 1827 2992 potestis
1853 2939 1970 2978 esse

387 3014 737 3079 immortales,
771 3016 865 3070 sed
898 3026 953 3071 ut
988 3031 1094 3069 non
1118 3015 1420 3070 moriemini
1443 3030 1541 3085 ego
1564 3015 1733 3081 facio;
1768 3015 1888 3081 nisi,
1919 3023 1972 3070 et

379 3107 524 3176 quod
555 3107 667 3162 ﬁeri
696 3125 800 3162 non
835 3117 1028 3178 potest,
1053 3123 1154 3182 ego
1177 3108 1349 3163 facio?

451 3197 677 3256 CAPUT
720 3199 804 3255 Vl.
834 3231 906 3241 --
932 3202 985 3254 8.
1010 3199 1290 3271 Corporum
1311 3201 1436 3255 ordo
1459 3217 1521 3255 ea:
1542 3201 1825 3255 diversitate
1848 3217 1972 3272 pou-

382 3291 580 3346 derum.
610 3292 885 3348 Terrenum
915 3311 1098 3365 corpus
1123 3304 1298 3348 contra
1328 3295 1608 3363 ponderant
1635 3295 1859 3348 ordinem
1881 3312 1972 3349 su-

385 3402 475 3454 per
507 3403 708 3457 aquam.
745 3387 876 3440 Volo
909 3397 1086 3442 tamen
1117 3388 1313 3457 aliquid
1355 3389 1514 3442 etiam
1559 3387 1625 3441 dc
1664 3387 1973 3442 diversitate

385 3479 679 3549 ponderum
705 3479 999 3548 disputare.
1039 3481 1188 3550 Rogo
1224 3488 1295 3544 te,
1329 3480 1415 3533 dic
1443 3478 1609 3545 mihi,
1642 3479 1805 3533 Terra
1832 3488 1971 3533 terra

385 3581 488 3638 est,
519 3573 667 3640 Aqua
691 3587 826 3642 aqua
849 3581 950 3637 est,
977 3573 1081 3626 Acr
1103 3588 1195 3626 aer
1219 3581 1319 3636 est,
1344 3572 1554 3635 jEther,
1580 3571 1631 3626 id
1653 3581 1735 3627 est
1755 3571 1970 3639 ccelum,

385 3673 440 3717 et
478 3663 613 3731 ignis
660 3662 748 3716 ille
779 3662 1010 3732 liquidus
1037 3664 1230 3718 caelum
1259 3673 1362 3718 est.
1391 3664 1630 3729 Quatuor
1656 3679 1847 3733 nempe
1875 3665 1975 3718 ista

385 3754 537 3824 quasi
565 3755 825 3824 gradatim
848 3757 868 3786 ³
895 3765 1308 3810 construxerunt
1327 3765 1380 3811 et
1401 3757 1796 3812 mdiﬁcaverunt
1822 3773 1977 3810 mun-

390 3847 540 3912 duim,
576 3845 677 3900 hoc
706 3855 813 3910 est,
845 3862 908 3901 ex
943 3846 1024 3902 his
1051 3857 1276 3910 quatuor
1305 3848 1595 3904 aediﬁcatus
1619 3858 1699 3902 est
1726 3848 1972 3902 mundus.

389 3938 582 4006 Qmere
610 3937 736 4008 quid
771 3939 822 3992 in
853 3939 958 3993 imo
988 3940 1235 4006 sit,tcrra
1251 3950 1372 3995 est:
1404 3941 1528 4010 quid
1559 3940 1809 4012 desuper,
1841 3956 1975 4011 aqua

385 4039 470 4086 est
495 4049 507 4085 :
533 4031 660 4102 quid
705 4046 866 4102 super
893 4046 1083 4103 aquam
1102 4075 1115 4098 ,
1147 4048 1242 4087 aer
1275 4042 1394 4088 est:
1422 4033 1547 4102 quid
1575 4049 1735 4103 super
1763 4049 1972 4101 aerem,

387 4124 582 4180 omium
609 4135 692 4181 est
711 4165 724 4190 ,
770 4125 940 4181 aether
965 4135 1068 4181 est.
1097 4125 1235 4194 Quid
1283 4141 1506 4195 corpora
1553 4125 1719 4180 solida
1749 4143 1868 4196 quae
1899 4135 1978 4181 te-

387 4224 584 4270 nentur
610 4225 770 4286 atque
816 4218 1147 4270 tractantur?
1174 4216 1292 4271 Non
1323 4216 1539 4270 humida
1584 4217 1722 4282 dico,
1757 4233 1873 4288 qum
1902 4217 1980 4271 la-

387 4309 589 4364 buntur
611 4319 665 4364 et
693 4309 896 4377 fluunt;
925 4324 1147 4381 corpora
1175 4310 1295 4366 dico
1317 4309 1630 4376 tractabilia,
1655 4310 1795 4365 unde
1821 4312 1978 4365 sunt?

389 4399 570 4455 Terra:
593 4400 896 4471 deputanda
930 4411 1078 4468 sunt,
1107 4416 1172 4456 an
1203 4418 1373 4472 aquae,
1405 4417 1472 4457 an
1504 4403 1638 4469 aeri,
1667 4417 1733 4458 an
1760 4402 1979 4458 aetheri?

387 4491 764 4561 Responsurus
791 4508 880 4558 es,
928 4493 1128 4549 Terrae.
1169 4494 1468 4550 Terrenum
1501 4509 1630 4566 ergo
1674 4509 1869 4566 corpus
1898 4503 1980 4550 est

387 4583 627 4653 lignum?
656 4585 819 4640 Plane
861 4593 1150 4641 terrenum.
1195 4585 1253 4640 In
1285 4596 1424 4641 terra
1465 4587 1719 4653 nascitur,
1753 4588 1803 4642 in
1840 4595 1980 4643 terra

387 4677 564 4741 alitur,
597 4677 651 4732 in
675 4687 821 4736 terra
863 4681 1076 4735 crescit.
1111 4680 1413 4738 Tractabile
1439 4691 1554 4746 est,
1587 4697 1688 4736 non
1720 4681 1976 4740 flexibile.

388 4768 522 4823 Redi
554 4784 761 4826 mecum
791 4771 857 4826 ad
901 4773 1046 4826 illum
1078 4772 1324 4829 ordinem
1371 4775 1688 4843 ponderum.
1735 4775 1897 4832 Terra
1926 4777 1977 4831 in

387 4862 735 4919 fundamento
763 4871 882 4919 est:
916 4866 1156 4920 ordinem
1203 4882 1449 4937 sequere.
1493 4868 1628 4937 Quid
1669 4884 1831 4939 super
1870 4879 1974 4924 ter-

387 4958 544 5010 ram?
573 4960 740 5026 Aqua.
765 4959 938 5026 Quare
962 4959 1158 5030 lignum
1182 4970 1329 5015 natat
1354 4975 1513 5031 super
1537 4963 1762 5032 aquam?
1790 4963 1983 5020 Terre-

391 5058 518 5103 num
553 5057 634 5104 est
659 5067 892 5122 corpus:
923 5053 966 5107 si
994 5069 1215 5108 revoces
1241 5053 1306 5107 ad
1335 5053 1480 5108 illum
1511 5056 1750 5111 ordinem
1783 5057 1984 5126 ponde-

393 5156 542 5207 rum,
576 5144 676 5198 sub
701 5160 834 5215 aqua
881 5160 1000 5199 esse
1038 5145 1253 5212 debuit,
1303 5162 1408 5201 non
1452 5163 1631 5220 supra.
1681 5148 1982 5206 invenimus

393 5235 534 5292 inter
561 5247 758 5294 terram
789 5247 843 5295 et
869 5239 1066 5310 lignum
1109 5255 1300 5311 aquam
1343 5243 1570 5298 mediam
1603 5261 1615 5298 :
1648 5243 1831 5299 subter
1869 5253 1982 5300 ter-

397 5342 504 5385 iam
525 5371 542 5397 ,
587 5347 746 5401 super
774 5347 986 5405 aquam,
1017 5340 1071 5387 et
1101 5348 1262 5408 super
1301 5349 1493 5404 aquam
1527 5335 1716 5390 iterum
1745 5344 1941 5391 terram
1963 5380 1979 5406 ,

400 5421 826 5494 quandoquidem
868 5424 1065 5496 lignum
1099 5434 1236 5482 terra
1267 5435 1366 5482 est.
1410 5427 1690 5484 Perdidisti
1722 5429 1870 5485 illum
1895 5446 1984 5488 or-

458 5579 576 5655 {sie
595 5587 702 5654 Mss.
729 5589 786 5634 At
807 5583 945 5655 editi,
968 5586 1207 5645 ouontodo
1227 5589 1281 5655 tu
1296 5585 1437 5655 [torno
1469 5587 1630 5655 auitna
1648 5602 1699 5639 es
1720 5597 1767 5640 et
1789 5603 1981 5655 corpus,

399 5645 438 5693 ιι
451 5639 577 5693 sicut
786 5651 831 5696 et
853 5639 1026 5712 corpus
1068 5661 1190 5712 unus
1213 5654 1281 5700 est
1312 5647 1485 5712 hante;
1523 5649 1589 5706 ita
1614 5639 1759 5708 Deus,
1778 5639 1984 5706 cii/bilis

390 5717 515 5755 mus
538 5714 607 5757 est
631 5707 863 5758 Christus.
891 5707 980 5758 Sed
1012 5710 1234 5767 Verbum,
1255 5719 1348 5761 etc.

392 5767 578 5879 “(lalisio
599 5769 782 5833 aliquot
816 5774 1145 5835 atauuscriiti.
1185 5772 1271 5824 Alii
1295 5787 1413 5824 vero
1434 5788 1545 5825 cum
1576 5777 1736 5843 alitis,
1761 5779 1852 5832 ista
1868 5793 1983 5846 gra-

457 5867 531 5948 i'éi
557 5893 671 5945 vide
691 5894 756 5945 de
787 5895 986 5946 civitate
1006 5898 1090 5947 Del
1115 5896 1198 5948 lib.
1215 5897 1294 5957 ῃ.
1312 5911 1416 5963 mp.
1449 5899 1528 5952 eo.

1751 378 1980 436 SERMO
2018 378 2264 436 CCXL".

3513 383 3658 462 tua

2073 497 2274 566 dinem,
2309 507 2429 556 tene
2454 501 2627 557 ﬁdem.
2652 502 2792 572 Ergo
2813 508 3023 559 terrena
3048 517 3271 576 corpora
3297 502 3512 561 inventa
3531 515 3658 566 sunt

2070 608 2234 664 super
2260 594 2605 664 elementum,
2641 596 2780 667 quod
2825 597 3115 653 secundum
3143 605 3223 652 cst
3254 596 3304 652 in
3336 598 3522 656 ordine
3548 598 3658 655 elc-

2072 696 2391 751 mentorum,
2417 688 2627 758 quando
2652 697 2835 744 natant
2859 687 3019 760 ligna,
3049 705 3219 766 neque
3250 701 3581 768 merguntur.

2141 781 2368 838 CAPUT
2408 781 2683 838 Vll.—9.
2726 781 3001 837 Plumbum
3044 800 3194 854 super
3228 802 3430 858 aquam.
3472 779 3658 848 Ᾱιιειι-

2071 876 2139 932 de
2162 877 2324 942 aliud,
2358 878 2496 948 quod
2521 880 2636 949 plus
2665 880 2894 934 mireris.
2918 877 3149 948 Corpora
3180 878 3290 954 ipsa
3318 879 3651 950 gravissima,

2071 980 2125 1026 et
2151 978 2324 1025 tamen
2353 982 2587 1038 terrena,
2612 987 2729 1042 quae
2753 972 2767 1001 ¹
2798 986 2919 1025 mox
2944 979 3000 1024 ut
3025 969 3241 1025 dimissa
3281 972 3473 1026 fuerint
3497 988 3656 1046 Super

2072 1077 2283 1133 aquam,
2334 1065 2588 1119 continuo
2639 1063 3035 1134 demerguntur,
3061 1072 3112 1118 et
3151 1063 3215 1118 ad
3247 1063 3348 1120 ima
3392 1065 3654 1136 profunda

2070 1157 2406 1227 perveniunt,
2428 1158 2562 1212 sicut
2584 1170 2666 1213 est
2684 1157 2903 1222 ferrum,
2933 1167 3201 1230 postremo
3228 1159 3364 1214 sicut
3383 1171 3462 1214 est
3484 1160 3657 1230 plum-
3714 1221 3720 1224 _

2072 1245 2217 1300 bum.
2274 1247 2409 1316 Quid
2464 1250 2604 1304 enim
2650 1249 2869 1320 plumbo
2912 1250 3172 1320 gravius?
3212 1251 3432 1306 Accedit
3481 1262 3653 1320 tamen
3712 1245 3720 1277 ί

2071 1354 2260 1394 manus
2288 1339 2507 1395 artificis
2533 1341 2597 1394 ad
2646 1341 2937 1411 plumbum,
2985 1342 3106 1396 facit
3162 1343 3283 1397 inde
3326 1344 3536 1418 aliquod
3565 1361 3655 1398 vas

2071 1444 2381 1500 concavum,
2415 1442 2467 1487 et
2509 1441 2653 1487 natat
2683 1430 2953 1504 plumbum
3003 1449 3164 1503 super
3209 1451 3419 1512 aquam.
3447 1437 3656 1510 Ergone

2029 1556 2032 1560 -
2072 1538 2176 1576 non
2205 1523 2350 1577 dabit
2380 1525 2518 1580 Deus
2533 1527 2741 1596 corpori
2761 1540 2897 1590 meo,
2917 1525 3056 1596 quod
3079 1526 3167 1580 dat
3191 1529 3379 1582 artifex
3402 1529 3655 1606 plumbo?

2075 1616 2274 1672 Deinde
2298 1633 2488 1688 aquam
2519 1619 2687 1689 ipsam
2718 1620 2805 1674 ubi
2833 1621 3024 1690 ponitis
3051 1621 3075 1674 ?
3115 1621 3300 1677 Redite
3325 1623 3389 1678 ad
3417 1625 3654 1680 ordinem

2073 1709 2480 1765 elementorum.
2516 1712 2669 1767 Certe
2713 1713 3120 1784 respondebitis,
3149 1714 3289 1786 quod
3316 1731 3448 1788 aqua
3480 1718 3545 1778 sit
3571 1732 3655 1772 su-

2072 1819 2170 1874 per
2192 1812 2408 1858 terram.
2438 1804 2613 1871 Quare
2651 1821 2777 1876 ergo
2803 1818 3085 1880 antequam
3131 1817 3350 1863 currant
3393 1809 3446 1864 in
3495 1818 3655 1876 terra,

2071 1897 2310 1967 pendent
2339 1897 2566 1952 nubibus
2587 1897 2804 1953 flumina
2830 1899 2854 1953 ?

2144 1992 2230 2046 10.
2259 1990 2538 2064 Corporum
2565 1994 2849 2064 graviorum
2884 1994 3093 2050 celerior
3111 1996 3444 2068 quorumdam
3472 2006 3657 2058 motus.

2072 2085 2282 2141 Revoca
2331 2086 2454 2142 inde
2491 2087 2971 2143 considerationem
3013 2099 3154 2144 tuam
3203 2091 3658 2162 etcogitationem

2073 2177 2139 2231 ad
2168 2192 2227 2232 ca
2259 2195 2376 2248 quae
2401 2178 2636 2234 dicturus
2665 2195 2802 2252 sum,
2829 2181 2871 2234 si
2911 2181 3136 2235 Domino
3161 2180 3447 2252 adjuvanle
3477 2193 3660 2258 potuev

2039 2291 2042 2294 ’
2073 2287 2157 2326 ro.
2185 2271 2319 2337 Quid
2342 2271 2549 2328 facilius
2579 2281 2842 2342 movetur,
2869 2275 2993 2348 quid
3013 2277 3246 2336 velocius
3263 2278 3511 2348 agitatur,
3541 2295 3662 2354 gra-

2075 2362 2196 2417 vius
2243 2379 2457 2435 corpus,
2504 2381 2569 2419 an
2628 2365 2845 2421 levius?
2893 2367 3022 2435 Quis
3055 2384 3158 2429 non
3189 2370 3530 2440 respondeat,
3564 2371 3663 2442 Le-

2073 2453 2239 2510 vius?
2267 2455 2488 2511 Leviora
2531 2457 2671 2512 enim
2698 2474 2918 2530 corpora
2946 2458 3152 2515 facilius
3182 2467 3484 2528 moventur,
3513 2462 3661 2532 velo-

2077 2547 2191 2600 cius
2223 2557 2449 2617 aguntur
2475 2567 2488 2602 :
2517 2550 2765 2620 graviora
2782 2549 3047 2608 difﬁcilius
3064 2561 3222 2626 atque
3248 2552 3467 2607 tardius.
3501 2553 3660 2610 Certe

2076 2642 2315 2709 regulam
2357 2640 2541 2706 ﬁxisti,
2580 2651 2725 2697 certe
2779 2643 3148 2712 considerasti,
3179 2655 3233 2699 et
3261 2645 3662 2718 circumspectis

2080 2732 2328 2785 omnibus
2377 2734 2695 2804 respondisti
2720 2735 2841 2806 quia
2873 2735 3074 2792 facilius
3102 2746 3382 2791 moventur
3411 2745 3466 2792 et
3509 2737 3658 2792 velo-

2082 2826 2196 2881 cius
2223 2834 2448 2897 aguntur
2482 2841 2703 2897 corpora
2734 2827 2952 2895 leviora,
2984 2843 3139 2900 quam
3170 2829 3433 2906 graviora.
3460 2828 3533 2883 ita
3555 2838 3659 2896 est,

2079 2922 2229 2977 dicis.
2267 2919 2547 2992 Responde
2592 2937 2719 2992 ergo
2764 2921 2914 2976 mihi.
2964 2922 3138 2989 Quare
3179 2923 3440 2977 levissima
3470 2938 3664 2980 aranea

2082 3017 2230 3072 tarde
2257 3030 2314 3071 se
2347 3024 2545 3082 movet,
2572 3022 2626 3070 et
2649 3015 2823 3085 gravis
2850 3029 3018 3092 equus
3047 3015 3301 3072 velociter
3322 3016 3490 3074 currit
3513 3016 3536 3070 ?
3584 3017 3660 3086 De

2081 3112 2210 3182 ipsis
2239 3111 2542 3166 hominibus
2570 3094 2794 3184 loquar:
2829 3111 2998 3188 majus
3028 3125 3221 3182 corpus
3266 3108 3496 3164 hominis
3545 3125 3665 3182 gra-

2079 3206 2196 3259 vius
2223 3213 2304 3259 est
2330 3222 2344 3270 ;
2377 3205 2589 3259 brevius
2619 3220 2810 3280 corpus
2831 3203 2971 3274 quod
3002 3203 3177 3257 minus
3204 3201 3361 3257 habet
3389 3201 3659 3272 ponderis,

2080 3299 2251 3354 levius
2270 3307 2370 3351 cst.
2393 3295 2466 3350 ita
2496 3312 2621 3350 vero
2651 3306 2751 3363 est,
2795 3294 2890 3350 sed
2929 3295 2971 3350 si
3000 3295 3135 3350 alius
3166 3304 3358 3368 portet.
3389 3294 3444 3350 Si
3487 3305 3666 3354 autem

2080 3391 2192 3464 ipse
2221 3389 2381 3443 homo
2411 3405 2604 3460 corpus
2644 3403 2795 3446 suum
2830 3397 3023 3459 portet,
3044 3386 3250 3441 validus
3271 3387 3456 3454 currit,
3489 3401 3668 3448 macer

2079 3487 2332 3558 languore
2359 3485 2443 3538 vix
2475 3483 2725 3538 ambulat.
2762 3482 3014 3551 Appende
3042 3497 3277 3536 macrum
3307 3491 3357 3534 et
3389 3481 3664 3546 robustum

2084 3579 2389 3644 homineet;
2438 3577 2585 3632 illum
2605 3576 2857 3646 languore
2881 3575 2968 3636 vix
3008 3588 3202 3652 paucas
3231 3572 3434 3626 libellas
3464 3587 3667 3641 appen-

2084 3669 2325 3734 dentem,
2362 3669 2508 3723 illum
2556 3667 2868 3722 salubritate
2907 3666 3148 3736 corporis
3187 3665 3351 3718 multa
3394 3663 3569 3734 pondo
3612 3664 3668 3720 in

2080 3777 2241 3818 carne
2287 3776 2381 3816 sua
2411 3769 2681 3832 gerentem
2718 3777 2730 3813 :
2762 3767 2901 3814 tenta
2931 3766 2984 3811 tu
3024 3757 3208 3811 ambos
3237 3757 3422 3810 tollere
3448 3771 3462 3819 ;
3494 3755 3668 3825 gravis

2083 3865 2163 3911 est
2202 3853 2426 3918 validus,
2451 3854 2582 3909 levis
2629 3861 2710 3907 est
2761 3852 3096 3906 macileutus.
3131 3849 3363 3904 Recedet
3407 3854 3664 3918 portator,

2083 3956 2337 4019 appareat
2375 3946 2674 4002 ambulator
2699 3962 2712 4011 ;
2739 3946 2881 4014 ipsos
2911 3943 3112 3997 dimitte
3144 3941 3266 4004 sibi,
3292 3948 3449 4010 agant
3477 3953 3668 4008 oorpo-

2085 4057 2144 4097 ra
2172 4057 2265 4096 sua
2296 4059 2309 4072 ·
2340 4039 2493 4095 video
2530 4054 2766 4093 macrum
2793 4037 2878 4090 vix
2923 4049 3134 4105 passum
3164 4039 3484 4097 moventem,
3516 4030 3670 4085 video

2085 4135 2315 4191 validum
2349 4134 2728 4202 robustumque
2745 4139 3065 4186 currentem.
3085 4129 3140 4184 Si
3169 4128 3267 4183 hoc
3285 4127 3420 4182 valet
3448 4126 3668 4194 sanitas,

2087 4221 2458 4282 immortalitas
2485 4224 2609 4296 quid
2632 4222 2865 4278 valebit?

2089 4379 2098 4388 ,
2157 4318 2384 4375 CAPUT
2443 4317 2573 4372 Vill.
2602 4344 2674 4356 —-
2698 4315 2786 4370 11.
2819 4312 3042 4386 Corpora
3063 4313 3349 4384 spirituaiia
3369 4319 3480 4382 post
3499 4325 3672 4364 resur.

2085 4415 2378 4478 rectionem,
2411 4411 2543 4465 unde
2579 4410 2734 4464 dicta.
2762 4407 2918 4463 Dabit
2945 4421 3072 4477 ergo
3099 4407 3239 4461 Deus
3266 4406 3452 4459 miram
3504 4401 3672 4458 facili-

2087 4515 2274 4572 tatem,
2304 4507 2491 4560 miram
2537 4504 2821 4560 levitatem.
2851 4502 2966 4556 Non
2993 4502 3109 4556 sine
3148 4515 3302 4555 causa
3335 4499 3421 4553 illa
3448 4513 3672 4568 corpora

2088 4597 2384 4669 spiritualia
2403 4603 2701 4666 nuncupata
2731 4603 2873 4649 sunt.
2891 4592 3005 4648 Non
3036 4591 3156 4646 ideo
3195 4591 3332 4645 dicta
3374 4597 3496 4643 sunt
3519 4589 3677 4659 spiri-

2093 4692 2277 4756 tualia,
2310 4689 2434 4760 quia
2483 4694 2640 4742 erunt
2691 4686 2926 4757 spiritus,
2958 4700 3063 4738 non
3105 4696 3350 4753 corpora.
3384 4681 3518 4736 Nam
3572 4681 3672 4736 ista

2090 4801 2210 4855 qua:
2235 4783 2396 4840 modo
2443 4781 2722 4846 habemus,
2752 4779 2999 4834 dicuntur
3037 4775 3281 4830 animalia
3318 4787 3542 4842 corpora
3572 4791 3586 4826 :
3622 4783 3669 4828 θ’

2089 4887 2264 4934 tamen
2293 4877 2484 4931 animm
2511 4889 2616 4930 non
2639 4880 2782 4938 sunt,
2832 4870 2924 4926 sed
2953 4883 3198 4937 corpora.
3237 4863 3514 4933 Quomodo
3538 4880 3664 4918 nunt

2088 4971 2186 5024 ista
2238 4967 2484 5023 animalia
2515 4966 2785 5031 dicuntur,
2827 4972 2882 5017 et
2923 4961 3113 5015 animae
3154 4974 3260 5013 non
3290 4966 3413 5012 sunt
3438 4975 3449 5010 ι
3479 4957 3557 5012 sic
3587 4957 3665 5013 ill!

2089 5061 2384 5132 spiritualia
2421 5059 2690 5125 dicuntur,
2721 5055 2814 5111 sed
2842 5069 2945 5108 non
2977 5059 3102 5107 sunt
3125 5051 3364 5120 spiritus,
3395 5049 3516 5119 quia
3559 5063 3656 5103 cor

2091 5172 2219 5227 pora
2245 5162 2419 5211 erunt.
2448 5153 2624 5223 Quare
2658 5150 2850 5206 dicitur
2891 5145 3165 5216 spirituale
3190 5157 3403 5213 corpus,
3427 5141 3678 5196 charissi-

2088 5249 2184 5313 mi,
2217 5245 2318 5302 nisi
2361 5246 2484 5318 quia
2510 5243 2576 5299 ad
2619 5250 2803 5298 nutum
2851 5237 3068 5308 spiritus
3111 5233 3356 5290 serviet?
3402 5230 3544 5288 Nihil
3585 5233 3680 5287 tibi

2093 5338 2422 5396 contradicet
2478 5351 2546 5391 ex
2587 5344 2660 5402 te,
2707 5329 2840 5386 nihil
2862 5331 2917 5384 in
2945 5336 2998 5383 te
3019 5325 3299 5384 rebellebit
3327 5324 3583 5380 adva‘sus
3604 5332 3677 5380 te.

2080 5431 2209 5489 Non
2255 5431 2326 5486 ibi
2353 5432 2454 5486 erit
2481 5425 2623 5498 quod
2661 5422 2946 5494 Apostolus
2990 5419 3172 5490 gemit,
3204 5416 3335 5473 Caro
3372 5417 3680 5487 concupiscit

2093 5527 2334 5581 adversus
2373 5522 2629 5594 spiritum,
2658 5527 2704 5572 et
2732 5517 2938 5588 spiritus
2963 5513 3206 5578 adversus
3235 5528 3436 5576 carnem
3467 5509 3488 5584 (
3505 5508 3678 5568 Galat.

2090 5636 2145 5687 v,
2182 5619 2245 5674 Π
2269 5618 2310 5689 ).
2339 5615 2456 5669 Non
2489 5611 2558 5666 ibi
2581 5609 2704 5676 erit,
2740 5607 2898 5663 Video
2941 5607 3097 5661 etiam
3150 5605 3306 5674 legem
3349 5602 3402 5657 in
3447 5599 3681 5656 membris

2095 5714 2217 5769 meis
2265 5713 2631 5779 repugnantem
2681 5703 2778 5774 legi
2829 5703 3006 5756 mentis
3052 5696 3215 5773 metc(
3249 5697 3395 5760 Rom,
3423 5712 3514 5762 vtt,
3541 5691 3677 5765 25).

2114 5808 2226 5865 decc
2249 5802 2390 5858 bella
2417 5815 2522 5856 non
2551 5798 2625 5855 ibi
2653 5805 2810 5854 erunt
2843 5812 2855 5849 :
2886 5810 2986 5866 pax
3039 5794 3112 5857 ibi
3140 5793 3263 5860 erit,
3293 5807 3397 5864 pax
3446 5788 3680 5864 perfecta

2161 5904 2178 5935 ³
2204 5905 2278 5952 Er.
2302 5896 2450 5962 Lugd.
2476 5901 2594 5946 Ven.
2622 5901 2734 5946 Lov.
2757 5892 3005 5952 omittunt,
3028 5901 3154 5954 qtae.
3219 5893 3260 5938 nt
