  <div class='ocr_page' id='page_1' title='image "/cluster/home/n/w/nwhite01/storage/ocr_20150623/38/hvd.32044015706294/577.png"; bbox 0 0 4070 6330; ppageno 0'>
   <div class='ocr_carea' id='block_1_1' title="bbox 465 371 612 434">
    <p class='ocr_par' dir='ltr' id='par_1_1' title="bbox 465 371 612 434">
     <span class='ocr_line' id='line_1_1' title="bbox 465 371 612 434; baseline -0.014 0"><span class='ocrx_word' id='word_1_1' title='bbox 465 371 612 434; x_wconf 66' lang='grc'><strong>1143</strong></span> 
     </span>
    </p>
   </div>
   <div class='ocr_carea' id='block_1_2' title="bbox 824 445 844 466">
    <p class='ocr_par' dir='ltr' id='par_1_2' title="bbox 824 445 844 466">
     <span class='ocr_line' id='line_1_2' title="bbox 824 445 844 466; baseline 0 0"><span class='ocrx_word' id='word_1_2' title='bbox 824 445 844 466; x_wconf 70' lang='grc'><strong><em>1</em></strong></span> 
     </span>
    </p>
   </div>
   <div class='ocr_carea' id='block_1_3' title="bbox 465 486 2049 556">
    <p class='ocr_par' dir='ltr' id='par_1_3' title="bbox 465 486 2049 556">
     <span class='ocr_line' id='line_1_3' title="bbox 465 486 2049 556; baseline -0.006 -6"><span class='ocrx_word' id='word_1_3' title='bbox 465 491 543 550; x_wconf 79' lang='lat' dir='ltr'><strong>ibi</strong></span> <span class='ocrx_word' id='word_1_4' title='bbox 572 493 695 550; x_wconf 90' lang='lat' dir='ltr'><strong>erit.</strong></span> <span class='ocrx_word' id='word_1_5' title='bbox 723 491 1094 556; x_wconf 87' lang='lat' dir='ltr'><strong>Ubivolueris,</strong></span> <span class='ocrx_word' id='word_1_6' title='bbox 1127 491 1234 547; x_wconf 90' lang='lat' dir='ltr'><strong>eris</strong></span> <span class='ocrx_word' id='word_1_7' title='bbox 1269 510 1282 546; x_wconf 91' lang='lat'>:</span> <span class='ocrx_word' id='word_1_8' title='bbox 1315 488 1410 546; x_wconf 86' lang='lat' dir='ltr'><strong>sed</strong></span> <span class='ocrx_word' id='word_1_9' title='bbox 1449 505 1479 546; x_wconf 89' lang='lat' dir='ltr'><strong>a</strong></span> <span class='ocrx_word' id='word_1_10' title='bbox 1511 489 1621 544; x_wconf 90' lang='lat' dir='ltr'><strong>Deo</strong></span> <span class='ocrx_word' id='word_1_11' title='bbox 1669 505 1773 546; x_wconf 90' lang='lat' dir='ltr'><strong>non</strong></span> <span class='ocrx_word' id='word_1_12' title='bbox 1806 486 2049 545; x_wconf 78' lang='lat' dir='ltr'><strong>recedes.</strong></span> 
     </span>
    </p>
   </div>
   <div class='ocr_carea' id='block_1_4' title="bbox 464 582 2054 656">
    <p class='ocr_par' dir='ltr' id='par_1_4' title="bbox 464 582 2054 656">
     <span class='ocr_line' id='line_1_4' title="bbox 464 582 2054 656; baseline -0.003 -15"><span class='ocrx_word' id='word_1_13' title='bbox 464 582 570 641; x_wconf 87' lang='lat' dir='ltr'><strong>Ubi</strong></span> <span class='ocrx_word' id='word_1_14' title='bbox 600 584 850 650; x_wconf 90' lang='lat' dir='ltr'><strong>volueris,</strong></span> <span class='ocrx_word' id='word_1_15' title='bbox 881 585 986 639; x_wconf 88' lang='lat' dir='ltr'><strong>eris</strong></span> <span class='ocrx_word' id='word_1_16' title='bbox 1014 603 1027 638; x_wconf 90' lang='lat'><strong>:</strong></span> <span class='ocrx_word' id='word_1_17' title='bbox 1058 584 1150 640; x_wconf 88' lang='lat' dir='ltr'><strong>sed</strong></span> <span class='ocrx_word' id='word_1_18' title='bbox 1175 599 1511 656; x_wconf 88' lang='lat' dir='ltr'><strong>quocumque</strong></span> <span class='ocrx_word' id='word_1_19' title='bbox 1544 583 1688 646; x_wconf 90' lang='lat' dir='ltr'><strong>ieris,</strong></span> <span class='ocrx_word' id='word_1_20' title='bbox 1712 584 1879 639; x_wconf 91' lang='lat' dir='ltr'><strong>Deum</strong></span> <span class='ocrx_word' id='word_1_21' title='bbox 1905 590 2054 637; x_wconf 90' lang='lat' dir='ltr'><strong>tuum</strong></span> 
     </span>
    </p>
   </div>
   <div class='ocr_carea' id='block_1_5' title="bbox 465 675 1943 749">
    <p class='ocr_par' dir='ltr' id='par_1_5' title="bbox 465 675 1943 749">
     <span class='ocr_line' id='line_1_5' title="bbox 465 675 1943 749; baseline -0.002 -17"><span class='ocrx_word' id='word_1_22' title='bbox 465 675 707 732; x_wconf 82' lang='lat' dir='ltr'><strong>habebis.</strong></span> <span class='ocrx_word' id='word_1_23' title='bbox 741 678 813 732; x_wconf 86' lang='lat' dir='ltr'><strong>De</strong></span> <span class='ocrx_word' id='word_1_24' title='bbox 833 694 937 749; x_wconf 92' lang='lat' dir='ltr'><strong>quo</strong></span> <span class='ocrx_word' id='word_1_25' title='bbox 961 679 1146 733; x_wconf 88' lang='lat' dir='ltr'><strong>beatus</strong></span> <span class='ocrx_word' id='word_1_26' title='bbox 1162 679 1288 742; x_wconf 91' lang='lat' dir='ltr'><strong>eris,</strong></span> <span class='ocrx_word' id='word_1_27' title='bbox 1318 693 1532 748; x_wconf 86' lang='lat' dir='ltr'><strong>semper</strong></span> <span class='ocrx_word' id='word_1_28' title='bbox 1555 692 1678 732; x_wconf 89' lang='lat' dir='ltr'><strong>cum</strong></span> <span class='ocrx_word' id='word_1_29' title='bbox 1706 677 1796 731; x_wconf 94' lang='lat' dir='ltr'><strong>illo</strong></span> <span class='ocrx_word' id='word_1_30' title='bbox 1817 678 1943 732; x_wconf 89' lang='lat' dir='ltr'><strong>eris.</strong></span> 
     </span>
    </p>
   </div>
   <div class='ocr_carea' id='block_1_6' title="bbox 537 768 2058 840">
    <p class='ocr_par' dir='ltr' id='par_1_6' title="bbox 537 768 2058 840">
     <span class='ocr_line' id='line_1_6' title="bbox 537 768 2058 840; baseline -0.001 -15"><span class='ocrx_word' id='word_1_31' title='bbox 537 768 625 825; x_wconf 76' lang='grc'><strong>12.</strong></span> <span class='ocrx_word' id='word_1_32' title='bbox 660 768 1059 825; x_wconf 81' lang='lat' dir='ltr'><strong>Resurrectionis</strong></span> <span class='ocrx_word' id='word_1_33' title='bbox 1104 771 1370 839; x_wconf 84' lang='lat' dir='ltr'><strong>promissio</strong></span> <span class='ocrx_word' id='word_1_34' title='bbox 1389 779 1460 825; x_wconf 89' lang='lat' dir='ltr'><strong>tot</strong></span> <span class='ocrx_word' id='word_1_35' title='bbox 1480 771 1593 824; x_wconf 88' lang='lat' dir='ltr'><strong>aliis</strong></span> <span class='ocrx_word' id='word_1_36' title='bbox 1635 769 1727 824; x_wconf 88' lang='lat' dir='ltr'><strong>Dei</strong></span> <span class='ocrx_word' id='word_1_37' title='bbox 1767 769 2058 840; x_wconf 86' lang='lat' dir='ltr'><strong>promissio-</strong></span> 
     </span>
    </p>
   </div>
   <div class='ocr_carea' id='block_1_7' title="bbox 463 860 2056 932">
    <p class='ocr_par' dir='ltr' id='par_1_7' title="bbox 463 860 2056 932">
     <span class='ocr_line' id='line_1_7' title="bbox 463 860 2056 932; baseline 0.001 -18"><span class='ocrx_word' id='word_1_38' title='bbox 463 860 610 916; x_wconf 87' lang='lat' dir='ltr'><strong>nibus</strong></span> <span class='ocrx_word' id='word_1_39' title='bbox 623 861 739 931; x_wconf 89' lang='lat' dir='ltr'><strong>jam</strong></span> <span class='ocrx_word' id='word_1_40' title='bbox 761 863 978 932; x_wconf 75' lang='lat' dir='ltr'><strong>impletis</strong></span> <span class='ocrx_word' id='word_1_41' title='bbox 1003 865 1350 932; x_wconf 78' lang='lat' dir='ltr'><strong>conﬁrmatur.</strong></span> <span class='ocrx_word' id='word_1_42' title='bbox 1382 862 1548 918; x_wconf 86' lang='lat' dir='ltr'><strong>Nemo</strong></span> <span class='ocrx_word' id='word_1_43' title='bbox 1575 879 1700 932; x_wconf 87' lang='lat' dir='ltr'><strong>ergo</strong></span> <span class='ocrx_word' id='word_1_44' title='bbox 1719 864 1879 929; x_wconf 83' lang='lat' dir='ltr'><strong>fallat,</strong></span> <span class='ocrx_word' id='word_1_45' title='bbox 1899 877 2056 916; x_wconf 89' lang='lat' dir='ltr'><strong>nemo</strong></span> 
     </span>
    </p>
   </div>
   <div class='ocr_carea' id='block_1_8' title="bbox 462 954 2058 1026">
    <p class='ocr_par' dir='ltr' id='par_1_8' title="bbox 462 954 2058 1026">
     <span class='ocr_line' id='line_1_8' title="bbox 462 954 2058 1026; baseline 0 -19"><span class='ocrx_word' id='word_1_46' title='bbox 462 964 884 1024; x_wconf 90' lang='lat' dir='ltr'><strong>argumentetur,</strong></span> <span class='ocrx_word' id='word_1_47' title='bbox 915 972 1072 1010; x_wconf 91' lang='lat' dir='ltr'><strong>nemo</strong></span> <span class='ocrx_word' id='word_1_48' title='bbox 1091 972 1186 1012; x_wconf 89' lang='lat' dir='ltr'><strong>sua</strong></span> <span class='ocrx_word' id='word_1_49' title='bbox 1206 955 1508 1026; x_wconf 82' lang='lat' dir='ltr'><strong>suSpicione</strong></span> <span class='ocrx_word' id='word_1_50' title='bbox 1533 955 1721 1010; x_wconf 88' lang='lat' dir='ltr'><strong>deliret</strong></span> <span class='ocrx_word' id='word_1_51' title='bbox 1747 974 1760 1009; x_wconf 89' lang='lat'><strong>:</strong></span> <span class='ocrx_word' id='word_1_52' title='bbox 1793 954 1933 1026; x_wconf 81' lang='lat' dir='ltr'><strong>quod</strong></span> <span class='ocrx_word' id='word_1_53' title='bbox 1957 969 2058 1008; x_wconf 89' lang='lat' dir='ltr'><strong>no-</strong></span> 
     </span>
    </p>
   </div>
   <div class='ocr_carea' id='block_1_9' title="bbox 461 1045 2053 1116">
    <p class='ocr_par' dir='ltr' id='par_1_9' title="bbox 461 1045 2053 1116">
     <span class='ocr_line' id='line_1_9' title="bbox 461 1045 2053 1116; baseline 0.001 -16"><span class='ocrx_word' id='word_1_54' title='bbox 461 1045 544 1100; x_wconf 88' lang='lat' dir='ltr'><strong>bis</strong></span> <span class='ocrx_word' id='word_1_55' title='bbox 577 1049 818 1116; x_wconf 76' lang='lat' dir='ltr'><strong>promisit</strong></span> <span class='ocrx_word' id='word_1_56' title='bbox 866 1048 1024 1113; x_wconf 88' lang='lat' dir='ltr'><strong>Deus,</strong></span> <span class='ocrx_word' id='word_1_57' title='bbox 1055 1057 1334 1103; x_wconf 90' lang='lat' dir='ltr'><strong>venturum</strong></span> <span class='ocrx_word' id='word_1_58' title='bbox 1381 1063 1500 1103; x_wconf 88' lang='lat' dir='ltr'><strong>esse</strong></span> <span class='ocrx_word' id='word_1_59' title='bbox 1527 1048 1825 1103; x_wconf 79' lang='lat' dir='ltr'><strong>certissime</strong></span> <span class='ocrx_word' id='word_1_60' title='bbox 1867 1057 2053 1102; x_wconf 83' lang='lat' dir='ltr'><strong>tenea-</strong></span> 
     </span>
    </p>
   </div>
   <div class='ocr_carea' id='block_1_10' title="bbox 462 1139 2055 1210">
    <p class='ocr_par' dir='ltr' id='par_1_10' title="bbox 462 1139 2055 1210">
     <span class='ocr_line' id='line_1_10' title="bbox 462 1139 2055 1210; baseline -0.001 -16"><span class='ocrx_word' id='word_1_61' title='bbox 462 1154 600 1194; x_wconf 88' lang='lat' dir='ltr'><strong>mus.</strong></span> <span class='ocrx_word' id='word_1_62' title='bbox 635 1139 856 1208; x_wconf 84' lang='lat' dir='ltr'><strong>Quando</strong></span> <span class='ocrx_word' id='word_1_63' title='bbox 883 1141 1159 1196; x_wconf 72' lang='lat' dir='ltr'><strong>videbatur</strong></span> <span class='ocrx_word' id='word_1_64' title='bbox 1174 1139 1438 1204; x_wconf 74' lang='lat' dir='ltr'><strong>Christus,</strong></span> <span class='ocrx_word' id='word_1_65' title='bbox 1461 1140 1656 1196; x_wconf 78' lang='lat' dir='ltr'><strong>fratres</strong></span> <span class='ocrx_word' id='word_1_66' title='bbox 1683 1141 1808 1206; x_wconf 90' lang='lat' dir='ltr'><strong>mei,</strong></span> <span class='ocrx_word' id='word_1_67' title='bbox 1839 1139 2055 1210; x_wconf 86' lang='lat' dir='ltr'><strong>quando</strong></span> 
     </span>
    </p>
   </div>
   <div class='ocr_carea' id='block_1_11' title="bbox 461 1233 2052 1304">
    <p class='ocr_par' dir='ltr' id='par_1_11' title="bbox 461 1233 2052 1304">
     <span class='ocr_line' id='line_1_11' title="bbox 461 1233 2052 1304; baseline 0 -16"><span class='ocrx_word' id='word_1_68' title='bbox 461 1233 680 1303; x_wconf 66' lang='lat' dir='ltr'><strong>Spiritus</strong></span> <span class='ocrx_word' id='word_1_69' title='bbox 709 1233 1012 1304; x_wconf 85' lang='lat' dir='ltr'><strong>putabatur,</strong></span> <span class='ocrx_word' id='word_1_70' title='bbox 1036 1242 1165 1288; x_wconf 93' lang='lat' dir='ltr'><strong>utse</strong></span> <span class='ocrx_word' id='word_1_71' title='bbox 1191 1249 1384 1304; x_wconf 85' lang='lat' dir='ltr'><strong>corpus</strong></span> <span class='ocrx_word' id='word_1_72' title='bbox 1407 1249 1526 1289; x_wconf 87' lang='lat' dir='ltr'><strong>esse</strong></span> <span class='ocrx_word' id='word_1_73' title='bbox 1552 1233 1918 1304; x_wconf 88' lang='lat' dir='ltr'><strong>persuaderet,</strong></span> <span class='ocrx_word' id='word_1_74' title='bbox 1945 1247 2052 1288; x_wconf 93' lang='lat' dir='ltr'><strong>non</strong></span> 
     </span>
    </p>
   </div>
   <div class='ocr_carea' id='block_1_12' title="bbox 470 1325 2055 1395">
    <p class='ocr_par' dir='ltr' id='par_1_12' title="bbox 470 1325 2055 1395">
     <span class='ocr_line' id='line_1_12' title="bbox 470 1325 2055 1395; baseline 0.001 -17"><span class='ocrx_word' id='word_1_75' title='bbox 470 1325 633 1380; x_wconf 88' lang='lat' dir='ltr'><strong>solum</strong></span> <span class='ocrx_word' id='word_1_76' title='bbox 657 1325 926 1395; x_wconf 58' lang='lat' dir='ltr'><strong>praebebat</strong></span> <span class='ocrx_word' id='word_1_77' title='bbox 949 1327 1121 1381; x_wconf 91' lang='lat' dir='ltr'><strong>oculis</strong></span> <span class='ocrx_word' id='word_1_78' title='bbox 1146 1327 1454 1389; x_wconf 88' lang='lat' dir='ltr'><strong>videndum,</strong></span> <span class='ocrx_word' id='word_1_79' title='bbox 1478 1325 1570 1381; x_wconf 91' lang='lat' dir='ltr'><strong>sed</strong></span> <span class='ocrx_word' id='word_1_80' title='bbox 1599 1326 1759 1380; x_wconf 89' lang='lat' dir='ltr'><strong>etiam</strong></span> <span class='ocrx_word' id='word_1_81' title='bbox 1809 1325 2055 1380; x_wconf 90' lang='lat' dir='ltr'><strong>manibus</strong></span> 
     </span>
    </p>
   </div>
   <div class='ocr_carea' id='block_1_13' title="bbox 464 1417 2053 1486">
    <p class='ocr_par' dir='ltr' id='par_1_13' title="bbox 464 1417 2053 1486">
     <span class='ocr_line' id='line_1_13' title="bbox 464 1417 2053 1486; baseline -0.001 -15"><span class='ocrx_word' id='word_1_82' title='bbox 464 1417 922 1473; x_wconf 89' lang='lat' dir='ltr'><strong>contrectandum.</strong></span> <span class='ocrx_word' id='word_1_83' title='bbox 950 1419 1152 1486; x_wconf 88' lang='lat' dir='ltr'><strong>Quibus</strong></span> <span class='ocrx_word' id='word_1_84' title='bbox 1195 1418 1261 1472; x_wconf 90' lang='lat' dir='ltr'><strong>ad</strong></span> <span class='ocrx_word' id='word_1_85' title='bbox 1310 1417 1668 1474; x_wconf 82' lang='lat' dir='ltr'><strong>exhibendam</strong></span> <span class='ocrx_word' id='word_1_86' title='bbox 1703 1417 1825 1471; x_wconf 88' lang='lat' dir='ltr'><strong>ﬁdei</strong></span> <span class='ocrx_word' id='word_1_87' title='bbox 1856 1417 2053 1471; x_wconf 85' lang='lat' dir='ltr'><strong>verita-</strong></span> 
     </span>
    </p>
   </div>
   <div class='ocr_carea' id='block_1_14' title="bbox 463 1513 2051 1584">
    <p class='ocr_par' dir='ltr' id='par_1_14' title="bbox 463 1513 2051 1584">
     <span class='ocr_line' id='line_1_14' title="bbox 463 1513 2051 1584; baseline 0.002 -19"><span class='ocrx_word' id='word_1_88' title='bbox 463 1519 571 1566; x_wconf 88' lang='lat' dir='ltr'><strong>tem</strong></span> <span class='ocrx_word' id='word_1_89' title='bbox 601 1513 650 1566; x_wconf 92' lang='lat' dir='ltr'><strong>in</strong></span> <span class='ocrx_word' id='word_1_90' title='bbox 697 1529 943 1584; x_wconf 90' lang='lat' dir='ltr'><strong>corpore,</strong></span> <span class='ocrx_word' id='word_1_91' title='bbox 989 1514 1234 1584; x_wconf 86' lang='lat' dir='ltr'><strong>dignatus</strong></span> <span class='ocrx_word' id='word_1_92' title='bbox 1260 1523 1342 1569; x_wconf 90' lang='lat' dir='ltr'><strong>est</strong></span> <span class='ocrx_word' id='word_1_93' title='bbox 1367 1513 1528 1569; x_wconf 87' lang='lat' dir='ltr'><strong>etiam</strong></span> <span class='ocrx_word' id='word_1_94' title='bbox 1557 1528 1661 1568; x_wconf 93' lang='lat' dir='ltr'><strong>non</strong></span> <span class='ocrx_word' id='word_1_95' title='bbox 1711 1513 2051 1581; x_wconf 78' lang='lat' dir='ltr'><strong>necessitate,</strong></span> 
     </span>
    </p>
   </div>
   <div class='ocr_carea' id='block_1_15' title="bbox 462 1605 2054 1675">
    <p class='ocr_par' dir='ltr' id='par_1_15' title="bbox 462 1605 2054 1675">
     <span class='ocr_line' id='line_1_15' title="bbox 462 1605 2054 1675; baseline 0.002 -18"><span class='ocrx_word' id='word_1_96' title='bbox 462 1605 555 1658; x_wconf 90' lang='lat' dir='ltr'><strong>sed</strong></span> <span class='ocrx_word' id='word_1_97' title='bbox 588 1615 852 1674; x_wconf 78' lang='lat' dir='ltr'><strong>potestate</strong></span> <span class='ocrx_word' id='word_1_98' title='bbox 891 1607 1068 1661; x_wconf 87' lang='lat' dir='ltr'><strong>cibum</strong></span> <span class='ocrx_word' id='word_1_99' title='bbox 1101 1621 1310 1661; x_wconf 88' lang='lat' dir='ltr'><strong>sumere</strong></span> <span class='ocrx_word' id='word_1_100' title='bbox 1345 1625 1358 1662; x_wconf 74' lang='grc' dir='ltr'><em>τ</em></span> <span class='ocrx_word' id='word_1_101' title='bbox 1413 1615 1587 1661; x_wconf 90' lang='lat' dir='ltr'><strong>tamen</strong></span> <span class='ocrx_word' id='word_1_102' title='bbox 1619 1606 1793 1661; x_wconf 89' lang='lat' dir='ltr'><strong>adhuc</strong></span> <span class='ocrx_word' id='word_1_103' title='bbox 1823 1606 1926 1660; x_wconf 89' lang='lat' dir='ltr'><strong>illis</strong></span> <span class='ocrx_word' id='word_1_104' title='bbox 1945 1620 2054 1675; x_wconf 70' lang='lat' dir='ltr'><strong>prae</strong></span> 
     </span>
    </p>
   </div>
   <div class='ocr_carea' id='block_1_16' title="bbox 462 1697 2056 1768">
    <p class='ocr_par' dir='ltr' id='par_1_16' title="bbox 462 1697 2056 1768">
     <span class='ocr_line' id='line_1_16' title="bbox 462 1697 2056 1768; baseline 0.001 -19"><span class='ocrx_word' id='word_1_105' title='bbox 462 1699 657 1768; x_wconf 90' lang='lat' dir='ltr'><strong>gaudio</strong></span> <span class='ocrx_word' id='word_1_106' title='bbox 687 1699 1072 1768; x_wconf 88' lang='lat' dir='ltr'><strong>trepidantibus</strong></span> <span class='ocrx_word' id='word_1_107' title='bbox 1098 1701 1136 1765; x_wconf 83' lang='lat'><strong>&#39;,</strong></span> <span class='ocrx_word' id='word_1_108' title='bbox 1171 1699 1565 1754; x_wconf 87' lang='lat' dir='ltr'><strong>ﬁrmamentum</strong></span> <span class='ocrx_word' id='word_1_109' title='bbox 1609 1698 1787 1753; x_wconf 87' lang='lat' dir='ltr'><strong>cordis</strong></span> <span class='ocrx_word' id='word_1_110' title='bbox 1815 1697 2056 1752; x_wconf 86' lang='lat' dir='ltr'><strong>adhibuit</strong></span> 
     </span>
    </p>
   </div>
   <div class='ocr_carea' id='block_1_17' title="bbox 463 1789 2056 1860">
    <p class='ocr_par' dir='ltr' id='par_1_17' title="bbox 463 1789 2056 1860">
     <span class='ocr_line' id='line_1_17' title="bbox 463 1789 2056 1860; baseline 0.001 -17"><span class='ocrx_word' id='word_1_111' title='bbox 463 1789 740 1844; x_wconf 89' lang='lat' dir='ltr'><strong>desanctis</strong></span> <span class='ocrx_word' id='word_1_112' title='bbox 779 1790 1064 1860; x_wconf 87' lang='lat' dir='ltr'><strong>Scripturis</strong></span> <span class='ocrx_word' id='word_1_113' title='bbox 1089 1808 1102 1855; x_wconf 90' lang='lat'><strong>;</strong></span> <span class='ocrx_word' id='word_1_114' title='bbox 1132 1799 1185 1845; x_wconf 93' lang='lat' dir='ltr'><strong>et</strong></span> <span class='ocrx_word' id='word_1_115' title='bbox 1210 1791 1283 1844; x_wconf 87' lang='lat' dir='ltr'><strong>ait</strong></span> <span class='ocrx_word' id='word_1_116' title='bbox 1309 1791 1433 1855; x_wconf 84' lang='lat' dir='ltr'><strong>illis,</strong></span> <span class='ocrx_word' id='word_1_117' title='bbox 1467 1789 1594 1844; x_wconf 59' lang='lat' dir='ltr'><strong>Haec</strong></span> <span class='ocrx_word' id='word_1_118' title='bbox 1624 1801 1739 1844; x_wconf 89' lang='lat' dir='ltr'><strong>sunt</strong></span> <span class='ocrx_word' id='word_1_119' title='bbox 1767 1791 1913 1842; x_wconf 87' lang='lat' dir='ltr'><strong>verba</strong></span> <span class='ocrx_word' id='word_1_120' title='bbox 1942 1805 2056 1860; x_wconf 73' lang='lat' dir='ltr'><strong>qua:</strong></span> 
     </span>
    </p>
   </div>
   <div class='ocr_carea' id='block_1_18' title="bbox 465 1880 2054 1952">
    <p class='ocr_par' dir='ltr' id='par_1_18' title="bbox 465 1880 2054 1952">
     <span class='ocr_line' id='line_1_18' title="bbox 465 1880 2054 1952; baseline 0.001 -17"><span class='ocrx_word' id='word_1_121' title='bbox 465 1880 663 1935; x_wconf 85' lang='lat' dir='ltr'><strong>locutus</strong></span> <span class='ocrx_word' id='word_1_122' title='bbox 711 1898 822 1935; x_wconf 88' lang='lat' dir='ltr'><strong>sum</strong></span> <span class='ocrx_word' id='word_1_123' title='bbox 851 1883 918 1935; x_wconf 86' lang='lat' dir='ltr'><strong>ad</strong></span> <span class='ocrx_word' id='word_1_124' title='bbox 954 1900 1059 1946; x_wconf 88' lang='lat' dir='ltr'><strong>vos,</strong></span> <span class='ocrx_word' id='word_1_125' title='bbox 1088 1899 1202 1935; x_wconf 85' lang='lat' dir='ltr'><strong>cum</strong></span> <span class='ocrx_word' id='word_1_126' title='bbox 1232 1883 1398 1935; x_wconf 86' lang='lat' dir='ltr'><strong>adhuc</strong></span> <span class='ocrx_word' id='word_1_127' title='bbox 1429 1899 1583 1936; x_wconf 85' lang='lat' dir='ltr'><strong>essent</strong></span> <span class='ocrx_word' id='word_1_128' title='bbox 1612 1883 1861 1936; x_wconf 80' lang='lat' dir='ltr'><strong>vobiscum</strong></span> <span class='ocrx_word' id='word_1_129' title='bbox 1885 1900 1902 1935; x_wconf 94' lang='lat'><em>:</em></span> <span class='ocrx_word' id='word_1_130' title='bbox 1923 1899 2054 1952; x_wconf 87' lang='lat' dir='ltr'><strong>quo-</strong></span> 
     </span>
    </p>
   </div>
   <div class='ocr_carea' id='block_1_19' title="bbox 463 1973 2053 2046">
    <p class='ocr_par' dir='ltr' id='par_1_19' title="bbox 463 1973 2053 2046">
     <span class='ocr_line' id='line_1_19' title="bbox 463 1973 2053 2046; baseline -0.001 -19"><span class='ocrx_word' id='word_1_131' title='bbox 463 1975 603 2028; x_wconf 82' lang='lat' dir='ltr'><strong>niam</strong></span> <span class='ocrx_word' id='word_1_132' title='bbox 628 1991 824 2028; x_wconf 88' lang='lat' dir='ltr'><strong>necesse</strong></span> <span class='ocrx_word' id='word_1_133' title='bbox 849 1986 920 2028; x_wconf 91' lang='lat' dir='ltr'><strong>est</strong></span> <span class='ocrx_word' id='word_1_134' title='bbox 950 1975 1149 2046; x_wconf 84' lang='lat' dir='ltr'><strong>impleri</strong></span> <span class='ocrx_word' id='word_1_135' title='bbox 1182 1976 1350 2028; x_wconf 86' lang='lat' dir='ltr'><strong>omnia</strong></span> <span class='ocrx_word' id='word_1_136' title='bbox 1375 1990 1488 2044; x_wconf 73' lang='lat' dir='ltr'><strong>qua:</strong></span> <span class='ocrx_word' id='word_1_137' title='bbox 1516 1975 1704 2044; x_wconf 86' lang='lat' dir='ltr'><strong>scripta</strong></span> <span class='ocrx_word' id='word_1_138' title='bbox 1720 1984 1834 2028; x_wconf 89' lang='lat' dir='ltr'><strong>sunt</strong></span> <span class='ocrx_word' id='word_1_139' title='bbox 1865 1975 1919 2028; x_wconf 89' lang='lat' dir='ltr'><strong>in</strong></span> <span class='ocrx_word' id='word_1_140' title='bbox 1953 1973 2053 2026; x_wconf 87' lang='lat' dir='ltr'><strong>Le-</strong></span> 
     </span>
    </p>
   </div>
   <div class='ocr_carea' id='block_1_20' title="bbox 463 2066 2056 2140">
    <p class='ocr_par' dir='ltr' id='par_1_20' title="bbox 463 2066 2056 2140">
     <span class='ocr_line' id='line_1_20' title="bbox 463 2066 2056 2140; baseline -0.003 -19"><span class='ocrx_word' id='word_1_141' title='bbox 463 2084 526 2140; x_wconf 87' lang='lat' dir='ltr'><strong>ge</strong></span> <span class='ocrx_word' id='word_1_142' title='bbox 555 2066 740 2137; x_wconf 84' lang='lat' dir='ltr'><strong>Moysi,</strong></span> <span class='ocrx_word' id='word_1_143' title='bbox 773 2078 818 2120; x_wconf 88' lang='lat' dir='ltr'><strong>et</strong></span> <span class='ocrx_word' id='word_1_144' title='bbox 844 2066 1133 2134; x_wconf 83' lang='lat' dir='ltr'><strong>Prophetis,</strong></span> <span class='ocrx_word' id='word_1_145' title='bbox 1166 2078 1210 2120; x_wconf 89' lang='lat' dir='ltr'><strong>et</strong></span> <span class='ocrx_word' id='word_1_146' title='bbox 1235 2066 1451 2122; x_wconf 80' lang='lat' dir='ltr'><strong>Psalmis</strong></span> <span class='ocrx_word' id='word_1_147' title='bbox 1471 2067 1533 2120; x_wconf 85' lang='lat' dir='ltr'><strong>de</strong></span> <span class='ocrx_word' id='word_1_148' title='bbox 1570 2083 1668 2120; x_wconf 89' lang='lat' dir='ltr'><strong>me.</strong></span> <span class='ocrx_word' id='word_1_149' title='bbox 1694 2066 1832 2120; x_wconf 88' lang='lat' dir='ltr'><strong>Tunc</strong></span> <span class='ocrx_word' id='word_1_150' title='bbox 1855 2066 2056 2136; x_wconf 88' lang='lat' dir='ltr'><strong>aperuit</strong></span> 
     </span>
    </p>
   </div>
   <div class='ocr_carea' id='block_1_21' title="bbox 464 2156 2059 2228">
    <p class='ocr_par' dir='ltr' id='par_1_21' title="bbox 464 2156 2059 2228">
     <span class='ocr_line' id='line_1_21' title="bbox 464 2156 2059 2228; baseline -0.002 -14"><span class='ocrx_word' id='word_1_151' title='bbox 464 2160 570 2214; x_wconf 66' lang='lat' dir='ltr'><strong>illis</strong></span> <span class='ocrx_word' id='word_1_152' title='bbox 597 2176 818 2226; x_wconf 82' lang='lat' dir='ltr'><strong>sensum,</strong></span> <span class='ocrx_word' id='word_1_153' title='bbox 851 2160 986 2214; x_wconf 85' lang='lat' dir='ltr'><strong>sicut</strong></span> <span class='ocrx_word' id='word_1_154' title='bbox 1042 2159 1386 2228; x_wconf 83' lang='lat' dir='ltr'><strong>Evangelium</strong></span> <span class='ocrx_word' id='word_1_155' title='bbox 1441 2159 1694 2227; x_wconf 88' lang='lat' dir='ltr'><strong>loquitur,</strong></span> <span class='ocrx_word' id='word_1_156' title='bbox 1724 2157 1866 2227; x_wconf 92' lang='lat' dir='ltr'><strong>quod</strong></span> <span class='ocrx_word' id='word_1_157' title='bbox 1897 2156 2059 2212; x_wconf 91' lang='lat' dir='ltr'><strong>modo</strong></span> 
     </span>
    </p>
   </div>
   <div class='ocr_carea' id='block_1_22' title="bbox 466 2248 2056 2320">
    <p class='ocr_par' dir='ltr' id='par_1_22' title="bbox 466 2248 2056 2320">
     <span class='ocr_line' id='line_1_22' title="bbox 466 2248 2056 2320; baseline -0.002 -15"><span class='ocrx_word' id='word_1_158' title='bbox 466 2250 664 2305; x_wconf 86' lang='lat' dir='ltr'><strong>lectum</strong></span> <span class='ocrx_word' id='word_1_159' title='bbox 711 2259 812 2313; x_wconf 89' lang='lat' dir='ltr'><strong>est,</strong></span> <span class='ocrx_word' id='word_1_160' title='bbox 865 2260 917 2304; x_wconf 90' lang='lat' dir='ltr'><strong>ut</strong></span> <span class='ocrx_word' id='word_1_161' title='bbox 959 2248 1293 2320; x_wconf 80' lang='lat' dir='ltr'><strong>intelligerent</strong></span> <span class='ocrx_word' id='word_1_162' title='bbox 1338 2249 1682 2318; x_wconf 86' lang='lat' dir='ltr'><strong>Scripturas;</strong></span> <span class='ocrx_word' id='word_1_163' title='bbox 1733 2258 1780 2302; x_wconf 90' lang='lat' dir='ltr'><strong>et</strong></span> <span class='ocrx_word' id='word_1_164' title='bbox 1807 2248 1933 2302; x_wconf 73' lang='lat' dir='ltr'><strong>dixit</strong></span> <span class='ocrx_word' id='word_1_165' title='bbox 1963 2250 2056 2315; x_wconf 80' lang='lat' dir='ltr'><strong>eis,</strong></span> 
     </span>
    </p>
   </div>
   <div class='ocr_carea' id='block_1_23' title="bbox 469 2341 2046 2414">
    <p class='ocr_par' dir='ltr' id='par_1_23' title="bbox 469 2341 2046 2414">
     <span class='ocr_line' id='line_1_23' title="bbox 469 2341 2046 2414; baseline -0.003 -15"><span class='ocrx_word' id='word_1_166' title='bbox 469 2345 602 2411; x_wconf 84' lang='lat' dir='ltr'><strong>Quia</strong></span> <span class='ocrx_word' id='word_1_167' title='bbox 647 2345 718 2400; x_wconf 91' lang='lat' dir='ltr'><strong>sic</strong></span> <span class='ocrx_word' id='word_1_168' title='bbox 759 2344 1004 2414; x_wconf 86' lang='lat' dir='ltr'><strong>scriptum</strong></span> <span class='ocrx_word' id='word_1_169' title='bbox 1048 2353 1142 2410; x_wconf 90' lang='lat' dir='ltr'><strong>est,</strong></span> <span class='ocrx_word' id='word_1_170' title='bbox 1172 2353 1217 2397; x_wconf 86' lang='lat' dir='ltr'><strong>et</strong></span> <span class='ocrx_word' id='word_1_171' title='bbox 1244 2343 1315 2397; x_wconf 84' lang='lat' dir='ltr'><strong>sic</strong></span> <span class='ocrx_word' id='word_1_172' title='bbox 1341 2342 1599 2414; x_wconf 83' lang='lat' dir='ltr'><strong>Oportebat</strong></span> <span class='ocrx_word' id='word_1_173' title='bbox 1626 2341 1883 2395; x_wconf 82' lang='lat' dir='ltr'><strong>Christum</strong></span> <span class='ocrx_word' id='word_1_174' title='bbox 1915 2342 2046 2412; x_wconf 85' lang='lat' dir='ltr'><strong>pati,</strong></span> 
     </span>
    </p>
   </div>
   <div class='ocr_carea' id='block_1_24' title="bbox 467 2433 2063 2509">
    <p class='ocr_par' dir='ltr' id='par_1_24' title="bbox 467 2433 2063 2509">
     <span class='ocr_line' id='line_1_24' title="bbox 467 2433 2063 2509; baseline -0.003 -18"><span class='ocrx_word' id='word_1_175' title='bbox 467 2446 515 2491; x_wconf 86' lang='lat' dir='ltr'><strong>et</strong></span> <span class='ocrx_word' id='word_1_176' title='bbox 543 2452 800 2509; x_wconf 85' lang='lat' dir='ltr'><strong>resurgere</strong></span> <span class='ocrx_word' id='word_1_177' title='bbox 823 2453 853 2490; x_wconf 90' lang='lat' dir='ltr'><strong>a</strong></span> <span class='ocrx_word' id='word_1_178' title='bbox 881 2437 1092 2491; x_wconf 83' lang='lat' dir='ltr'><strong>mortuis</strong></span> <span class='ocrx_word' id='word_1_179' title='bbox 1123 2436 1265 2489; x_wconf 88' lang='lat' dir='ltr'><strong>tertio</strong></span> <span class='ocrx_word' id='word_1_180' title='bbox 1310 2434 1411 2501; x_wconf 85' lang='lat' dir='ltr'><strong>die,</strong></span> <span class='ocrx_word' id='word_1_181' title='bbox 1445 2445 1488 2489; x_wconf 91' lang='lat' dir='ltr'><strong>et</strong></span> <span class='ocrx_word' id='word_1_182' title='bbox 1520 2433 1788 2506; x_wconf 80' lang='lat' dir='ltr'><strong>prtedicari</strong></span> <span class='ocrx_word' id='word_1_183' title='bbox 1817 2434 1869 2487; x_wconf 87' lang='lat' dir='ltr'><strong>in</strong></span> <span class='ocrx_word' id='word_1_184' title='bbox 1897 2433 2063 2487; x_wconf 85' lang='lat' dir='ltr'><strong>nanti-</strong></span> 
     </span>
    </p>
   </div>
   <div class='ocr_carea' id='block_1_25' title="bbox 467 2527 2063 2601">
    <p class='ocr_par' dir='ltr' id='par_1_25' title="bbox 467 2527 2063 2601">
     <span class='ocr_line' id='line_1_25' title="bbox 467 2527 2063 2601; baseline -0.002 -18"><span class='ocrx_word' id='word_1_185' title='bbox 467 2545 533 2584; x_wconf 89' lang='lat' dir='ltr'><strong>ne</strong></span> <span class='ocrx_word' id='word_1_186' title='bbox 545 2531 653 2601; x_wconf 85' lang='lat' dir='ltr'><strong>ejus</strong></span> <span class='ocrx_word' id='word_1_187' title='bbox 672 2529 1007 2598; x_wconf 77' lang='lat' dir='ltr'><strong>paenitentiam</strong></span> <span class='ocrx_word' id='word_1_188' title='bbox 1023 2539 1069 2581; x_wconf 88' lang='lat' dir='ltr'><strong>et</strong></span> <span class='ocrx_word' id='word_1_189' title='bbox 1088 2527 1432 2582; x_wconf 85' lang='lat' dir='ltr'><strong>remissionem</strong></span> <span class='ocrx_word' id='word_1_190' title='bbox 1452 2535 1768 2596; x_wconf 82' lang='lat' dir='ltr'><strong>peccatorum</strong></span> <span class='ocrx_word' id='word_1_191' title='bbox 1785 2541 1874 2596; x_wconf 87' lang='lat' dir='ltr'><strong>per</strong></span> <span class='ocrx_word' id='word_1_192' title='bbox 1890 2541 2063 2580; x_wconf 85' lang='lat' dir='ltr'><strong>omnes</strong></span> 
     </span>
    </p>
   </div>
   <div class='ocr_carea' id='block_1_26' title="bbox 468 2616 2059 2692">
    <p class='ocr_par' dir='ltr' id='par_1_26' title="bbox 468 2616 2059 2692">
     <span class='ocr_line' id='line_1_26' title="bbox 468 2616 2059 2692; baseline -0.004 -17"><span class='ocrx_word' id='word_1_193' title='bbox 468 2631 657 2692; x_wconf 82' lang='lat' dir='ltr'><strong>gentes,</strong></span> <span class='ocrx_word' id='word_1_194' title='bbox 683 2621 1035 2691; x_wconf 83' lang='lat' dir='ltr'><strong>incipientibus</strong></span> <span class='ocrx_word' id='word_1_195' title='bbox 1055 2618 1118 2672; x_wconf 90' lang='lat' dir='ltr'><strong>ab</strong></span> <span class='ocrx_word' id='word_1_196' title='bbox 1146 2617 1433 2672; x_wconf 84' lang='lat' dir='ltr'><strong>Jerusalem</strong></span> <span class='ocrx_word' id='word_1_197' title='bbox 1457 2617 1474 2688; x_wconf 93' lang='lat'>(</span> <span class='ocrx_word' id='word_1_198' title='bbox 1496 2616 1624 2669; x_wconf 87' lang='lat' dir='ltr'><strong>Luc.</strong></span> <span class='ocrx_word' id='word_1_199' title='bbox 1656 2633 1799 2678; x_wconf 86' lang='lat' dir='ltr'><strong>xxtv,</strong></span> <span class='ocrx_word' id='word_1_200' title='bbox 1833 2616 2059 2686; x_wconf 69' lang='grc' dir='ltr'><strong>[μί-47).</strong></span> 
     </span>
    </p>
   </div>
   <div class='ocr_carea' id='block_1_27' title="bbox 467 2699 2062 2778">
    <p class='ocr_par' dir='ltr' id='par_1_27' title="bbox 467 2699 2062 2778">
     <span class='ocr_line' id='line_1_27' title="bbox 467 2699 2062 2778; baseline -0.005 -7"><span class='ocrx_word' id='word_1_201' title='bbox 467 2714 600 2772; x_wconf 83' lang='lat' dir='ltr'><strong>Illud</strong></span> <span class='ocrx_word' id='word_1_202' title='bbox 623 2731 725 2770; x_wconf 92' lang='lat' dir='ltr'><strong>non</strong></span> <span class='ocrx_word' id='word_1_203' title='bbox 745 2713 990 2778; x_wconf 85' lang='lat' dir='ltr'><strong>vidimus,</strong></span> <span class='ocrx_word' id='word_1_204' title='bbox 1016 2712 1112 2768; x_wconf 88' lang='lat' dir='ltr'><strong>sed</strong></span> <span class='ocrx_word' id='word_1_205' title='bbox 1131 2699 1242 2767; x_wconf 19' lang='lat' dir='ltr'><strong>[hoc</strong></span> <span class='ocrx_word' id='word_1_206' title='bbox 1267 2710 1532 2766; x_wconf 88' lang='lat' dir='ltr'><strong>videmus.</strong></span> <span class='ocrx_word' id='word_1_207' title='bbox 1557 2709 1781 2777; x_wconf 90' lang='lat' dir='ltr'><strong>Quando</strong></span> <span class='ocrx_word' id='word_1_208' title='bbox 1809 2709 1904 2762; x_wconf 91' lang='lat' dir='ltr'><strong>ista</strong></span> <span class='ocrx_word' id='word_1_209' title='bbox 1934 2723 2062 2778; x_wconf 91' lang='lat' dir='ltr'><strong>pro-</strong></span> 
     </span>
    </p>
   </div>
   <div class='ocr_carea' id='block_1_28' title="bbox 469 2805 2060 2878">
    <p class='ocr_par' dir='ltr' id='par_1_28' title="bbox 469 2805 2060 2878">
     <span class='ocr_line' id='line_1_28' title="bbox 469 2805 2060 2878; baseline -0.006 -10"><span class='ocrx_word' id='word_1_210' title='bbox 469 2813 833 2878; x_wconf 85' lang='lat' dir='ltr'><strong>mittebantur,</strong></span> <span class='ocrx_word' id='word_1_211' title='bbox 863 2809 1094 2864; x_wconf 92' lang='lat' dir='ltr'><strong>nondum</strong></span> <span class='ocrx_word' id='word_1_212' title='bbox 1135 2807 1474 2863; x_wconf 87' lang='lat' dir='ltr'><strong>videbantur.</strong></span> <span class='ocrx_word' id='word_1_213' title='bbox 1506 2806 1749 2874; x_wconf 83' lang='lat' dir='ltr'><strong>Apostoli</strong></span> <span class='ocrx_word' id='word_1_214' title='bbox 1788 2805 2060 2860; x_wconf 87' lang='lat' dir='ltr'><strong>Christum</strong></span> 
     </span>
    </p>
   </div>
   <div class='ocr_carea' id='block_1_29' title="bbox 470 2897 2062 2980">
    <p class='ocr_par' dir='ltr' id='par_1_29' title="bbox 470 2897 2062 2980">
     <span class='ocr_line' id='line_1_29' title="bbox 470 2897 2062 2980; baseline -0.007 -17"><span class='ocrx_word' id='word_1_215' title='bbox 470 2915 788 2980; x_wconf 70' lang='lat' dir='ltr'><strong>praesentem</strong></span> <span class='ocrx_word' id='word_1_216' title='bbox 809 2905 1090 2960; x_wconf 88' lang='lat' dir='ltr'><strong>videbant:</strong></span> <span class='ocrx_word' id='word_1_217' title='bbox 1114 2901 1206 2958; x_wconf 90' lang='lat' dir='ltr'><strong>sed</strong></span> <span class='ocrx_word' id='word_1_218' title='bbox 1231 2910 1341 2958; x_wconf 92' lang='lat' dir='ltr'><strong>toto</strong></span> <span class='ocrx_word' id='word_1_219' title='bbox 1374 2901 1504 2956; x_wconf 91' lang='lat' dir='ltr'><strong>orbe</strong></span> <span class='ocrx_word' id='word_1_220' title='bbox 1522 2909 1785 2954; x_wconf 85' lang='lat' dir='ltr'><strong>terrarum</strong></span> <span class='ocrx_word' id='word_1_221' title='bbox 1815 2897 2062 2953; x_wconf 81' lang='lat' dir='ltr'><strong>diﬁ‘usam</strong></span> 
     </span>
    </p>
   </div>
   <div class='ocr_carea' id='block_1_30' title="bbox 472 2991 2063 3062">
    <p class='ocr_par' dir='ltr' id='par_1_30' title="bbox 472 2991 2063 3062">
     <span class='ocr_line' id='line_1_30' title="bbox 472 2991 2063 3062; baseline -0.006 -8"><span class='ocrx_word' id='word_1_222' title='bbox 472 3000 769 3055; x_wconf 87' lang='lat' dir='ltr'><strong>Ecclesiam</strong></span> <span class='ocrx_word' id='word_1_223' title='bbox 799 3013 902 3052; x_wconf 92' lang='lat' dir='ltr'><strong>non</strong></span> <span class='ocrx_word' id='word_1_224' title='bbox 918 2997 1171 3052; x_wconf 87' lang='lat' dir='ltr'><strong>videbant</strong></span> <span class='ocrx_word' id='word_1_225' title='bbox 1203 3014 1215 3049; x_wconf 93' lang='lat'>:</span> <span class='ocrx_word' id='word_1_226' title='bbox 1253 2994 1504 3050; x_wconf 88' lang='lat' dir='ltr'><strong>videbant</strong></span> <span class='ocrx_word' id='word_1_227' title='bbox 1541 3001 1721 3062; x_wconf 90' lang='lat' dir='ltr'><strong>caput,</strong></span> <span class='ocrx_word' id='word_1_228' title='bbox 1754 3000 1809 3047; x_wconf 90' lang='lat' dir='ltr'><strong>et</strong></span> <span class='ocrx_word' id='word_1_229' title='bbox 1837 2991 1904 3047; x_wconf 91' lang='lat' dir='ltr'><strong>de</strong></span> <span class='ocrx_word' id='word_1_230' title='bbox 1937 3005 2063 3044; x_wconf 91' lang='lat' dir='ltr'><strong>cor-</strong></span> 
     </span>
    </p>
   </div>
   <div class='ocr_carea' id='block_1_31' title="bbox 473 3082 2066 3162">
    <p class='ocr_par' dir='ltr' id='par_1_31' title="bbox 473 3082 2066 3162">
     <span class='ocr_line' id='line_1_31' title="bbox 473 3082 2066 3162; baseline -0.004 -18"><span class='ocrx_word' id='word_1_231' title='bbox 473 3106 606 3162; x_wconf 89' lang='lat' dir='ltr'><strong>pore</strong></span> <span class='ocrx_word' id='word_1_232' title='bbox 652 3089 961 3145; x_wconf 86' lang='lat' dir='ltr'><strong>credebant.</strong></span> <span class='ocrx_word' id='word_1_233' title='bbox 1016 3088 1286 3142; x_wconf 83' lang='lat' dir='ltr'><strong>Habemus</strong></span> <span class='ocrx_word' id='word_1_234' title='bbox 1335 3086 1478 3140; x_wconf 88' lang='lat' dir='ltr'><strong>vices</strong></span> <span class='ocrx_word' id='word_1_235' title='bbox 1527 3093 1757 3148; x_wconf 88' lang='lat' dir='ltr'><strong>nostras,</strong></span> <span class='ocrx_word' id='word_1_236' title='bbox 1805 3082 2066 3138; x_wconf 88' lang='lat' dir='ltr'><strong>habemus</strong></span> 
     </span>
    </p>
   </div>
   <div class='ocr_carea' id='block_1_32' title="bbox 473 3175 2064 3252">
    <p class='ocr_par' dir='ltr' id='par_1_32' title="bbox 473 3175 2064 3252">
     <span class='ocr_line' id='line_1_32' title="bbox 473 3175 2064 3252; baseline -0.005 -16"><span class='ocrx_word' id='word_1_237' title='bbox 473 3182 696 3252; x_wconf 88' lang='lat' dir='ltr'><strong>gratiam</strong></span> <span class='ocrx_word' id='word_1_238' title='bbox 727 3179 1140 3250; x_wconf 87' lang='lat' dir='ltr'><strong>dispensationis</strong></span> <span class='ocrx_word' id='word_1_239' title='bbox 1180 3188 1234 3233; x_wconf 92' lang='lat' dir='ltr'><strong>et</strong></span> <span class='ocrx_word' id='word_1_240' title='bbox 1273 3175 1662 3231; x_wconf 89' lang='lat' dir='ltr'><strong>distributionis</strong></span> <span class='ocrx_word' id='word_1_241' title='bbox 1702 3183 1897 3229; x_wconf 76' lang='lat' dir='ltr'><strong>nostra:</strong></span> <span class='ocrx_word' id='word_1_242' title='bbox 1932 3193 1946 3228; x_wconf 89' lang='lat'><strong>:</strong></span> <span class='ocrx_word' id='word_1_243' title='bbox 1994 3175 2064 3228; x_wconf 92' lang='lat' dir='ltr'><strong>ad</strong></span> 
     </span>
    </p>
   </div>
   <div class='ocr_carea' id='block_1_33' title="bbox 474 3264 2067 3334">
    <p class='ocr_par' dir='ltr' id='par_1_33' title="bbox 474 3264 2067 3334">
     <span class='ocr_line' id='line_1_33' title="bbox 474 3264 2067 3334; baseline -0.006 -6"><span class='ocrx_word' id='word_1_244' title='bbox 474 3271 804 3328; x_wconf 88' lang='lat' dir='ltr'><strong>credendum</strong></span> <span class='ocrx_word' id='word_1_245' title='bbox 855 3269 1170 3325; x_wconf 85' lang='lat' dir='ltr'><strong>certissimis</strong></span> <span class='ocrx_word' id='word_1_246' title='bbox 1212 3267 1566 3330; x_wconf 89' lang='lat' dir='ltr'><strong>documentis,</strong></span> <span class='ocrx_word' id='word_1_247' title='bbox 1624 3275 1858 3334; x_wconf 90' lang='lat' dir='ltr'><strong>tempora</strong></span> <span class='ocrx_word' id='word_1_248' title='bbox 1911 3264 2067 3320; x_wconf 92' lang='lat' dir='ltr'><strong>nobis</strong></span> 
     </span>
    </p>
   </div>
   <div class='ocr_carea' id='block_1_34' title="bbox 474 3358 2068 3428">
    <p class='ocr_par' dir='ltr' id='par_1_34' title="bbox 474 3358 2068 3428">
     <span class='ocr_line' id='line_1_34' title="bbox 474 3358 2068 3428; baseline -0.004 -9"><span class='ocrx_word' id='word_1_249' title='bbox 474 3365 530 3420; x_wconf 89' lang='lat' dir='ltr'><strong>in</strong></span> <span class='ocrx_word' id='word_1_250' title='bbox 559 3379 662 3418; x_wconf 87' lang='lat' dir='ltr'><strong>una</strong></span> <span class='ocrx_word' id='word_1_251' title='bbox 713 3362 818 3417; x_wconf 90' lang='lat' dir='ltr'><strong>ﬁde</strong></span> <span class='ocrx_word' id='word_1_252' title='bbox 879 3369 1003 3415; x_wconf 92' lang='lat' dir='ltr'><strong>sunt</strong></span> <span class='ocrx_word' id='word_1_253' title='bbox 1045 3359 1350 3414; x_wconf 87' lang='lat' dir='ltr'><strong>distributa.</strong></span> <span class='ocrx_word' id='word_1_254' title='bbox 1385 3358 1464 3413; x_wconf 91' lang='lat' dir='ltr'><strong>llli</strong></span> <span class='ocrx_word' id='word_1_255' title='bbox 1507 3358 1758 3414; x_wconf 87' lang='lat' dir='ltr'><strong>videbant</strong></span> <span class='ocrx_word' id='word_1_256' title='bbox 1788 3367 1966 3428; x_wconf 91' lang='lat' dir='ltr'><strong>caput,</strong></span> <span class='ocrx_word' id='word_1_257' title='bbox 2012 3365 2068 3412; x_wconf 92' lang='lat' dir='ltr'><strong>et</strong></span> 
     </span>
    </p>
   </div>
   <div class='ocr_carea' id='block_1_35' title="bbox 474 3451 2064 3524">
    <p class='ocr_par' dir='ltr' id='par_1_35' title="bbox 474 3451 2064 3524">
     <span class='ocr_line' id='line_1_35' title="bbox 474 3451 2064 3524; baseline -0.004 -12"><span class='ocrx_word' id='word_1_258' title='bbox 474 3456 766 3512; x_wconf 90' lang='lat' dir='ltr'><strong>credebant</strong></span> <span class='ocrx_word' id='word_1_259' title='bbox 812 3456 880 3510; x_wconf 90' lang='lat' dir='ltr'><strong>de</strong></span> <span class='ocrx_word' id='word_1_260' title='bbox 926 3469 1190 3524; x_wconf 88' lang='lat' dir='ltr'><strong>corpore:</strong></span> <span class='ocrx_word' id='word_1_261' title='bbox 1224 3469 1322 3509; x_wconf 90' lang='lat' dir='ltr'><strong>nos</strong></span> <span class='ocrx_word' id='word_1_262' title='bbox 1348 3453 1590 3508; x_wconf 90' lang='lat' dir='ltr'><strong>videmus</strong></span> <span class='ocrx_word' id='word_1_263' title='bbox 1618 3467 1833 3522; x_wconf 90' lang='lat' dir='ltr'><strong>corpus,</strong></span> <span class='ocrx_word' id='word_1_264' title='bbox 1874 3451 2064 3507; x_wconf 85' lang='lat' dir='ltr'><strong>creda-</strong></span> 
     </span>
    </p>
   </div>
   <div class='ocr_carea' id='block_1_36' title="bbox 475 3547 899 3619">
    <p class='ocr_par' dir='ltr' id='par_1_36' title="bbox 475 3547 899 3619">
     <span class='ocr_line' id='line_1_36' title="bbox 475 3547 899 3619; baseline -0.009 -13"><span class='ocrx_word' id='word_1_265' title='bbox 475 3562 597 3606; x_wconf 85' lang='lat' dir='ltr'><strong>mus</strong></span> <span class='ocrx_word' id='word_1_266' title='bbox 620 3547 688 3604; x_wconf 91' lang='lat' dir='ltr'><strong>de</strong></span> <span class='ocrx_word' id='word_1_267' title='bbox 706 3547 899 3619; x_wconf 89' lang='lat' dir='ltr'><strong>capite.</strong></span> 
     </span>
    </p>
   </div>
   <div class='ocr_carea' id='block_1_37' title="bbox 925 3633 1638 3706">
    <p class='ocr_par' dir='ltr' id='par_1_37' title="bbox 925 3633 1638 3706">
     <span class='ocr_line' id='line_1_37' title="bbox 925 3633 1638 3706; baseline -0.008 -13"><span class='ocrx_word' id='word_1_268' title='bbox 925 3635 1156 3694; x_wconf 56' lang='grc' dir='ltr'>δειξΜο</span> <span class='ocrx_word' id='word_1_269' title='bbox 1209 3633 1455 3691; x_wconf 79' lang='lat' dir='ltr'><strong>ccxutt</strong></span> <span class='ocrx_word' id='word_1_270' title='bbox 1489 3637 1508 3658; x_wconf 70' lang='grc' dir='ltr'><strong><em>ο</em></strong></span> <span class='ocrx_word' id='word_1_271' title='bbox 1539 3634 1638 3706; x_wconf 89' lang='grc' dir='ltr'><strong>(α).</strong></span> 
     </span>
    </p>
   </div>
   <div class='ocr_carea' id='block_1_38' title="bbox 909 3748 1634 3810">
    <p class='ocr_par' dir='ltr' id='par_1_38' title="bbox 909 3748 1634 3810">
     <span class='ocr_line' id='line_1_38' title="bbox 909 3748 1634 3810; baseline -0.007 -7"><span class='ocrx_word' id='word_1_272' title='bbox 909 3759 958 3803; x_wconf 86' lang='grc' dir='ltr'>ω</span> <span class='ocrx_word' id='word_1_273' title='bbox 977 3751 1154 3803; x_wconf 89' lang='lat' dir='ltr'><strong>diebus</strong></span> <span class='ocrx_word' id='word_1_274' title='bbox 1182 3748 1503 3810; x_wconf 84' lang='lat' dir='ltr'><strong>Paschalibus,</strong></span> <span class='ocrx_word' id='word_1_275' title='bbox 1537 3761 1634 3799; x_wconf 71' lang='lat' dir='ltr'><strong>xxv.</strong></span> 
     </span>
    </p>
   </div>
   <div class='ocr_carea' id='block_1_39' title="bbox 474 3853 2067 3921">
    <p class='ocr_par' dir='ltr' id='par_1_39' title="bbox 474 3853 2067 3921">
     <span class='ocr_line' id='line_1_39' title="bbox 474 3853 2067 3921; baseline -0.006 -3"><span class='ocrx_word' id='word_1_276' title='bbox 474 3860 558 3918; x_wconf 86' lang='lat' dir='ltr'><strong>De</strong></span> <span class='ocrx_word' id='word_1_277' title='bbox 584 3859 953 3917; x_wconf 81' lang='lat' dir='ltr'><strong>resurrectione</strong></span> <span class='ocrx_word' id='word_1_278' title='bbox 993 3857 1204 3912; x_wconf 87' lang='lat' dir='ltr'><strong>Domini</strong></span> <span class='ocrx_word' id='word_1_279' title='bbox 1229 3855 1508 3911; x_wconf 80' lang='lat' dir='ltr'><strong>secundant</strong></span> <span class='ocrx_word' id='word_1_280' title='bbox 1527 3853 1798 3920; x_wconf 81' lang='lat' dir='ltr'><strong>Joannem,</strong></span> <span class='ocrx_word' id='word_1_281' title='bbox 1823 3855 1877 3909; x_wconf 92' lang='lat' dir='ltr'><strong>in</strong></span> <span class='ocrx_word' id='word_1_282' title='bbox 1916 3853 2067 3921; x_wconf 85' lang='lat' dir='ltr'><strong>illud,</strong></span> 
     </span>
    </p>
   </div>
   <div class='ocr_carea' id='block_1_40' title="bbox 549 3948 2072 4028">
    <p class='ocr_par' dir='ltr' id='par_1_40' title="bbox 549 3948 2072 4028">
     <span class='ocr_line' id='line_1_40' title="bbox 549 3948 2072 4028; baseline -0.005 -18"><span class='ocrx_word' id='word_1_283' title='bbox 549 3972 667 4028; x_wconf 87' lang='lat' dir='ltr'><strong>cap,</strong></span> <span class='ocrx_word' id='word_1_284' title='bbox 686 3971 778 4021; x_wconf 86' lang='lat' dir='ltr'><strong>xx,</strong></span> <span class='ocrx_word' id='word_1_285' title='bbox 810 3955 898 4022; x_wconf 80' lang='grc'><strong>17,</strong></span> <span class='ocrx_word' id='word_1_286' title='bbox 928 3951 1044 4007; x_wconf 86' lang='lat' dir='ltr'><strong>Noli</strong></span> <span class='ocrx_word' id='word_1_287' title='bbox 1067 3967 1152 4006; x_wconf 90' lang='lat' dir='ltr'><strong>me</strong></span> <span class='ocrx_word' id='word_1_288' title='bbox 1170 3959 1388 4020; x_wconf 88' lang='lat' dir='ltr'><strong>tangere</strong></span> <span class='ocrx_word' id='word_1_289' title='bbox 1411 3967 1424 4016; x_wconf 90' lang='lat'>;</span> <span class='ocrx_word' id='word_1_290' title='bbox 1449 3948 1684 4004; x_wconf 91' lang='lat' dir='ltr'><strong>nondum</strong></span> <span class='ocrx_word' id='word_1_291' title='bbox 1713 3949 1854 4003; x_wconf 89' lang='lat' dir='ltr'><strong>enim</strong></span> <span class='ocrx_word' id='word_1_292' title='bbox 1886 3963 2072 4002; x_wconf 88' lang='lat' dir='ltr'><strong>ascen-</strong></span> 
     </span>
    </p>
   </div>
   <div class='ocr_carea' id='block_1_41' title="bbox 547 4041 2071 4116">
    <p class='ocr_par' dir='ltr' id='par_1_41' title="bbox 547 4041 2071 4116">
     <span class='ocr_line' id='line_1_41' title="bbox 547 4041 2071 4116; baseline -0.007 -12"><span class='ocrx_word' id='word_1_293' title='bbox 547 4049 604 4104; x_wconf 91' lang='lat' dir='ltr'><strong>di</strong></span> <span class='ocrx_word' id='word_1_294' title='bbox 629 4049 693 4105; x_wconf 90' lang='lat' dir='ltr'><strong>ad</strong></span> <span class='ocrx_word' id='word_1_295' title='bbox 716 4049 926 4104; x_wconf 88' lang='lat' dir='ltr'><strong>Patrem</strong></span> <span class='ocrx_word' id='word_1_296' title='bbox 956 4061 1134 4101; x_wconf 92' lang='lat' dir='ltr'><strong>meum</strong></span> <span class='ocrx_word' id='word_1_297' title='bbox 1154 4044 1246 4116; x_wconf 90' lang='lat' dir='ltr'><strong>(b).</strong></span> <span class='ocrx_word' id='word_1_298' title='bbox 1278 4043 1347 4098; x_wconf 82' lang='lat' dir='ltr'><strong>Et</strong></span> <span class='ocrx_word' id='word_1_299' title='bbox 1381 4043 1442 4096; x_wconf 86' lang='lat' dir='ltr'><strong>de</strong></span> <span class='ocrx_word' id='word_1_300' title='bbox 1472 4041 1808 4096; x_wconf 83' lang='lat' dir='ltr'><strong>membrorum</strong></span> <span class='ocrx_word' id='word_1_301' title='bbox 1838 4057 1932 4095; x_wconf 86' lang='lat' dir='ltr'><strong>usu</strong></span> <span class='ocrx_word' id='word_1_302' title='bbox 1959 4050 2071 4111; x_wconf 88' lang='lat' dir='ltr'><strong>post</strong></span> 
     </span>
    </p>
   </div>
   <div class='ocr_carea' id='block_1_42' title="bbox 550 4143 981 4200">
    <p class='ocr_par' dir='ltr' id='par_1_42' title="bbox 550 4143 981 4200">
     <span class='ocr_line' id='line_1_42' title="bbox 550 4143 981 4200; baseline -0.019 1"><span class='ocrx_word' id='word_1_303' title='bbox 550 4143 981 4200; x_wconf 81' lang='lat' dir='ltr'><strong>resurrectionem.</strong></span> 
     </span>
    </p>
   </div>
   <div class='ocr_carea' id='block_1_43' title="bbox 547 4225 2074 4300">
    <p class='ocr_par' dir='ltr' id='par_1_43' title="bbox 547 4225 2074 4300">
     <span class='ocr_line' id='line_1_43' title="bbox 547 4225 2074 4300; baseline -0.007 -9"><span class='ocrx_word' id='word_1_304' title='bbox 547 4233 774 4290; x_wconf 87' lang='lat' dir='ltr'><strong>CAPUT</strong></span> <span class='ocrx_word' id='word_1_305' title='bbox 802 4231 1089 4289; x_wconf 70' lang='lat' dir='ltr'><strong>PRIMUM.</strong></span> <span class='ocrx_word' id='word_1_306' title='bbox 1114 4261 1182 4271; x_wconf 91' lang='lat'><strong><em>—</em></strong></span> <span class='ocrx_word' id='word_1_307' title='bbox 1201 4230 1252 4285; x_wconf 77' lang='grc'><strong>1.</strong></span> <span class='ocrx_word' id='word_1_308' title='bbox 1294 4227 1580 4300; x_wconf 73' lang='lat' dir='ltr'><strong>Diﬁicultas</strong></span> <span class='ocrx_word' id='word_1_309' title='bbox 1601 4228 1653 4282; x_wconf 86' lang='lat' dir='ltr'><strong>in</strong></span> <span class='ocrx_word' id='word_1_310' title='bbox 1679 4226 1837 4282; x_wconf 86' lang='lat' dir='ltr'><strong>verbis</strong></span> <span class='ocrx_word' id='word_1_311' title='bbox 1865 4225 2074 4281; x_wconf 89' lang='lat' dir='ltr'><strong>Domini</strong></span> 
     </span>
    </p>
   </div>
   <div class='ocr_carea' id='block_1_44' title="bbox 477 4318 2071 4395">
    <p class='ocr_par' dir='ltr' id='par_1_44' title="bbox 477 4318 2071 4395">
     <span class='ocr_line' id='line_1_44' title="bbox 477 4318 2071 4395; baseline -0.008 -9"><span class='ocrx_word' id='word_1_312' title='bbox 477 4327 693 4386; x_wconf 85' lang='lat' dir='ltr'><strong>nolentis</strong></span> <span class='ocrx_word' id='word_1_313' title='bbox 727 4343 780 4380; x_wconf 89' lang='lat' dir='ltr'><strong>se</strong></span> <span class='ocrx_word' id='word_1_314' title='bbox 813 4341 845 4379; x_wconf 90' lang='lat' dir='ltr'><strong>a</strong></span> <span class='ocrx_word' id='word_1_315' title='bbox 871 4323 1042 4378; x_wconf 75' lang='lat' dir='ltr'><strong>Maria</strong></span> <span class='ocrx_word' id='word_1_316' title='bbox 1082 4324 1220 4395; x_wconf 86' lang='lat' dir='ltr'><strong>tangi</strong></span> <span class='ocrx_word' id='word_1_317' title='bbox 1261 4331 1378 4376; x_wconf 86' lang='lat' dir='ltr'><strong>ante</strong></span> <span class='ocrx_word' id='word_1_318' title='bbox 1425 4321 1783 4375; x_wconf 87' lang='lat' dir='ltr'><strong>ascensionem.</strong></span> <span class='ocrx_word' id='word_1_319' title='bbox 1827 4318 2071 4374; x_wconf 87' lang='lat' dir='ltr'><strong>Narratio</strong></span> 
     </span>
    </p>
   </div>
   <div class='ocr_carea' id='block_1_45' title="bbox 476 4411 2071 4480">
    <p class='ocr_par' dir='ltr' id='par_1_45' title="bbox 476 4411 2071 4480">
     <span class='ocr_line' id='line_1_45' title="bbox 476 4411 2071 4480; baseline -0.009 0"><span class='ocrx_word' id='word_1_320' title='bbox 476 4419 881 4480; x_wconf 83' lang='lat' dir='ltr'><strong>resurrectionis</strong></span> <span class='ocrx_word' id='word_1_321' title='bbox 928 4416 1137 4471; x_wconf 90' lang='lat' dir='ltr'><strong>Domini</strong></span> <span class='ocrx_word' id='word_1_322' title='bbox 1183 4414 1353 4470; x_wconf 88' lang='lat' dir='ltr'><strong>nostri</strong></span> <span class='ocrx_word' id='word_1_323' title='bbox 1402 4413 1531 4468; x_wconf 84' lang='lat' dir='ltr'><strong>Jesu</strong></span> <span class='ocrx_word' id='word_1_324' title='bbox 1549 4411 1746 4468; x_wconf 86' lang='lat' dir='ltr'><strong>Christi</strong></span> <span class='ocrx_word' id='word_1_325' title='bbox 1776 4411 2071 4466; x_wconf 90' lang='lat' dir='ltr'><strong>secundum</strong></span> 
     </span>
    </p>
   </div>
   <div class='ocr_carea' id='block_1_46' title="bbox 476 4504 2070 4585">
    <p class='ocr_par' dir='ltr' id='par_1_46' title="bbox 476 4504 2070 4585">
     <span class='ocr_line' id='line_1_46' title="bbox 476 4504 2070 4585; baseline -0.008 -15"><span class='ocrx_word' id='word_1_326' title='bbox 476 4515 859 4585; x_wconf 78' lang='lat' dir='ltr'><strong>evangelistam</strong></span> <span class='ocrx_word' id='word_1_327' title='bbox 909 4509 1170 4565; x_wconf 80' lang='lat' dir='ltr'><strong>Joannem</strong></span> <span class='ocrx_word' id='word_1_328' title='bbox 1203 4506 1362 4561; x_wconf 89' lang='lat' dir='ltr'><strong>hodie</strong></span> <span class='ocrx_word' id='word_1_329' title='bbox 1391 4506 1495 4576; x_wconf 86' lang='lat' dir='ltr'><strong>legi</strong></span> <span class='ocrx_word' id='word_1_330' title='bbox 1523 4506 1706 4576; x_wconf 78' lang='lat' dir='ltr'><strong>cmpit.</strong></span> <span class='ocrx_word' id='word_1_331' title='bbox 1763 4504 1875 4559; x_wconf 81' lang='lat' dir='ltr'><strong>Hoc</strong></span> <span class='ocrx_word' id='word_1_332' title='bbox 1927 4504 2070 4559; x_wconf 90' lang='lat' dir='ltr'><strong>enim</strong></span> 
     </span>
    </p>
   </div>
   <div class='ocr_carea' id='block_1_47' title="bbox 477 4597 2074 4670">
    <p class='ocr_par' dir='ltr' id='par_1_47' title="bbox 477 4597 2074 4670">
     <span class='ocr_line' id='line_1_47' title="bbox 477 4597 2074 4670; baseline -0.007 -7"><span class='ocrx_word' id='word_1_333' title='bbox 477 4608 654 4670; x_wconf 88' lang='lat' dir='ltr'><strong>scitis,</strong></span> <span class='ocrx_word' id='word_1_334' title='bbox 685 4615 739 4661; x_wconf 90' lang='lat' dir='ltr'><strong>et</strong></span> <span class='ocrx_word' id='word_1_335' title='bbox 784 4603 1282 4660; x_wconf 90' lang='lat' dir='ltr'><strong>eommendaveram</strong></span> <span class='ocrx_word' id='word_1_336' title='bbox 1338 4599 1509 4664; x_wconf 89' lang='lat' dir='ltr'><strong>vobis,</strong></span> <span class='ocrx_word' id='word_1_337' title='bbox 1546 4597 1838 4653; x_wconf 88' lang='lat' dir='ltr'><strong>secundum</strong></span> <span class='ocrx_word' id='word_1_338' title='bbox 1885 4611 2074 4652; x_wconf 87' lang='lat' dir='ltr'><strong>omnes</strong></span> 
     </span>
    </p>
   </div>
   <div class='ocr_carea' id='block_1_48' title="bbox 478 4688 2073 4770">
    <p class='ocr_par' dir='ltr' id='par_1_48' title="bbox 478 4688 2073 4770">
     <span class='ocr_line' id='line_1_48' title="bbox 478 4688 2073 4770; baseline -0.006 -18"><span class='ocrx_word' id='word_1_339' title='bbox 478 4708 706 4770; x_wconf 91' lang='lat' dir='ltr'><strong>quatuor</strong></span> <span class='ocrx_word' id='word_1_340' title='bbox 733 4695 1102 4766; x_wconf 87' lang='lat' dir='ltr'><strong>Evangelistas</strong></span> <span class='ocrx_word' id='word_1_341' title='bbox 1130 4695 1246 4749; x_wconf 86' lang='lat' dir='ltr'><strong>istis</strong></span> <span class='ocrx_word' id='word_1_342' title='bbox 1274 4689 1464 4746; x_wconf 90' lang='lat' dir='ltr'><strong>diebus</strong></span> <span class='ocrx_word' id='word_1_343' title='bbox 1489 4690 1933 4746; x_wconf 88' lang='lat' dir='ltr'><strong>resurrectionem</strong></span> <span class='ocrx_word' id='word_1_344' title='bbox 1960 4688 2073 4744; x_wconf 91' lang='lat' dir='ltr'><strong>Do-</strong></span> 
     </span>
    </p>
   </div>
   <div class='ocr_carea' id='block_1_49' title="bbox 480 4783 2076 4858">
    <p class='ocr_par' dir='ltr' id='par_1_49' title="bbox 480 4783 2076 4858">
     <span class='ocr_line' id='line_1_49' title="bbox 480 4783 2076 4858; baseline -0.008 -9"><span class='ocrx_word' id='word_1_345' title='bbox 480 4794 608 4849; x_wconf 90' lang='lat' dir='ltr'><strong>mini</strong></span> <span class='ocrx_word' id='word_1_346' title='bbox 649 4792 878 4849; x_wconf 89' lang='lat' dir='ltr'><strong>recitari.</strong></span> <span class='ocrx_word' id='word_1_347' title='bbox 912 4789 968 4844; x_wconf 89' lang='lat' dir='ltr'><strong>ln</strong></span> <span class='ocrx_word' id='word_1_348' title='bbox 999 4789 1082 4844; x_wconf 91' lang='lat' dir='ltr'><strong>his</strong></span> <span class='ocrx_word' id='word_1_349' title='bbox 1109 4801 1238 4858; x_wconf 87' lang='lat' dir='ltr'><strong>ergo</strong></span> <span class='ocrx_word' id='word_1_350' title='bbox 1282 4800 1403 4856; x_wconf 86' lang='lat' dir='ltr'><strong>quae</strong></span> <span class='ocrx_word' id='word_1_351' title='bbox 1444 4784 1762 4850; x_wconf 86' lang='lat' dir='ltr'><strong>audivimus,</strong></span> <span class='ocrx_word' id='word_1_352' title='bbox 1800 4783 1927 4838; x_wconf 93' lang='lat' dir='ltr'><strong>illud</strong></span> <span class='ocrx_word' id='word_1_353' title='bbox 1958 4791 2076 4838; x_wconf 86' lang='lat' dir='ltr'><strong>tan-</strong></span> 
     </span>
    </p>
   </div>
   <div class='ocr_carea' id='block_1_50' title="bbox 482 4877 2076 4953">
    <p class='ocr_par' dir='ltr' id='par_1_50' title="bbox 482 4877 2076 4953">
     <span class='ocr_line' id='line_1_50' title="bbox 482 4877 2076 4953; baseline -0.006 -9"><span class='ocrx_word' id='word_1_354' title='bbox 482 4900 592 4944; x_wconf 87' lang='lat' dir='ltr'><strong>tum</strong></span> <span class='ocrx_word' id='word_1_355' title='bbox 624 4888 760 4942; x_wconf 85' lang='lat' dir='ltr'><strong>solet</strong></span> <span class='ocrx_word' id='word_1_356' title='bbox 801 4900 1037 4949; x_wconf 86' lang='lat' dir='ltr'><strong>movere,</strong></span> <span class='ocrx_word' id='word_1_357' title='bbox 1069 4897 1235 4953; x_wconf 89' lang='lat' dir='ltr'><strong>quare</strong></span> <span class='ocrx_word' id='word_1_358' title='bbox 1265 4879 1465 4936; x_wconf 87' lang='lat' dir='ltr'><strong>dixerit</strong></span> <span class='ocrx_word' id='word_1_359' title='bbox 1495 4878 1754 4934; x_wconf 90' lang='lat' dir='ltr'><strong>Dominus</strong></span> <span class='ocrx_word' id='word_1_360' title='bbox 1779 4877 1935 4934; x_wconf 85' lang='lat' dir='ltr'><strong>Jesus</strong></span> <span class='ocrx_word' id='word_1_361' title='bbox 1958 4893 2076 4934; x_wconf 87' lang='lat' dir='ltr'><strong>mu-</strong></span> 
     </span>
    </p>
   </div>
   <div class='ocr_carea' id='block_1_51' title="bbox 481 4970 2074 5050">
    <p class='ocr_par' dir='ltr' id='par_1_51' title="bbox 481 4970 2074 5050">
     <span class='ocr_line' id='line_1_51' title="bbox 481 4970 2074 5050; baseline -0.007 -14"><span class='ocrx_word' id='word_1_362' title='bbox 481 4981 596 5037; x_wconf 89' lang='lat' dir='ltr'><strong>lieri</strong></span> <span class='ocrx_word' id='word_1_363' title='bbox 631 4979 886 5050; x_wconf 72' lang='lat' dir='ltr'><strong>qurerenti</strong></span> <span class='ocrx_word' id='word_1_364' title='bbox 914 4990 1110 5045; x_wconf 86' lang='lat' dir='ltr'><strong>corpus</strong></span> <span class='ocrx_word' id='word_1_365' title='bbox 1140 4973 1277 5042; x_wconf 83' lang='lat' dir='ltr'><strong>ejus,</strong></span> <span class='ocrx_word' id='word_1_366' title='bbox 1306 4980 1362 5026; x_wconf 91' lang='lat' dir='ltr'><strong>et</strong></span> <span class='ocrx_word' id='word_1_367' title='bbox 1390 4986 1511 5026; x_wconf 91' lang='lat' dir='ltr'><strong>eum</strong></span> <span class='ocrx_word' id='word_1_368' title='bbox 1537 4970 1648 5040; x_wconf 90' lang='lat' dir='ltr'><strong>jam</strong></span> <span class='ocrx_word' id='word_1_369' title='bbox 1681 4971 1860 5025; x_wconf 91' lang='lat' dir='ltr'><strong>vivum</strong></span> <span class='ocrx_word' id='word_1_370' title='bbox 1906 4985 2074 5040; x_wconf 84' lang='lat' dir='ltr'><strong>agno-</strong></span> 
     </span>
    </p>
   </div>
   <div class='ocr_carea' id='block_1_52' title="bbox 481 5062 2076 5136">
    <p class='ocr_par' dir='ltr' id='par_1_52' title="bbox 481 5062 2076 5136">
     <span class='ocr_line' id='line_1_52' title="bbox 481 5062 2076 5136; baseline -0.008 -8"><span class='ocrx_word' id='word_1_371' title='bbox 481 5073 648 5129; x_wconf 80' lang='lat' dir='ltr'><strong>scenti</strong></span> <span class='ocrx_word' id='word_1_372' title='bbox 690 5089 705 5126; x_wconf 89' lang='lat'><strong>:</strong></span> <span class='ocrx_word' id='word_1_373' title='bbox 758 5069 884 5124; x_wconf 82' lang='lat' dir='ltr'><strong>Noli</strong></span> <span class='ocrx_word' id='word_1_374' title='bbox 933 5085 1012 5122; x_wconf 89' lang='lat' dir='ltr'><strong>me</strong></span> <span class='ocrx_word' id='word_1_375' title='bbox 1039 5077 1284 5136; x_wconf 86' lang='lat' dir='ltr'><strong>tangere;</strong></span> <span class='ocrx_word' id='word_1_376' title='bbox 1316 5062 1544 5117; x_wconf 86' lang='lat' dir='ltr'><strong>nondum</strong></span> <span class='ocrx_word' id='word_1_377' title='bbox 1594 5062 1726 5116; x_wconf 90' lang='lat' dir='ltr'><strong>enim</strong></span> <span class='ocrx_word' id='word_1_378' title='bbox 1767 5062 1971 5116; x_wconf 85' lang='lat' dir='ltr'><strong>ascendi</strong></span> <span class='ocrx_word' id='word_1_379' title='bbox 2008 5063 2076 5116; x_wconf 85' lang='lat' dir='ltr'><strong>ad</strong></span> 
     </span>
    </p>
   </div>
   <div class='ocr_carea' id='block_1_53' title="bbox 488 5153 2074 5219">
    <p class='ocr_par' dir='ltr' id='par_1_53' title="bbox 488 5153 2074 5219">
     <span class='ocr_line' id='line_1_53' title="bbox 488 5153 2074 5219; baseline -0.005 -2"><span class='ocrx_word' id='word_1_380' title='bbox 488 5160 692 5218; x_wconf 68' lang='lat' dir='ltr'><strong>Patrem</strong></span> <span class='ocrx_word' id='word_1_381' title='bbox 716 5177 899 5215; x_wconf 87' lang='lat' dir='ltr'><strong>meum.</strong></span> <span class='ocrx_word' id='word_1_382' title='bbox 929 5158 1045 5214; x_wconf 84' lang='lat' dir='ltr'><strong>Dixi</strong></span> <span class='ocrx_word' id='word_1_383' title='bbox 1071 5165 1249 5212; x_wconf 89' lang='lat' dir='ltr'><strong>autem</strong></span> <span class='ocrx_word' id='word_1_384' title='bbox 1280 5155 1454 5219; x_wconf 89' lang='lat' dir='ltr'><strong>vobis,</strong></span> <span class='ocrx_word' id='word_1_385' title='bbox 1487 5162 1541 5208; x_wconf 90' lang='lat' dir='ltr'><strong>et</strong></span> <span class='ocrx_word' id='word_1_386' title='bbox 1577 5153 1884 5209; x_wconf 89' lang='lat' dir='ltr'><strong>meminisse</strong></span> <span class='ocrx_word' id='word_1_387' title='bbox 1907 5153 2074 5210; x_wconf 88' lang='lat' dir='ltr'><strong>debe-</strong></span> 
     </span>
    </p>
   </div>
   <div class='ocr_carea' id='block_1_54' title="bbox 483 5243 2076 5320">
    <p class='ocr_par' dir='ltr' id='par_1_54' title="bbox 483 5243 2076 5320">
     <span class='ocr_line' id='line_1_54' title="bbox 483 5243 2076 5320; baseline -0.006 -10"><span class='ocrx_word' id='word_1_388' title='bbox 483 5255 571 5320; x_wconf 91' lang='lat' dir='ltr'><strong>tis,</strong></span> <span class='ocrx_word' id='word_1_389' title='bbox 614 5268 720 5311; x_wconf 75' lang='lat' dir='ltr'><strong>con</strong></span> <span class='ocrx_word' id='word_1_390' title='bbox 749 5250 927 5306; x_wconf 88' lang='lat' dir='ltr'><strong>omnia</strong></span> <span class='ocrx_word' id='word_1_391' title='bbox 953 5264 1142 5306; x_wconf 92' lang='lat' dir='ltr'><strong>omnes</strong></span> <span class='ocrx_word' id='word_1_392' title='bbox 1171 5247 1352 5302; x_wconf 88' lang='lat' dir='ltr'><strong>dicere</strong></span> <span class='ocrx_word' id='word_1_393' title='bbox 1379 5261 1393 5310; x_wconf 88' lang='lat'>;</span> <span class='ocrx_word' id='word_1_394' title='bbox 1427 5244 1521 5300; x_wconf 89' lang='lat' dir='ltr'><strong>sed</strong></span> <span class='ocrx_word' id='word_1_395' title='bbox 1552 5243 1660 5299; x_wconf 89' lang='lat' dir='ltr'><strong>dici</strong></span> <span class='ocrx_word' id='word_1_396' title='bbox 1696 5244 1762 5298; x_wconf 92' lang='lat' dir='ltr'><strong>ab</strong></span> <span class='ocrx_word' id='word_1_397' title='bbox 1789 5245 1928 5310; x_wconf 90' lang='lat' dir='ltr'><strong>aliis,</strong></span> <span class='ocrx_word' id='word_1_398' title='bbox 1952 5260 2076 5314; x_wconf 71' lang='lat' dir='ltr'><strong>qua:</strong></span> 
     </span>
    </p>
   </div>
   <div class='ocr_carea' id='block_1_55' title="bbox 483 5337 2077 5414">
    <p class='ocr_par' dir='ltr' id='par_1_55' title="bbox 483 5337 2077 5414">
     <span class='ocr_line' id='line_1_55' title="bbox 483 5337 2077 5414; baseline -0.006 -13"><span class='ocrx_word' id='word_1_399' title='bbox 483 5346 550 5401; x_wconf 90' lang='lat' dir='ltr'><strong>ab</strong></span> <span class='ocrx_word' id='word_1_400' title='bbox 577 5345 695 5400; x_wconf 88' lang='lat' dir='ltr'><strong>aliis</strong></span> <span class='ocrx_word' id='word_1_401' title='bbox 724 5341 1082 5414; x_wconf 71' lang='lat' dir='ltr'><strong>praetermissa</strong></span> <span class='ocrx_word' id='word_1_402' title='bbox 1108 5347 1253 5394; x_wconf 90' lang='lat' dir='ltr'><strong>sunt.</strong></span> <span class='ocrx_word' id='word_1_403' title='bbox 1277 5337 1392 5392; x_wconf 90' lang='lat' dir='ltr'><strong>Non</strong></span> <span class='ocrx_word' id='word_1_404' title='bbox 1423 5346 1598 5392; x_wconf 88' lang='lat' dir='ltr'><strong>tamen</strong></span> <span class='ocrx_word' id='word_1_405' title='bbox 1642 5337 1736 5404; x_wconf 92' lang='lat' dir='ltr'><strong>ita,</strong></span> <span class='ocrx_word' id='word_1_406' title='bbox 1779 5344 1839 5390; x_wconf 91' lang='lat' dir='ltr'><strong>ut</strong></span> <span class='ocrx_word' id='word_1_407' title='bbox 1865 5337 2077 5392; x_wconf 89' lang='lat' dir='ltr'><strong>interse</strong></span> 
     </span>
    </p>
   </div>
   <div class='ocr_carea' id='block_1_56' title="bbox 483 5429 2078 5507">
    <p class='ocr_par' dir='ltr' id='par_1_56' title="bbox 483 5429 2078 5507">
     <span class='ocr_line' id='line_1_56' title="bbox 483 5429 2078 5507; baseline -0.005 -13"><span class='ocrx_word' id='word_1_408' title='bbox 483 5451 785 5507; x_wconf 86' lang='lat' dir='ltr'><strong>repugnare</strong></span> <span class='ocrx_word' id='word_1_409' title='bbox 827 5433 1081 5490; x_wconf 82' lang='lat' dir='ltr'><strong>credendi</strong></span> <span class='ocrx_word' id='word_1_410' title='bbox 1123 5433 1251 5498; x_wconf 89' lang='lat' dir='ltr'><strong>sint,</strong></span> <span class='ocrx_word' id='word_1_411' title='bbox 1279 5431 1324 5484; x_wconf 87' lang='lat' dir='ltr'><strong>si</strong></span> <span class='ocrx_word' id='word_1_412' title='bbox 1355 5429 1495 5484; x_wconf 89' lang='lat' dir='ltr'><strong>absit</strong></span> <span class='ocrx_word' id='word_1_413' title='bbox 1535 5429 1828 5497; x_wconf 88' lang='lat' dir='ltr'><strong>contentio,</strong></span> <span class='ocrx_word' id='word_1_414' title='bbox 1857 5437 1912 5485; x_wconf 92' lang='lat' dir='ltr'><strong>et</strong></span> <span class='ocrx_word' id='word_1_415' title='bbox 1937 5429 2078 5486; x_wconf 86' lang='lat' dir='ltr'><strong>adsit</strong></span> 
     </span>
    </p>
   </div>
   <div class='ocr_carea' id='block_1_57' title="bbox 547 5564 1278 5635">
    <p class='ocr_par' dir='ltr' id='par_1_57' title="bbox 547 5564 1278 5635">
     <span class='ocr_line' id='line_1_57' title="bbox 547 5564 1278 5635; baseline -0.005 -17"><span class='ocrx_word' id='word_1_416' title='bbox 547 5573 568 5606; x_wconf 68' lang='grc' dir='ltr'>ί</span> <span class='ocrx_word' id='word_1_417' title='bbox 587 5570 776 5635; x_wconf 77' lang='lat' dir='ltr'><strong>Aliquot</strong></span> <span class='ocrx_word' id='word_1_418' title='bbox 796 5577 925 5628; x_wconf 60' lang='lat' dir='ltr'><strong>Mss,</strong></span> <span class='ocrx_word' id='word_1_419' title='bbox 945 5564 1278 5635; x_wconf 73' lang='lat' dir='ltr'><strong>titubantibus.</strong></span> 
     </span>
    </p>
   </div>
   <div class='ocr_carea' id='block_1_58' title="bbox 548 5625 2078 5694">
    <p class='ocr_par' dir='ltr' id='par_1_58' title="bbox 548 5625 2078 5694">
     <span class='ocr_line' id='line_1_58' title="bbox 548 5625 2078 5694; baseline -0.004 -10"><span class='ocrx_word' id='word_1_420' title='bbox 548 5637 569 5655; x_wconf 85' lang='lat'><strong>&#39;</strong></span> <span class='ocrx_word' id='word_1_421' title='bbox 591 5625 858 5694; x_wconf 75' lang='lat' dir='ltr'><strong>casiigatus</strong></span> <span class='ocrx_word' id='word_1_422' title='bbox 900 5625 960 5681; x_wconf 80' lang='lat' dir='ltr'><strong>ad</strong></span> <span class='ocrx_word' id='word_1_423' title='bbox 999 5642 1171 5680; x_wconf 87' lang='lat' dir='ltr'><strong>omnes</strong></span> <span class='ocrx_word' id='word_1_424' title='bbox 1189 5637 1295 5678; x_wconf 77' lang='lat' dir='ltr'><strong>Mss.</strong></span> <span class='ocrx_word' id='word_1_425' title='bbox 1321 5633 1374 5678; x_wconf 90' lang='lat' dir='ltr'><strong>et</strong></span> <span class='ocrx_word' id='word_1_426' title='bbox 1411 5625 1524 5676; x_wconf 80' lang='lat' dir='ltr'><strong>Edd.</strong></span> <span class='ocrx_word' id='word_1_427' title='bbox 1553 5627 1604 5676; x_wconf 89' lang='lat' dir='ltr'><strong>in</strong></span> <span class='ocrx_word' id='word_1_428' title='bbox 1642 5639 1871 5678; x_wconf 88' lang='lat' dir='ltr'><strong>sermone</strong></span> <span class='ocrx_word' id='word_1_429' title='bbox 1895 5641 2078 5691; x_wconf 70' lang='lat' dir='ltr'><strong>praece-</strong></span> 
     </span>
    </p>
   </div>
   <div class='ocr_carea' id='block_1_59' title="bbox 487 5695 1110 5768">
    <p class='ocr_par' dir='ltr' id='par_1_59' title="bbox 487 5695 1110 5768">
     <span class='ocr_line' id='line_1_59' title="bbox 487 5695 1110 5768; baseline -0.002 1"><span class='ocrx_word' id='word_1_430' title='bbox 487 5697 621 5768; x_wconf 62' lang='lat' dir='ltr'><strong>demi</strong></span> <span class='ocrx_word' id='word_1_431' title='bbox 648 5695 789 5768; x_wconf 60' lang='lat' dir='ltr'><strong>mdo</strong></span> <span class='ocrx_word' id='word_1_432' title='bbox 809 5695 1110 5768; x_wconf 52' lang='lat' dir='ltr'><strong>(testante:</strong></span> 
     </span>
    </p>
   </div>
   <div class='ocr_carea' id='block_1_60' title="bbox 552 5752 1182 5819">
    <p class='ocr_par' dir='ltr' id='par_1_60' title="bbox 552 5752 1182 5819">
     <span class='ocr_line' id='line_1_60' title="bbox 552 5752 1182 5819; baseline -0.01 -11"><span class='ocrx_word' id='word_1_433' title='bbox 552 5758 624 5819; x_wconf 90' lang='lat' dir='ltr'><strong>(a)</strong></span> <span class='ocrx_word' id='word_1_434' title='bbox 649 5754 878 5819; x_wconf 16' lang='lat' dir='ltr'><strong>Alias,4de</strong></span> <span class='ocrx_word' id='word_1_435' title='bbox 901 5752 1114 5819; x_wconf 76' lang='lat' dir='ltr'><strong>Diversis</strong></span> <span class='ocrx_word' id='word_1_436' title='bbox 1134 5752 1182 5802; x_wconf 84' lang='lat'><strong>6.</strong></span> 
     </span>
    </p>
   </div>
   <div class='ocr_carea' id='block_1_61' title="bbox 551 5813 2077 5883">
    <p class='ocr_par' dir='ltr' id='par_1_61' title="bbox 551 5813 2077 5883">
     <span class='ocr_line' id='line_1_61' title="bbox 551 5813 2077 5883; baseline -0.002 -11"><span class='ocrx_word' id='word_1_437' title='bbox 551 5813 624 5883; x_wconf 60' lang='lat' dir='ltr'><strong>(lt)</strong></span> <span class='ocrx_word' id='word_1_438' title='bbox 648 5813 785 5883; x_wconf 83' lang='lat' dir='ltr'><strong>Hunc</strong></span> <span class='ocrx_word' id='word_1_439' title='bbox 797 5817 956 5883; x_wconf 83' lang='lat' dir='ltr'><strong>locum</strong></span> <span class='ocrx_word' id='word_1_440' title='bbox 976 5817 1040 5883; x_wconf 73' lang='lat' dir='ltr'><strong>ab</strong></span> <span class='ocrx_word' id='word_1_441' title='bbox 1056 5818 1336 5883; x_wconf 63' lang='lat' dir='ltr'><strong>Augustino</strong></span> <span class='ocrx_word' id='word_1_442' title='bbox 1351 5819 1603 5866; x_wconf 81' lang='lat' dir='ltr'><strong>tractatum</strong></span> <span class='ocrx_word' id='word_1_443' title='bbox 1624 5814 1686 5866; x_wconf 89' lang='lat' dir='ltr'><strong>ad</strong></span> <span class='ocrx_word' id='word_1_444' title='bbox 1709 5813 1906 5878; x_wconf 86' lang='lat' dir='ltr'><strong>plebem</strong></span> <span class='ocrx_word' id='word_1_445' title='bbox 1931 5821 2077 5868; x_wconf 87' lang='lat' dir='ltr'><strong>testa-</strong></span> 
     </span>
    </p>
   </div>
   <div class='ocr_carea' id='block_1_62' title="bbox 489 5876 1355 5942">
    <p class='ocr_par' dir='ltr' id='par_1_62' title="bbox 489 5876 1355 5942">
     <span class='ocr_line' id='line_1_62' title="bbox 489 5876 1355 5942; baseline -0.014 -5"><span class='ocrx_word' id='word_1_446' title='bbox 489 5876 570 5938; x_wconf 61' lang='lat' dir='ltr'><strong>re</strong></span> <span class='ocrx_word' id='word_1_447' title='bbox 591 5876 830 5934; x_wconf 56' lang='lat' dir='ltr'><strong>Possidius</strong></span> <span class='ocrx_word' id='word_1_448' title='bbox 855 5881 907 5932; x_wconf 87' lang='lat' dir='ltr'><strong>in</strong></span> <span class='ocrx_word' id='word_1_449' title='bbox 923 5876 1152 5941; x_wconf 69' lang='lat' dir='ltr'><strong>tndiculo,</strong></span> <span class='ocrx_word' id='word_1_450' title='bbox 1175 5889 1280 5942; x_wconf 87' lang='lat' dir='ltr'><strong>cap.</strong></span> <span class='ocrx_word' id='word_1_451' title='bbox 1306 5876 1355 5926; x_wconf 91' lang='lat'><strong>8.</strong></span> 
     </span>
    </p>
   </div>
   <div class='ocr_carea' id='block_1_63' title="bbox 1692 363 2502 423">
    <p class='ocr_par' dir='ltr' id='par_1_63' title="bbox 1692 363 2502 423">
     <span class='ocr_line' id='line_1_63' title="bbox 1692 363 2502 423; baseline -0.004 0"><span class='ocrx_word' id='word_1_452' title='bbox 1692 365 1750 423; x_wconf 92' lang='lat' dir='ltr'><strong>S.</strong></span> <span class='ocrx_word' id='word_1_453' title='bbox 1791 363 2156 423; x_wconf 78' lang='lat' dir='ltr'><strong>AUGUSTINI</strong></span> <span class='ocrx_word' id='word_1_454' title='bbox 2197 363 2502 421; x_wconf 81' lang='lat' dir='ltr'><strong>EPISCOPI</strong></span> 
     </span>
    </p>
   </div>
   <div class='ocr_carea' id='block_1_64' title="bbox 3607 377 3754 433">
    <p class='ocr_par' dir='ltr' id='par_1_64' title="bbox 3607 377 3754 433">
     <span class='ocr_line' id='line_1_64' title="bbox 3607 377 3754 433; baseline 0.007 -2"><span class='ocrx_word' id='word_1_455' title='bbox 3607 377 3754 433; x_wconf 72' lang='lat' dir='ltr'><strong>ﬂ“</strong></span> 
     </span>
    </p>
   </div>
   <div class='ocr_carea' id='block_1_65' title="bbox 2164 484 3755 564">
    <p class='ocr_par' dir='ltr' id='par_1_65' title="bbox 2164 484 3755 564">
     <span class='ocr_line' id='line_1_65' title="bbox 2164 484 3755 564; baseline 0.006 -24"><span class='ocrx_word' id='word_1_456' title='bbox 2164 485 2334 554; x_wconf 87' lang='lat' dir='ltr'><strong>pietas</strong></span> <span class='ocrx_word' id='word_1_457' title='bbox 2360 484 2726 556; x_wconf 88' lang='lat' dir='ltr'><strong>intelligentis.</strong></span> <span class='ocrx_word' id='word_1_458' title='bbox 2761 485 2894 542; x_wconf 87' lang='lat' dir='ltr'><strong>Nam</strong></span> <span class='ocrx_word' id='word_1_459' title='bbox 2925 487 3272 561; x_wconf 87' lang='lat' dir='ltr'><strong>sicutlegitur</strong></span> <span class='ocrx_word' id='word_1_460' title='bbox 3295 489 3438 561; x_wconf 89' lang='lat' dir='ltr'><strong>apud</strong></span> <span class='ocrx_word' id='word_1_461' title='bbox 3480 494 3755 564; x_wconf 81' lang='lat' dir='ltr'><strong>evangeli-</strong></span> 
     </span>
    </p>
   </div>
   <div class='ocr_carea' id='block_1_66' title="bbox 2166 579 3759 652">
    <p class='ocr_par' dir='ltr' id='par_1_66' title="bbox 2166 579 3759 652">
     <span class='ocr_line' id='line_1_66' title="bbox 2166 579 3759 652; baseline 0.005 -19"><span class='ocrx_word' id='word_1_462' title='bbox 2166 589 2305 634; x_wconf 75' lang='lat' dir='ltr'><strong>stam</strong></span> <span class='ocrx_word' id='word_1_463' title='bbox 2365 579 2669 634; x_wconf 66' lang='lat' dir='ltr'><strong>Mattbmum</strong></span> <span class='ocrx_word' id='word_1_464' title='bbox 2694 623 2710 646; x_wconf 93' lang='lat'><strong>,</strong></span> <span class='ocrx_word' id='word_1_465' title='bbox 2767 591 3109 652; x_wconf 85' lang='lat' dir='ltr'><strong>posteaquam</strong></span> <span class='ocrx_word' id='word_1_466' title='bbox 3159 585 3468 646; x_wconf 79' lang='lat' dir='ltr'><strong>resurrexit,</strong></span> <span class='ocrx_word' id='word_1_467' title='bbox 3519 587 3759 641; x_wconf 88' lang='lat' dir='ltr'><strong>occurrit</strong></span> 
     </span>
    </p>
   </div>
   <div class='ocr_carea' id='block_1_67' title="bbox 2165 674 3755 746">
    <p class='ocr_par' dir='ltr' id='par_1_67' title="bbox 2165 674 3755 746">
     <span class='ocr_line' id='line_1_67' title="bbox 2165 674 3755 746; baseline 0.003 -18"><span class='ocrx_word' id='word_1_468' title='bbox 2165 674 2372 729; x_wconf 82' lang='lat' dir='ltr'><strong>duabus</strong></span> <span class='ocrx_word' id='word_1_469' title='bbox 2391 675 2722 739; x_wconf 86' lang='lat' dir='ltr'><strong>mulieribus,</strong></span> <span class='ocrx_word' id='word_1_470' title='bbox 2741 675 2794 729; x_wconf 93' lang='lat' dir='ltr'><strong>in</strong></span> <span class='ocrx_word' id='word_1_471' title='bbox 2819 675 3012 746; x_wconf 89' lang='lat' dir='ltr'><strong>quibus</strong></span> <span class='ocrx_word' id='word_1_472' title='bbox 3028 685 3083 732; x_wconf 90' lang='lat' dir='ltr'><strong>et</strong></span> <span class='ocrx_word' id='word_1_473' title='bbox 3100 675 3198 732; x_wconf 90' lang='lat' dir='ltr'><strong>ista</strong></span> <span class='ocrx_word' id='word_1_474' title='bbox 3225 687 3374 743; x_wconf 88' lang='lat' dir='ltr'><strong>erat;</strong></span> <span class='ocrx_word' id='word_1_475' title='bbox 3406 687 3460 733; x_wconf 91' lang='lat' dir='ltr'><strong>et</strong></span> <span class='ocrx_word' id='word_1_476' title='bbox 3483 677 3622 733; x_wconf 83' lang='lat' dir='ltr'><strong>dixit</strong></span> <span class='ocrx_word' id='word_1_477' title='bbox 3650 681 3755 746; x_wconf 89' lang='lat' dir='ltr'><strong>eis,</strong></span> 
     </span>
    </p>
   </div>
   <div class='ocr_carea' id='block_1_68' title="bbox 2169 767 3754 842">
    <p class='ocr_par' dir='ltr' id='par_1_68' title="bbox 2169 767 3754 842">
     <span class='ocr_line' id='line_1_68' title="bbox 2169 767 3754 842; baseline 0.003 -20"><span class='ocrx_word' id='word_1_478' title='bbox 2169 769 2338 824; x_wconf 81' lang='lat' dir='ltr'><strong>Aucte.</strong></span> <span class='ocrx_word' id='word_1_479' title='bbox 2368 767 2486 822; x_wconf 73' lang='lat' dir='ltr'><strong>Illa:</strong></span> <span class='ocrx_word' id='word_1_480' title='bbox 2512 778 2682 823; x_wconf 87' lang='lat' dir='ltr'><strong>autem</strong></span> <span class='ocrx_word' id='word_1_481' title='bbox 2706 777 3036 835; x_wconf 73' lang='lat' dir='ltr'><strong>accesserunt,</strong></span> <span class='ocrx_word' id='word_1_482' title='bbox 3065 778 3113 823; x_wconf 86' lang='lat' dir='ltr'><strong>et</strong></span> <span class='ocrx_word' id='word_1_483' title='bbox 3139 779 3400 824; x_wconf 87' lang='lat' dir='ltr'><strong>tenuerunt</strong></span> <span class='ocrx_word' id='word_1_484' title='bbox 3428 770 3580 842; x_wconf 77' lang='lat' dir='ltr'><strong>pedes</strong></span> <span class='ocrx_word' id='word_1_485' title='bbox 3621 773 3754 842; x_wconf 81' lang='lat' dir='ltr'><strong>ejus,</strong></span> 
     </span>
    </p>
   </div>
   <div class='ocr_carea' id='block_1_69' title="bbox 2166 859 3758 933">
    <p class='ocr_par' dir='ltr' id='par_1_69' title="bbox 2166 859 3758 933">
     <span class='ocr_line' id='line_1_69' title="bbox 2166 859 3758 933; baseline 0.003 -20"><span class='ocrx_word' id='word_1_486' title='bbox 2166 871 2211 914; x_wconf 88' lang='lat' dir='ltr'><strong>et</strong></span> <span class='ocrx_word' id='word_1_487' title='bbox 2237 861 2572 915; x_wconf 83' lang='lat' dir='ltr'><strong>adoraverunt</strong></span> <span class='ocrx_word' id='word_1_488' title='bbox 2599 877 2708 914; x_wconf 87' lang='lat' dir='ltr'><strong>eum</strong></span> <span class='ocrx_word' id='word_1_489' title='bbox 2736 863 2755 930; x_wconf 91' lang='lat'><strong>(</strong></span> <span class='ocrx_word' id='word_1_490' title='bbox 2791 859 2976 914; x_wconf 82' lang='lat' dir='ltr'><strong>Matth.</strong></span> <span class='ocrx_word' id='word_1_491' title='bbox 3008 877 3194 925; x_wconf 83' lang='lat' dir='ltr'><strong>xxVItt,</strong></span> <span class='ocrx_word' id='word_1_492' title='bbox 3219 862 3252 917; x_wconf 91' lang='lat'>9</span> <span class='ocrx_word' id='word_1_493' title='bbox 3287 863 3304 932; x_wconf 96' lang='lat'><strong>)</strong></span> <span class='ocrx_word' id='word_1_494' title='bbox 3339 880 3353 917; x_wconf 90' lang='lat'>:</span> <span class='ocrx_word' id='word_1_495' title='bbox 3387 872 3441 917; x_wconf 89' lang='lat' dir='ltr'><strong>et</strong></span> <span class='ocrx_word' id='word_1_496' title='bbox 3478 865 3660 933; x_wconf 87' lang='lat' dir='ltr'><strong>utique</strong></span> <span class='ocrx_word' id='word_1_497' title='bbox 3689 865 3758 918; x_wconf 88' lang='lat' dir='ltr'><strong>ad</strong></span> 
     </span>
    </p>
   </div>
   <div class='ocr_carea' id='block_1_70' title="bbox 2166 953 3752 1026">
    <p class='ocr_par' dir='ltr' id='par_1_70' title="bbox 2166 953 3752 1026">
     <span class='ocr_line' id='line_1_70' title="bbox 2166 953 3752 1026; baseline 0.003 -19"><span class='ocrx_word' id='word_1_498' title='bbox 2166 953 2376 1008; x_wconf 90' lang='lat' dir='ltr'><strong>Patrem</strong></span> <span class='ocrx_word' id='word_1_499' title='bbox 2400 953 2635 1008; x_wconf 92' lang='lat' dir='ltr'><strong>nondum</strong></span> <span class='ocrx_word' id='word_1_500' title='bbox 2653 955 2984 1009; x_wconf 89' lang='lat' dir='ltr'><strong>ascenderat.</strong></span> <span class='ocrx_word' id='word_1_501' title='bbox 3005 955 3287 1021; x_wconf 86' lang='lat' dir='ltr'><strong>Quomodo</strong></span> <span class='ocrx_word' id='word_1_502' title='bbox 3313 971 3442 1026; x_wconf 88' lang='lat' dir='ltr'><strong>ergo</strong></span> <span class='ocrx_word' id='word_1_503' title='bbox 3460 957 3581 1012; x_wconf 91' lang='lat' dir='ltr'><strong>huic</strong></span> <span class='ocrx_word' id='word_1_504' title='bbox 3605 973 3752 1012; x_wconf 91' lang='lat' dir='ltr'><strong>nunc</strong></span> 
     </span>
    </p>
   </div>
   <div class='ocr_carea' id='block_1_71' title="bbox 2163 1045 3762 1118">
    <p class='ocr_par' dir='ltr' id='par_1_71' title="bbox 2163 1045 3762 1118">
     <span class='ocr_line' id='line_1_71' title="bbox 2163 1045 3762 1118; baseline 0 -17"><span class='ocrx_word' id='word_1_505' title='bbox 2163 1045 2377 1111; x_wconf 88' lang='lat' dir='ltr'><strong>dicitur,</strong></span> <span class='ocrx_word' id='word_1_506' title='bbox 2396 1045 2521 1100; x_wconf 90' lang='lat' dir='ltr'><strong>Noli</strong></span> <span class='ocrx_word' id='word_1_507' title='bbox 2542 1063 2621 1100; x_wconf 88' lang='lat' dir='ltr'><strong>me</strong></span> <span class='ocrx_word' id='word_1_508' title='bbox 2644 1055 2886 1118; x_wconf 86' lang='lat' dir='ltr'><strong>tangere;</strong></span> <span class='ocrx_word' id='word_1_509' title='bbox 2913 1047 3140 1101; x_wconf 82' lang='lat' dir='ltr'><strong>nondum</strong></span> <span class='ocrx_word' id='word_1_510' title='bbox 3175 1048 3309 1102; x_wconf 89' lang='lat' dir='ltr'><strong>enim</strong></span> <span class='ocrx_word' id='word_1_511' title='bbox 3328 1048 3533 1103; x_wconf 85' lang='lat' dir='ltr'><strong>ascendi</strong></span> <span class='ocrx_word' id='word_1_512' title='bbox 3555 1050 3624 1102; x_wconf 87' lang='lat' dir='ltr'><strong>ad</strong></span> <span class='ocrx_word' id='word_1_513' title='bbox 3649 1048 3762 1102; x_wconf 84' lang='lat' dir='ltr'><strong>Pa-</strong></span> 
     </span>
    </p>
   </div>
   <div class='ocr_carea' id='block_1_72' title="bbox 2166 1139 3755 1208">
    <p class='ocr_par' dir='ltr' id='par_1_72' title="bbox 2166 1139 3755 1208">
     <span class='ocr_line' id='line_1_72' title="bbox 2166 1139 3755 1208; baseline 0.003 -16"><span class='ocrx_word' id='word_1_514' title='bbox 2166 1149 2292 1193; x_wconf 87' lang='lat' dir='ltr'><strong>trem</strong></span> <span class='ocrx_word' id='word_1_515' title='bbox 2322 1140 2534 1194; x_wconf 85' lang='lat' dir='ltr'><strong>meum?</strong></span> <span class='ocrx_word' id='word_1_516' title='bbox 2562 1139 2651 1196; x_wconf 89' lang='lat' dir='ltr'><strong>Sic</strong></span> <span class='ocrx_word' id='word_1_517' title='bbox 2703 1140 2844 1194; x_wconf 90' lang='lat' dir='ltr'><strong>enim</strong></span> <span class='ocrx_word' id='word_1_518' title='bbox 2895 1141 3054 1196; x_wconf 88' lang='lat' dir='ltr'><strong>verba</strong></span> <span class='ocrx_word' id='word_1_519' title='bbox 3109 1141 3210 1196; x_wconf 90' lang='lat' dir='ltr'><strong>ista</strong></span> <span class='ocrx_word' id='word_1_520' title='bbox 3248 1141 3494 1197; x_wconf 88' lang='lat' dir='ltr'><strong>videntur</strong></span> <span class='ocrx_word' id='word_1_521' title='bbox 3537 1157 3755 1208; x_wconf 89' lang='lat' dir='ltr'><strong>sonare,</strong></span> 
     </span>
    </p>
   </div>
   <div class='ocr_carea' id='block_1_73' title="bbox 2164 1230 3761 1303">
    <p class='ocr_par' dir='ltr' id='par_1_73' title="bbox 2164 1230 3761 1303">
     <span class='ocr_line' id='line_1_73' title="bbox 2164 1230 3761 1303; baseline 0.001 -18"><span class='ocrx_word' id='word_1_522' title='bbox 2164 1230 2314 1300; x_wconf 86' lang='lat' dir='ltr'><strong>quasi</strong></span> <span class='ocrx_word' id='word_1_523' title='bbox 2347 1239 2472 1285; x_wconf 90' lang='lat' dir='ltr'><strong>tunc</strong></span> <span class='ocrx_word' id='word_1_524' title='bbox 2493 1245 2613 1285; x_wconf 89' lang='lat' dir='ltr'><strong>eum</strong></span> <span class='ocrx_word' id='word_1_525' title='bbox 2660 1239 2842 1302; x_wconf 85' lang='lat' dir='ltr'><strong>posset</strong></span> <span class='ocrx_word' id='word_1_526' title='bbox 2868 1238 3084 1301; x_wconf 90' lang='lat' dir='ltr'><strong>tangere</strong></span> <span class='ocrx_word' id='word_1_527' title='bbox 3109 1231 3289 1297; x_wconf 80' lang='lat' dir='ltr'><strong>Maria,</strong></span> <span class='ocrx_word' id='word_1_528' title='bbox 3313 1232 3525 1303; x_wconf 82' lang='lat' dir='ltr'><strong>quando</strong></span> <span class='ocrx_word' id='word_1_529' title='bbox 3566 1248 3761 1287; x_wconf 86' lang='lat' dir='ltr'><strong>ascen-</strong></span> 
     </span>
    </p>
   </div>
   <div class='ocr_carea' id='block_1_74' title="bbox 2163 1321 3756 1396">
    <p class='ocr_par' dir='ltr' id='par_1_74' title="bbox 2163 1321 3756 1396">
     <span class='ocr_line' id='line_1_74' title="bbox 2163 1321 3756 1396; baseline 0.003 -21"><span class='ocrx_word' id='word_1_530' title='bbox 2163 1321 2332 1376; x_wconf 90' lang='lat' dir='ltr'><strong>disset</strong></span> <span class='ocrx_word' id='word_1_531' title='bbox 2370 1322 2420 1376; x_wconf 93' lang='lat' dir='ltr'><strong>in</strong></span> <span class='ocrx_word' id='word_1_532' title='bbox 2451 1323 2667 1377; x_wconf 89' lang='lat' dir='ltr'><strong>coelum.</strong></span> <span class='ocrx_word' id='word_1_533' title='bbox 2713 1323 2769 1379; x_wconf 92' lang='lat' dir='ltr'><strong>Si</strong></span> <span class='ocrx_word' id='word_1_534' title='bbox 2811 1323 2862 1379; x_wconf 93' lang='lat' dir='ltr'><strong>in</strong></span> <span class='ocrx_word' id='word_1_535' title='bbox 2889 1333 3030 1380; x_wconf 91' lang='lat' dir='ltr'><strong>terra</strong></span> <span class='ocrx_word' id='word_1_536' title='bbox 3069 1325 3298 1394; x_wconf 90' lang='lat' dir='ltr'><strong>positum</strong></span> <span class='ocrx_word' id='word_1_537' title='bbox 3343 1341 3446 1380; x_wconf 93' lang='lat' dir='ltr'><strong>non</strong></span> <span class='ocrx_word' id='word_1_538' title='bbox 3476 1327 3666 1396; x_wconf 79' lang='lat' dir='ltr'><strong>tangit,</strong></span> <span class='ocrx_word' id='word_1_539' title='bbox 3705 1329 3756 1380; x_wconf 91' lang='lat' dir='ltr'><strong>iu</strong></span> 
     </span>
    </p>
   </div>
   <div class='ocr_carea' id='block_1_75' title="bbox 2163 1413 3550 1486">
    <p class='ocr_par' dir='ltr' id='par_1_75' title="bbox 2163 1413 3550 1486">
     <span class='ocr_line' id='line_1_75' title="bbox 2163 1413 3550 1486; baseline 0.001 -18"><span class='ocrx_word' id='word_1_540' title='bbox 2163 1414 2303 1468; x_wconf 84' lang='lat' dir='ltr'><strong>caelo</strong></span> <span class='ocrx_word' id='word_1_541' title='bbox 2324 1413 2599 1470; x_wconf 82' lang='lat' dir='ltr'><strong>sedentem</strong></span> <span class='ocrx_word' id='word_1_542' title='bbox 2626 1417 2746 1484; x_wconf 90' lang='lat' dir='ltr'><strong>quis</strong></span> <span class='ocrx_word' id='word_1_543' title='bbox 2766 1415 3070 1471; x_wconf 88' lang='lat' dir='ltr'><strong>mortalium</strong></span> <span class='ocrx_word' id='word_1_544' title='bbox 3087 1424 3265 1486; x_wconf 90' lang='lat' dir='ltr'><strong>potest</strong></span> <span class='ocrx_word' id='word_1_545' title='bbox 3288 1425 3506 1486; x_wconf 82' lang='lat' dir='ltr'><strong>tangere</strong></span> <span class='ocrx_word' id='word_1_546' title='bbox 3525 1417 3550 1469; x_wconf 73' lang='grc' dir='ltr'><strong><em>τ</em></strong></span> 
     </span>
    </p>
   </div>
   <div class='ocr_carea' id='block_1_76' title="bbox 2236 1505 3761 1591">
    <p class='ocr_par' dir='ltr' id='par_1_76' title="bbox 2236 1505 3761 1591">
     <span class='ocr_line' id='line_1_76' title="bbox 2236 1505 3761 1591; baseline 0.003 -31"><span class='ocrx_word' id='word_1_547' title='bbox 2236 1505 2461 1562; x_wconf 83' lang='lat' dir='ltr'><strong>CAPUT</strong></span> <span class='ocrx_word' id='word_1_548' title='bbox 2501 1506 2562 1562; x_wconf 89' lang='lat' dir='ltr'><strong>ll.</strong></span> <span class='ocrx_word' id='word_1_549' title='bbox 2589 1507 2734 1562; x_wconf 72' lang='lat'><strong>—2.</strong></span> <span class='ocrx_word' id='word_1_550' title='bbox 2765 1507 2994 1580; x_wconf 87' lang='lat' dir='ltr'><strong>Tangere</strong></span> <span class='ocrx_word' id='word_1_551' title='bbox 3047 1507 3304 1591; x_wconf 51' lang='lat' dir='ltr'><strong>Christu’m</strong></span> <span class='ocrx_word' id='word_1_552' title='bbox 3350 1510 3491 1579; x_wconf 85' lang='lat' dir='ltr'><strong>quid.</strong></span> <span class='ocrx_word' id='word_1_553' title='bbox 3532 1508 3640 1564; x_wconf 89' lang='lat' dir='ltr'><strong>Sed</strong></span> <span class='ocrx_word' id='word_1_554' title='bbox 3669 1509 3761 1564; x_wconf 87' lang='lat' dir='ltr'><strong>ille</strong></span> 
     </span>
    </p>
   </div>
   <div class='ocr_carea' id='block_1_77' title="bbox 2165 1601 3757 1674">
    <p class='ocr_par' dir='ltr' id='par_1_77' title="bbox 2165 1601 3757 1674">
     <span class='ocr_line' id='line_1_77' title="bbox 2165 1601 3757 1674; baseline -0.002 -15"><span class='ocrx_word' id='word_1_555' title='bbox 2165 1612 2338 1659; x_wconf 88' lang='lat' dir='ltr'><strong>tactus</strong></span> <span class='ocrx_word' id='word_1_556' title='bbox 2357 1601 2514 1658; x_wconf 90' lang='lat' dir='ltr'><strong>ﬁdem</strong></span> <span class='ocrx_word' id='word_1_557' title='bbox 2543 1602 2825 1673; x_wconf 84' lang='lat' dir='ltr'><strong>signiﬁcat.</strong></span> <span class='ocrx_word' id='word_1_558' title='bbox 2854 1603 3044 1674; x_wconf 89' lang='lat' dir='ltr'><strong>Tangit</strong></span> <span class='ocrx_word' id='word_1_559' title='bbox 3071 1602 3362 1670; x_wconf 88' lang='lat' dir='ltr'><strong>Christum,</strong></span> <span class='ocrx_word' id='word_1_560' title='bbox 3392 1604 3481 1673; x_wconf 90' lang='lat' dir='ltr'><strong>qui</strong></span> <span class='ocrx_word' id='word_1_561' title='bbox 3507 1603 3679 1658; x_wconf 89' lang='lat' dir='ltr'><strong>credit</strong></span> <span class='ocrx_word' id='word_1_562' title='bbox 3705 1604 3757 1656; x_wconf 89' lang='lat' dir='ltr'><strong>in</strong></span> 
     </span>
    </p>
   </div>
   <div class='ocr_carea' id='block_1_78' title="bbox 2163 1693 3763 1766">
    <p class='ocr_par' dir='ltr' id='par_1_78' title="bbox 2163 1693 3763 1766">
     <span class='ocr_line' id='line_1_78' title="bbox 2163 1693 3763 1766; baseline 0 -16"><span class='ocrx_word' id='word_1_563' title='bbox 2163 1693 2460 1751; x_wconf 89' lang='lat' dir='ltr'><strong>Christum.</strong></span> <span class='ocrx_word' id='word_1_564' title='bbox 2493 1695 2622 1749; x_wconf 89' lang='lat' dir='ltr'><strong>Nam</strong></span> <span class='ocrx_word' id='word_1_565' title='bbox 2659 1705 2712 1750; x_wconf 88' lang='lat' dir='ltr'><strong>et</strong></span> <span class='ocrx_word' id='word_1_566' title='bbox 2753 1695 2842 1749; x_wconf 92' lang='lat' dir='ltr'><strong>illa</strong></span> <span class='ocrx_word' id='word_1_567' title='bbox 2887 1695 3083 1750; x_wconf 91' lang='lat' dir='ltr'><strong>mulier</strong></span> <span class='ocrx_word' id='word_1_568' title='bbox 3109 1710 3227 1766; x_wconf 72' lang='lat' dir='ltr'><strong>quae</strong></span> <span class='ocrx_word' id='word_1_569' title='bbox 3258 1695 3456 1749; x_wconf 83' lang='lat' dir='ltr'><strong>ﬁuxum</strong></span> <span class='ocrx_word' id='word_1_570' title='bbox 3483 1695 3763 1764; x_wconf 88' lang='lat' dir='ltr'><strong>sanguinis</strong></span> 
     </span>
    </p>
   </div>
   <div class='ocr_carea' id='block_1_79' title="bbox 2166 1787 3757 1859">
    <p class='ocr_par' dir='ltr' id='par_1_79' title="bbox 2166 1787 3757 1859">
     <span class='ocr_line' id='line_1_79' title="bbox 2166 1787 3757 1859; baseline -0.001 -17"><span class='ocrx_word' id='word_1_571' title='bbox 2166 1788 2484 1859; x_wconf 88' lang='lat' dir='ltr'><strong>patiebatur,</strong></span> <span class='ocrx_word' id='word_1_572' title='bbox 2533 1787 2666 1842; x_wconf 85' lang='lat' dir='ltr'><strong>dixit</strong></span> <span class='ocrx_word' id='word_1_573' title='bbox 2689 1788 2828 1858; x_wconf 90' lang='lat' dir='ltr'><strong>apud</strong></span> <span class='ocrx_word' id='word_1_574' title='bbox 2855 1803 2914 1844; x_wconf 87' lang='lat' dir='ltr'><strong>se</strong></span> <span class='ocrx_word' id='word_1_575' title='bbox 2941 1787 3110 1858; x_wconf 85' lang='lat' dir='ltr'><strong>ipsam</strong></span> <span class='ocrx_word' id='word_1_576' title='bbox 3135 1806 3148 1842; x_wconf 90' lang='lat'>:</span> <span class='ocrx_word' id='word_1_577' title='bbox 3181 1787 3243 1843; x_wconf 89' lang='lat' dir='ltr'><strong>Si</strong></span> <span class='ocrx_word' id='word_1_578' title='bbox 3271 1788 3473 1858; x_wconf 89' lang='lat' dir='ltr'><strong>tetigero</strong></span> <span class='ocrx_word' id='word_1_579' title='bbox 3500 1787 3757 1856; x_wconf 78' lang='lat' dir='ltr'><strong>ﬁmbriam</strong></span> 
     </span>
    </p>
   </div>
   <div class='ocr_carea' id='block_1_80' title="bbox 2165 1880 3764 1954">
    <p class='ocr_par' dir='ltr' id='par_1_80' title="bbox 2165 1880 3764 1954">
     <span class='ocr_line' id='line_1_80' title="bbox 2165 1880 3764 1954; baseline 0 -18"><span class='ocrx_word' id='word_1_580' title='bbox 2165 1883 2442 1937; x_wconf 80' lang='lat' dir='ltr'><strong>vestimenti</strong></span> <span class='ocrx_word' id='word_1_581' title='bbox 2461 1883 2588 1953; x_wconf 85' lang='lat' dir='ltr'><strong>ejus,</strong></span> <span class='ocrx_word' id='word_1_582' title='bbox 2617 1882 2757 1936; x_wconf 85' lang='lat' dir='ltr'><strong>salva</strong></span> <span class='ocrx_word' id='word_1_583' title='bbox 2786 1899 2870 1937; x_wconf 90' lang='lat' dir='ltr'><strong>ero</strong></span> <span class='ocrx_word' id='word_1_584' title='bbox 2897 1880 2916 1954; x_wconf 99' lang='lat'>(</span> <span class='ocrx_word' id='word_1_585' title='bbox 2946 1881 3032 1936; x_wconf 84' lang='lat' dir='ltr'><strong>ld.</strong></span> <span class='ocrx_word' id='word_1_586' title='bbox 3053 1898 3130 1948; x_wconf 85' lang='lat' dir='ltr'><strong>tx,</strong></span> <span class='ocrx_word' id='word_1_587' title='bbox 3157 1881 3221 1936; x_wconf 75' lang='grc'><strong>21</strong></span> <span class='ocrx_word' id='word_1_588' title='bbox 3248 1880 3289 1953; x_wconf 92' lang='grc'><strong>).</strong></span> <span class='ocrx_word' id='word_1_589' title='bbox 3320 1880 3451 1936; x_wconf 87' lang='lat' dir='ltr'><strong>Fide</strong></span> <span class='ocrx_word' id='word_1_590' title='bbox 3475 1882 3667 1952; x_wconf 83' lang='lat' dir='ltr'><strong>tetigit,</strong></span> <span class='ocrx_word' id='word_1_591' title='bbox 3708 1892 3764 1936; x_wconf 92' lang='lat' dir='ltr'><strong>ct</strong></span> 
     </span>
    </p>
   </div>
   <div class='ocr_carea' id='block_1_81' title="bbox 2166 1975 3765 2046">
    <p class='ocr_par' dir='ltr' id='par_1_81' title="bbox 2166 1975 3765 2046">
     <span class='ocr_line' id='line_1_81' title="bbox 2166 1975 3765 2046; baseline -0.002 -15"><span class='ocrx_word' id='word_1_592' title='bbox 2166 1977 2366 2031; x_wconf 85' lang='lat' dir='ltr'><strong>sanitas</strong></span> <span class='ocrx_word' id='word_1_593' title='bbox 2388 1975 2671 2031; x_wconf 85' lang='lat' dir='ltr'><strong>subsecuta</strong></span> <span class='ocrx_word' id='word_1_594' title='bbox 2701 1985 2801 2041; x_wconf 91' lang='lat' dir='ltr'><strong>est,</strong></span> <span class='ocrx_word' id='word_1_595' title='bbox 2835 1991 2994 2046; x_wconf 90' lang='lat' dir='ltr'><strong>quam</strong></span> <span class='ocrx_word' id='word_1_596' title='bbox 3042 1977 3400 2046; x_wconf 58' lang='lat' dir='ltr'><strong>praesumpsit.</strong></span> <span class='ocrx_word' id='word_1_597' title='bbox 3437 1975 3676 2044; x_wconf 87' lang='lat' dir='ltr'><strong>Denique</strong></span> <span class='ocrx_word' id='word_1_598' title='bbox 3705 1983 3765 2028; x_wconf 87' lang='lat' dir='ltr'><strong>ut</strong></span> 
     </span>
    </p>
   </div>
   <div class='ocr_carea' id='block_1_82' title="bbox 2167 2068 3760 2140">
    <p class='ocr_par' dir='ltr' id='par_1_82' title="bbox 2167 2068 3760 2140">
     <span class='ocr_line' id='line_1_82' title="bbox 2167 2068 3760 2140; baseline 0 -16"><span class='ocrx_word' id='word_1_599' title='bbox 2167 2084 2449 2126; x_wconf 88' lang='lat' dir='ltr'><strong>nossemus</strong></span> <span class='ocrx_word' id='word_1_600' title='bbox 2473 2068 2600 2139; x_wconf 90' lang='lat' dir='ltr'><strong>quid</strong></span> <span class='ocrx_word' id='word_1_601' title='bbox 2629 2070 2698 2124; x_wconf 91' lang='lat' dir='ltr'><strong>sit</strong></span> <span class='ocrx_word' id='word_1_602' title='bbox 2728 2085 2854 2125; x_wconf 90' lang='lat' dir='ltr'><strong>vere</strong></span> <span class='ocrx_word' id='word_1_603' title='bbox 2909 2079 3146 2140; x_wconf 81' lang='lat' dir='ltr'><strong>tangere,</strong></span> <span class='ocrx_word' id='word_1_604' title='bbox 3197 2069 3453 2124; x_wconf 90' lang='lat' dir='ltr'><strong>Dominus</strong></span> <span class='ocrx_word' id='word_1_605' title='bbox 3499 2069 3760 2124; x_wconf 86' lang='lat' dir='ltr'><strong>continuo</strong></span> 
     </span>
    </p>
   </div>
   <div class='ocr_carea' id='block_1_83' title="bbox 2165 2160 3764 2234">
    <p class='ocr_par' dir='ltr' id='par_1_83' title="bbox 2165 2160 3764 2234">
     <span class='ocr_line' id='line_1_83' title="bbox 2165 2160 3764 2234; baseline -0.001 -17"><span class='ocrx_word' id='word_1_606' title='bbox 2165 2161 2303 2217; x_wconf 88' lang='lat' dir='ltr'><strong>dixit</strong></span> <span class='ocrx_word' id='word_1_607' title='bbox 2337 2160 2613 2232; x_wconf 90' lang='lat' dir='ltr'><strong>discipulis</strong></span> <span class='ocrx_word' id='word_1_608' title='bbox 2661 2162 2772 2217; x_wconf 92' lang='lat' dir='ltr'><strong>suis</strong></span> <span class='ocrx_word' id='word_1_609' title='bbox 2805 2181 2816 2214; x_wconf 90' lang='lat'>:</span> <span class='ocrx_word' id='word_1_610' title='bbox 2864 2161 2991 2228; x_wconf 84' lang='lat' dir='ltr'><strong>Quis</strong></span> <span class='ocrx_word' id='word_1_611' title='bbox 3034 2179 3114 2216; x_wconf 89' lang='lat' dir='ltr'><strong>me</strong></span> <span class='ocrx_word' id='word_1_612' title='bbox 3151 2162 3365 2234; x_wconf 81' lang='lat' dir='ltr'><strong>tetigit?</strong></span> <span class='ocrx_word' id='word_1_613' title='bbox 3413 2163 3478 2216; x_wconf 88' lang='lat' dir='ltr'><strong>Et</strong></span> <span class='ocrx_word' id='word_1_614' title='bbox 3510 2161 3764 2216; x_wconf 82' lang='lat' dir='ltr'><strong>dixerunt</strong></span> 
     </span>
    </p>
   </div>
   <div class='ocr_carea' id='block_1_84' title="bbox 2165 2252 3766 2324">
    <p class='ocr_par' dir='ltr' id='par_1_84' title="bbox 2165 2252 3766 2324">
     <span class='ocr_line' id='line_1_84' title="bbox 2165 2252 3766 2324; baseline 0.001 -15"><span class='ocrx_word' id='word_1_615' title='bbox 2165 2254 2412 2323; x_wconf 90' lang='lat' dir='ltr'><strong>discipuli</strong></span> <span class='ocrx_word' id='word_1_616' title='bbox 2475 2271 2488 2307; x_wconf 92' lang='lat'><strong>:</strong></span> <span class='ocrx_word' id='word_1_617' title='bbox 2529 2252 2716 2308; x_wconf 77' lang='lat' dir='ltr'><strong>Turbte</strong></span> <span class='ocrx_word' id='word_1_618' title='bbox 2761 2264 2808 2309; x_wconf 91' lang='lat' dir='ltr'><strong>te</strong></span> <span class='ocrx_word' id='word_1_619' title='bbox 2851 2255 3206 2324; x_wconf 83' lang='lat' dir='ltr'><strong>comprimunt,</strong></span> <span class='ocrx_word' id='word_1_620' title='bbox 3247 2264 3295 2308; x_wconf 88' lang='lat' dir='ltr'><strong>et</strong></span> <span class='ocrx_word' id='word_1_621' title='bbox 3341 2255 3486 2320; x_wconf 85' lang='lat' dir='ltr'><strong>dicis,</strong></span> <span class='ocrx_word' id='word_1_622' title='bbox 3518 2253 3646 2320; x_wconf 84' lang='lat' dir='ltr'><strong>Quis</strong></span> <span class='ocrx_word' id='word_1_623' title='bbox 3685 2271 3766 2310; x_wconf 85' lang='lat' dir='ltr'><strong>me</strong></span> 
     </span>
    </p>
   </div>
   <div class='ocr_carea' id='block_1_85' title="bbox 2170 2344 3761 2418">
    <p class='ocr_par' dir='ltr' id='par_1_85' title="bbox 2170 2344 3761 2418">
     <span class='ocr_line' id='line_1_85' title="bbox 2170 2344 3761 2418; baseline 0 -19"><span class='ocrx_word' id='word_1_624' title='bbox 2170 2347 2380 2418; x_wconf 83' lang='lat' dir='ltr'><strong>tetigit?</strong></span> <span class='ocrx_word' id='word_1_625' title='bbox 2406 2346 2472 2400; x_wconf 89' lang='lat' dir='ltr'><strong>Et</strong></span> <span class='ocrx_word' id='word_1_626' title='bbox 2496 2344 2584 2401; x_wconf 90' lang='lat' dir='ltr'><strong>ille</strong></span> <span class='ocrx_word' id='word_1_627' title='bbox 2616 2365 2628 2400; x_wconf 87' lang='lat'><strong>:</strong></span> <span class='ocrx_word' id='word_1_628' title='bbox 2674 2345 2857 2417; x_wconf 89' lang='lat' dir='ltr'><strong>Tetigit</strong></span> <span class='ocrx_word' id='word_1_629' title='bbox 2890 2345 3200 2418; x_wconf 83' lang='lat' dir='ltr'><strong>mealiquis(</strong></span> <span class='ocrx_word' id='word_1_630' title='bbox 3225 2345 3355 2402; x_wconf 87' lang='lat' dir='ltr'><strong>Luc.</strong></span> <span class='ocrx_word' id='word_1_631' title='bbox 3385 2363 3499 2413; x_wconf 89' lang='lat' dir='ltr'><strong>vut,</strong></span> <span class='ocrx_word' id='word_1_632' title='bbox 3529 2347 3761 2417; x_wconf 66' lang='lat'><strong>4346).</strong></span> 
     </span>
    </p>
   </div>
   <div class='ocr_carea' id='block_1_86' title="bbox 2171 2436 3764 2509">
    <p class='ocr_par' dir='ltr' id='par_1_86' title="bbox 2171 2436 3764 2509">
     <span class='ocr_line' id='line_1_86' title="bbox 2171 2436 3764 2509; baseline 0.001 -17"><span class='ocrx_word' id='word_1_633' title='bbox 2171 2436 2335 2506; x_wconf 87' lang='lat' dir='ltr'><strong>Quasi</strong></span> <span class='ocrx_word' id='word_1_634' title='bbox 2387 2437 2614 2493; x_wconf 88' lang='lat' dir='ltr'><strong>dicens:</strong></span> <span class='ocrx_word' id='word_1_635' title='bbox 2645 2437 2824 2493; x_wconf 86' lang='lat' dir='ltr'><strong>Turba</strong></span> <span class='ocrx_word' id='word_1_636' title='bbox 2860 2439 3072 2507; x_wconf 89' lang='lat' dir='ltr'><strong>premit,</strong></span> <span class='ocrx_word' id='word_1_637' title='bbox 3131 2437 3262 2493; x_wconf 87' lang='lat' dir='ltr'><strong>ﬁdes</strong></span> <span class='ocrx_word' id='word_1_638' title='bbox 3307 2439 3492 2509; x_wconf 87' lang='lat' dir='ltr'><strong>tangit.</strong></span> <span class='ocrx_word' id='word_1_639' title='bbox 3537 2437 3764 2493; x_wconf 78' lang='lat' dir='ltr'><strong>Videtur</strong></span> 
     </span>
    </p>
   </div>
   <div class='ocr_carea' id='block_1_87' title="bbox 2171 2530 3766 2604">
    <p class='ocr_par' dir='ltr' id='par_1_87' title="bbox 2171 2530 3766 2604">
     <span class='ocr_line' id='line_1_87' title="bbox 2171 2530 3766 2604; baseline 0.001 -19"><span class='ocrx_word' id='word_1_640' title='bbox 2171 2547 2302 2601; x_wconf 90' lang='lat' dir='ltr'><strong>ergo</strong></span> <span class='ocrx_word' id='word_1_641' title='bbox 2327 2531 2424 2587; x_wconf 90' lang='lat' dir='ltr'><strong>ista</strong></span> <span class='ocrx_word' id='word_1_642' title='bbox 2453 2530 2636 2596; x_wconf 89' lang='lat' dir='ltr'><strong>Maria,</strong></span> <span class='ocrx_word' id='word_1_643' title='bbox 2693 2533 2776 2587; x_wconf 93' lang='lat' dir='ltr'><strong>cui</strong></span> <span class='ocrx_word' id='word_1_644' title='bbox 2803 2531 2938 2586; x_wconf 82' lang='lat' dir='ltr'><strong>dixit</strong></span> <span class='ocrx_word' id='word_1_645' title='bbox 2969 2533 3243 2598; x_wconf 89' lang='lat' dir='ltr'><strong>Dominus,</strong></span> <span class='ocrx_word' id='word_1_646' title='bbox 3265 2531 3391 2586; x_wconf 84' lang='lat' dir='ltr'><strong>Noli</strong></span> <span class='ocrx_word' id='word_1_647' title='bbox 3411 2549 3490 2587; x_wconf 86' lang='lat' dir='ltr'><strong>me</strong></span> <span class='ocrx_word' id='word_1_648' title='bbox 3516 2543 3766 2604; x_wconf 86' lang='lat' dir='ltr'><strong>tangere;</strong></span> 
     </span>
    </p>
   </div>
   <div class='ocr_carea' id='block_1_88' title="bbox 2172 2622 3760 2694">
    <p class='ocr_par' dir='ltr' id='par_1_88' title="bbox 2172 2622 3760 2694">
     <span class='ocr_line' id='line_1_88' title="bbox 2172 2622 3760 2694; baseline 0.001 -17"><span class='ocrx_word' id='word_1_649' title='bbox 2172 2623 2398 2677; x_wconf 81' lang='lat' dir='ltr'><strong>nondum</strong></span> <span class='ocrx_word' id='word_1_650' title='bbox 2422 2624 2553 2678; x_wconf 89' lang='lat' dir='ltr'><strong>enim</strong></span> <span class='ocrx_word' id='word_1_651' title='bbox 2577 2624 2780 2678; x_wconf 88' lang='lat' dir='ltr'><strong>ascendi</strong></span> <span class='ocrx_word' id='word_1_652' title='bbox 2804 2624 2873 2676; x_wconf 88' lang='lat' dir='ltr'><strong>ad</strong></span> <span class='ocrx_word' id='word_1_653' title='bbox 2900 2622 3109 2678; x_wconf 87' lang='lat' dir='ltr'><strong>Patrem</strong></span> <span class='ocrx_word' id='word_1_654' title='bbox 3138 2641 3322 2690; x_wconf 87' lang='lat' dir='ltr'><strong>meum,</strong></span> <span class='ocrx_word' id='word_1_655' title='bbox 3363 2624 3618 2679; x_wconf 71' lang='lat' dir='ltr'><strong>Ecclesiae</strong></span> <span class='ocrx_word' id='word_1_656' title='bbox 3659 2641 3760 2694; x_wconf 84' lang='lat' dir='ltr'><strong>ge-</strong></span> 
     </span>
    </p>
   </div>
   <div class='ocr_carea' id='block_1_89' title="bbox 2173 2715 3762 2784">
    <p class='ocr_par' dir='ltr' id='par_1_89' title="bbox 2173 2715 3762 2784">
     <span class='ocr_line' id='line_1_89' title="bbox 2173 2715 3762 2784; baseline 0.003 -18"><span class='ocrx_word' id='word_1_657' title='bbox 2173 2723 2319 2771; x_wconf 90' lang='lat' dir='ltr'><strong>stare</strong></span> <span class='ocrx_word' id='word_1_658' title='bbox 2341 2729 2644 2784; x_wconf 87' lang='lat' dir='ltr'><strong>personam,</strong></span> <span class='ocrx_word' id='word_1_659' title='bbox 2673 2730 2794 2784; x_wconf 70' lang='lat' dir='ltr'><strong>qute</strong></span> <span class='ocrx_word' id='word_1_660' title='bbox 2832 2723 2956 2770; x_wconf 92' lang='lat' dir='ltr'><strong>tunc</strong></span> <span class='ocrx_word' id='word_1_661' title='bbox 2990 2716 3042 2770; x_wconf 93' lang='lat' dir='ltr'><strong>in</strong></span> <span class='ocrx_word' id='word_1_662' title='bbox 3071 2715 3339 2771; x_wconf 90' lang='lat' dir='ltr'><strong>Christum</strong></span> <span class='ocrx_word' id='word_1_663' title='bbox 3360 2716 3608 2782; x_wconf 89' lang='lat' dir='ltr'><strong>credidit,</strong></span> <span class='ocrx_word' id='word_1_664' title='bbox 3637 2731 3762 2771; x_wconf 90' lang='lat' dir='ltr'><strong>cum</strong></span> 
     </span>
    </p>
   </div>
   <div class='ocr_carea' id='block_1_90' title="bbox 2173 2809 3768 2882">
    <p class='ocr_par' dir='ltr' id='par_1_90' title="bbox 2173 2809 3768 2882">
     <span class='ocr_line' id='line_1_90' title="bbox 2173 2809 3768 2882; baseline 0 -20"><span class='ocrx_word' id='word_1_665' title='bbox 2173 2809 2503 2865; x_wconf 90' lang='lat' dir='ltr'><strong>ascendisset</strong></span> <span class='ocrx_word' id='word_1_666' title='bbox 2524 2809 2593 2865; x_wconf 92' lang='lat' dir='ltr'><strong>ad</strong></span> <span class='ocrx_word' id='word_1_667' title='bbox 2622 2809 2855 2866; x_wconf 85' lang='lat' dir='ltr'><strong>Patrem.</strong></span> <span class='ocrx_word' id='word_1_668' title='bbox 2889 2811 3027 2865; x_wconf 85' lang='lat' dir='ltr'><strong>Ecce</strong></span> <span class='ocrx_word' id='word_1_669' title='bbox 3065 2825 3163 2865; x_wconf 84' lang='lat' dir='ltr'><strong>vos</strong></span> <span class='ocrx_word' id='word_1_670' title='bbox 3209 2810 3502 2882; x_wconf 88' lang='lat' dir='ltr'><strong>interrogo,</strong></span> <span class='ocrx_word' id='word_1_671' title='bbox 3547 2810 3768 2881; x_wconf 86' lang='lat' dir='ltr'><strong>quando</strong></span> 
     </span>
    </p>
   </div>
   <div class='ocr_carea' id='block_1_91' title="bbox 2175 2899 3764 2972">
    <p class='ocr_par' dir='ltr' id='par_1_91' title="bbox 2175 2899 3764 2972">
     <span class='ocr_line' id='line_1_91' title="bbox 2175 2899 3764 2972; baseline 0.003 -18"><span class='ocrx_word' id='word_1_672' title='bbox 2175 2899 2479 2956; x_wconf 87' lang='lat' dir='ltr'><strong>credidistis</strong></span> <span class='ocrx_word' id='word_1_673' title='bbox 2508 2918 2522 2966; x_wconf 91' lang='lat'><strong>;</strong></span> <span class='ocrx_word' id='word_1_674' title='bbox 2566 2902 2837 2972; x_wconf 89' lang='lat' dir='ltr'><strong>interrogo</strong></span> <span class='ocrx_word' id='word_1_675' title='bbox 2870 2903 3162 2958; x_wconf 88' lang='lat' dir='ltr'><strong>Ecclesiam</strong></span> <span class='ocrx_word' id='word_1_676' title='bbox 3194 2911 3306 2958; x_wconf 92' lang='lat' dir='ltr'><strong>toto</strong></span> <span class='ocrx_word' id='word_1_677' title='bbox 3344 2903 3474 2958; x_wconf 89' lang='lat' dir='ltr'><strong>orbe</strong></span> <span class='ocrx_word' id='word_1_678' title='bbox 3499 2914 3764 2959; x_wconf 88' lang='lat' dir='ltr'><strong>terrarum</strong></span> 
     </span>
    </p>
   </div>
   <div class='ocr_carea' id='block_1_92' title="bbox 2177 2991 3838 3064">
    <p class='ocr_par' dir='ltr' id='par_1_92' title="bbox 2177 2991 3838 3064">
     <span class='ocr_line' id='line_1_92' title="bbox 2177 2991 3838 3064; baseline 0.002 -18"><span class='ocrx_word' id='word_1_679' title='bbox 2177 2991 2446 3059; x_wconf 82' lang='lat' dir='ltr'><strong>diffusam,</strong></span> <span class='ocrx_word' id='word_1_680' title='bbox 2476 2994 2628 3062; x_wconf 89' lang='lat' dir='ltr'><strong>cujus</strong></span> <span class='ocrx_word' id='word_1_681' title='bbox 2673 3009 2898 3064; x_wconf 87' lang='lat' dir='ltr'><strong>persona</strong></span> <span class='ocrx_word' id='word_1_682' title='bbox 2931 3003 3048 3050; x_wconf 87' lang='lat' dir='ltr'><strong>erat</strong></span> <span class='ocrx_word' id='word_1_683' title='bbox 3074 2995 3123 3048; x_wconf 94' lang='lat' dir='ltr'><strong>in</strong></span> <span class='ocrx_word' id='word_1_684' title='bbox 3157 3009 3260 3050; x_wconf 88' lang='lat' dir='ltr'><strong>una</strong></span> <span class='ocrx_word' id='word_1_685' title='bbox 3293 2994 3486 3051; x_wconf 82' lang='lat' dir='ltr'><strong>femina</strong></span> <span class='ocrx_word' id='word_1_686' title='bbox 3520 3013 3532 3049; x_wconf 92' lang='lat'>:</span> <span class='ocrx_word' id='word_1_687' title='bbox 3581 3005 3638 3051; x_wconf 88' lang='lat' dir='ltr'><strong>et</strong></span> <span class='ocrx_word' id='word_1_688' title='bbox 3658 3013 3764 3050; x_wconf 88' lang='lat' dir='ltr'><strong>una</strong></span> <span class='ocrx_word' id='word_1_689' title='bbox 3833 3023 3838 3028; x_wconf 90' lang='lat'><strong>-</strong></span> 
     </span>
    </p>
   </div>
   <div class='ocr_carea' id='block_1_93' title="bbox 2175 3085 3769 3156">
    <p class='ocr_par' dir='ltr' id='par_1_93' title="bbox 2175 3085 3769 3156">
     <span class='ocr_line' id='line_1_93' title="bbox 2175 3085 3769 3156; baseline 0.005 -20"><span class='ocrx_word' id='word_1_690' title='bbox 2175 3099 2308 3140; x_wconf 87' lang='lat' dir='ltr'><strong>voce</strong></span> <span class='ocrx_word' id='word_1_691' title='bbox 2331 3085 2460 3140; x_wconf 92' lang='lat' dir='ltr'><strong>mihi</strong></span> <span class='ocrx_word' id='word_1_692' title='bbox 2490 3085 2799 3156; x_wconf 88' lang='lat' dir='ltr'><strong>respondet,</strong></span> <span class='ocrx_word' id='word_1_693' title='bbox 2819 3087 2966 3142; x_wconf 89' lang='lat' dir='ltr'><strong>&#39;l‘unc</strong></span> <span class='ocrx_word' id='word_1_694' title='bbox 2993 3087 3216 3155; x_wconf 84' lang='lat' dir='ltr'><strong>credidi,</strong></span> <span class='ocrx_word' id='word_1_695' title='bbox 3246 3102 3366 3143; x_wconf 93' lang='lat' dir='ltr'><strong>cum</strong></span> <span class='ocrx_word' id='word_1_696' title='bbox 3395 3087 3552 3144; x_wconf 84' lang='lat' dir='ltr'><strong>Jesus</strong></span> <span class='ocrx_word' id='word_1_697' title='bbox 3577 3103 3769 3144; x_wconf 87' lang='lat' dir='ltr'><strong>ascen-</strong></span> 
     </span>
    </p>
   </div>
   <div class='ocr_carea' id='block_1_94' title="bbox 2175 3175 3770 3246">
    <p class='ocr_par' dir='ltr' id='par_1_94' title="bbox 2175 3175 3770 3246">
     <span class='ocr_line' id='line_1_94' title="bbox 2175 3175 3770 3246; baseline 0.002 -16"><span class='ocrx_word' id='word_1_698' title='bbox 2175 3175 2344 3231; x_wconf 89' lang='lat' dir='ltr'><strong>disset</strong></span> <span class='ocrx_word' id='word_1_699' title='bbox 2390 3177 2458 3232; x_wconf 91' lang='lat' dir='ltr'><strong>ad</strong></span> <span class='ocrx_word' id='word_1_700' title='bbox 2483 3176 2712 3233; x_wconf 85' lang='lat' dir='ltr'><strong>Patrem.</strong></span> <span class='ocrx_word' id='word_1_701' title='bbox 2743 3177 2882 3246; x_wconf 90' lang='lat' dir='ltr'><strong>Quid</strong></span> <span class='ocrx_word' id='word_1_702' title='bbox 2913 3186 3016 3245; x_wconf 89' lang='lat' dir='ltr'><strong>est,</strong></span> <span class='ocrx_word' id='word_1_703' title='bbox 3040 3177 3191 3235; x_wconf 92' lang='lat' dir='ltr'><strong>Tunc</strong></span> <span class='ocrx_word' id='word_1_704' title='bbox 3205 3178 3440 3245; x_wconf 89' lang='lat' dir='ltr'><strong>credidi;</strong></span> <span class='ocrx_word' id='word_1_705' title='bbox 3469 3179 3592 3246; x_wconf 89' lang='lat' dir='ltr'><strong>nisi,</strong></span> <span class='ocrx_word' id='word_1_706' title='bbox 3641 3188 3770 3234; x_wconf 90' lang='lat' dir='ltr'><strong>tunc</strong></span> 
     </span>
    </p>
   </div>
   <div class='ocr_carea' id='block_1_95' title="bbox 2177 3268 3772 3341">
    <p class='ocr_par' dir='ltr' id='par_1_95' title="bbox 2177 3268 3772 3341">
     <span class='ocr_line' id='line_1_95' title="bbox 2177 3268 3772 3341; baseline 0.001 -18"><span class='ocrx_word' id='word_1_707' title='bbox 2177 3268 2371 3341; x_wconf 83' lang='lat' dir='ltr'><strong>tetigi?</strong></span> <span class='ocrx_word' id='word_1_708' title='bbox 2421 3269 2565 3325; x_wconf 85' lang='lat' dir='ltr'><strong>Multi</strong></span> <span class='ocrx_word' id='word_1_709' title='bbox 2586 3271 2828 3326; x_wconf 89' lang='lat' dir='ltr'><strong>carnales</strong></span> <span class='ocrx_word' id='word_1_710' title='bbox 2870 3271 3141 3327; x_wconf 89' lang='lat' dir='ltr'><strong>Christum</strong></span> <span class='ocrx_word' id='word_1_711' title='bbox 3195 3271 3559 3326; x_wconf 88' lang='lat' dir='ltr'><strong>tantummodo</strong></span> <span class='ocrx_word' id='word_1_712' title='bbox 3596 3271 3772 3325; x_wconf 84' lang='lat' dir='ltr'><strong>homi-</strong></span> 
     </span>
    </p>
   </div>
   <div class='ocr_carea' id='block_1_96' title="bbox 2177 3363 3771 3433">
    <p class='ocr_par' dir='ltr' id='par_1_96' title="bbox 2177 3363 3771 3433">
     <span class='ocr_line' id='line_1_96' title="bbox 2177 3363 3771 3433; baseline 0 -15"><span class='ocrx_word' id='word_1_713' title='bbox 2177 3379 2301 3418; x_wconf 89' lang='lat' dir='ltr'><strong>nem</strong></span> <span class='ocrx_word' id='word_1_714' title='bbox 2335 3371 2670 3433; x_wconf 89' lang='lat' dir='ltr'><strong>pntaverunt,</strong></span> <span class='ocrx_word' id='word_1_715' title='bbox 2699 3363 3028 3419; x_wconf 86' lang='lat' dir='ltr'><strong>divinitatem</strong></span> <span class='ocrx_word' id='word_1_716' title='bbox 3054 3364 3108 3420; x_wconf 91' lang='lat' dir='ltr'><strong>in</strong></span> <span class='ocrx_word' id='word_1_717' title='bbox 3135 3363 3224 3418; x_wconf 92' lang='lat' dir='ltr'><strong>illo</strong></span> <span class='ocrx_word' id='word_1_718' title='bbox 3251 3363 3507 3419; x_wconf 87' lang='lat' dir='ltr'><strong>latentem</strong></span> <span class='ocrx_word' id='word_1_719' title='bbox 3547 3379 3656 3419; x_wconf 89' lang='lat' dir='ltr'><strong>non</strong></span> <span class='ocrx_word' id='word_1_720' title='bbox 3691 3365 3771 3418; x_wconf 83' lang='lat' dir='ltr'><strong>in-</strong></span> 
     </span>
    </p>
   </div>
   <div class='ocr_carea' id='block_1_97' title="bbox 2176 3453 3768 3526">
    <p class='ocr_par' dir='ltr' id='par_1_97' title="bbox 2176 3453 3768 3526">
     <span class='ocr_line' id='line_1_97' title="bbox 2176 3453 3768 3526; baseline 0.002 -18"><span class='ocrx_word' id='word_1_721' title='bbox 2176 3454 2516 3509; x_wconf 79' lang='lat' dir='ltr'><strong>tellexerunt.</strong></span> <span class='ocrx_word' id='word_1_722' title='bbox 2556 3453 2670 3509; x_wconf 88' lang='lat' dir='ltr'><strong>Non</strong></span> <span class='ocrx_word' id='word_1_723' title='bbox 2703 3455 2839 3511; x_wconf 91' lang='lat' dir='ltr'><strong>bene</strong></span> <span class='ocrx_word' id='word_1_724' title='bbox 2871 3455 3176 3526; x_wconf 83' lang='lat' dir='ltr'><strong>tetigerunt,</strong></span> <span class='ocrx_word' id='word_1_725' title='bbox 3197 3455 3320 3526; x_wconf 90' lang='lat' dir='ltr'><strong>quia</strong></span> <span class='ocrx_word' id='word_1_726' title='bbox 3349 3471 3454 3509; x_wconf 92' lang='lat' dir='ltr'><strong>non</strong></span> <span class='ocrx_word' id='word_1_727' title='bbox 3481 3455 3620 3510; x_wconf 89' lang='lat' dir='ltr'><strong>bene</strong></span> <span class='ocrx_word' id='word_1_728' title='bbox 3640 3471 3768 3512; x_wconf 90' lang='lat' dir='ltr'><strong>cre-</strong></span> 
     </span>
    </p>
   </div>
   <div class='ocr_carea' id='block_1_98' title="bbox 2177 3547 3769 3619">
    <p class='ocr_par' dir='ltr' id='par_1_98' title="bbox 2177 3547 3769 3619">
     <span class='ocr_line' id='line_1_98' title="bbox 2177 3547 3769 3619; baseline 0 -17"><span class='ocrx_word' id='word_1_729' title='bbox 2177 3547 2446 3602; x_wconf 90' lang='lat' dir='ltr'><strong>diderunt.</strong></span> <span class='ocrx_word' id='word_1_730' title='bbox 2499 3548 2590 3602; x_wconf 86' lang='lat' dir='ltr'><strong>Vis</strong></span> <span class='ocrx_word' id='word_1_731' title='bbox 2639 3547 2773 3602; x_wconf 84' lang='lat' dir='ltr'><strong>bene</strong></span> <span class='ocrx_word' id='word_1_732' title='bbox 2820 3548 3080 3618; x_wconf 88' lang='lat' dir='ltr'><strong>tangere?</strong></span> <span class='ocrx_word' id='word_1_733' title='bbox 3109 3547 3348 3619; x_wconf 88' lang='lat' dir='ltr'><strong>lntellige</strong></span> <span class='ocrx_word' id='word_1_734' title='bbox 3376 3547 3648 3603; x_wconf 86' lang='lat' dir='ltr'><strong>Christum</strong></span> <span class='ocrx_word' id='word_1_735' title='bbox 3674 3547 3769 3602; x_wconf 90' lang='lat' dir='ltr'><strong>ubi</strong></span> 
     </span>
    </p>
   </div>
   <div class='ocr_carea' id='block_1_99' title="bbox 2177 3640 3766 3712">
    <p class='ocr_par' dir='ltr' id='par_1_99' title="bbox 2177 3640 3766 3712">
     <span class='ocr_line' id='line_1_99' title="bbox 2177 3640 3766 3712; baseline -0.001 -16"><span class='ocrx_word' id='word_1_736' title='bbox 2177 3651 2263 3696; x_wconf 89' lang='lat' dir='ltr'><strong>est</strong></span> <span class='ocrx_word' id='word_1_737' title='bbox 2289 3641 2431 3697; x_wconf 90' lang='lat' dir='ltr'><strong>Patri</strong></span> <span class='ocrx_word' id='word_1_738' title='bbox 2463 3649 2782 3705; x_wconf 84' lang='lat' dir='ltr'><strong>coaeternus,</strong></span> <span class='ocrx_word' id='word_1_739' title='bbox 2804 3650 2858 3696; x_wconf 89' lang='lat' dir='ltr'><strong>et</strong></span> <span class='ocrx_word' id='word_1_740' title='bbox 2897 3641 3136 3712; x_wconf 87' lang='lat' dir='ltr'><strong>tetigisti.</strong></span> <span class='ocrx_word' id='word_1_741' title='bbox 3173 3641 3230 3696; x_wconf 88' lang='lat' dir='ltr'><strong>Si</strong></span> <span class='ocrx_word' id='word_1_742' title='bbox 3257 3649 3436 3696; x_wconf 89' lang='lat' dir='ltr'><strong>autem</strong></span> <span class='ocrx_word' id='word_1_743' title='bbox 3489 3640 3766 3695; x_wconf 88' lang='lat' dir='ltr'><strong>hominem</strong></span> 
     </span>
    </p>
   </div>
   <div class='ocr_carea' id='block_1_100' title="bbox 2182 3731 3769 3802">
    <p class='ocr_par' dir='ltr' id='par_1_100' title="bbox 2182 3731 3769 3802">
     <span class='ocr_line' id='line_1_100' title="bbox 2182 3731 3769 3802; baseline 0.001 -18"><span class='ocrx_word' id='word_1_744' title='bbox 2182 3742 2356 3801; x_wconf 87' lang='lat' dir='ltr'><strong>putas,</strong></span> <span class='ocrx_word' id='word_1_745' title='bbox 2415 3741 2470 3786; x_wconf 91' lang='lat' dir='ltr'><strong>et</strong></span> <span class='ocrx_word' id='word_1_746' title='bbox 2498 3731 2637 3787; x_wconf 91' lang='lat' dir='ltr'><strong>nihil</strong></span> <span class='ocrx_word' id='word_1_747' title='bbox 2661 3732 2890 3802; x_wconf 88' lang='lat' dir='ltr'><strong>amplius</strong></span> <span class='ocrx_word' id='word_1_748' title='bbox 2916 3739 3092 3802; x_wconf 86' lang='lat' dir='ltr'><strong>putas,</strong></span> <span class='ocrx_word' id='word_1_749' title='bbox 3127 3731 3219 3787; x_wconf 91' lang='lat' dir='ltr'><strong>tibi</strong></span> <span class='ocrx_word' id='word_1_750' title='bbox 3263 3732 3498 3787; x_wconf 89' lang='lat' dir='ltr'><strong>nondum</strong></span> <span class='ocrx_word' id='word_1_751' title='bbox 3527 3731 3769 3788; x_wconf 87' lang='lat' dir='ltr'><strong>ascendit</strong></span> 
     </span>
    </p>
   </div>
   <div class='ocr_carea' id='block_1_101' title="bbox 2177 3826 2501 3883">
    <p class='ocr_par' dir='ltr' id='par_1_101' title="bbox 2177 3826 2501 3883">
     <span class='ocr_line' id='line_1_101' title="bbox 2177 3826 2501 3883; baseline 0 -3"><span class='ocrx_word' id='word_1_752' title='bbox 2177 3827 2246 3882; x_wconf 87' lang='lat' dir='ltr'><strong>ad</strong></span> <span class='ocrx_word' id='word_1_753' title='bbox 2270 3826 2501 3883; x_wconf 87' lang='lat' dir='ltr'><strong>Patrem.</strong></span> 
     </span>
    </p>
   </div>
   <div class='ocr_carea' id='block_1_102' title="bbox 2250 3915 3766 3986">
    <p class='ocr_par' dir='ltr' id='par_1_102' title="bbox 2250 3915 3766 3986">
     <span class='ocr_line' id='line_1_102' title="bbox 2250 3915 3766 3986; baseline -0.002 -13"><span class='ocrx_word' id='word_1_754' title='bbox 2250 3917 2482 3974; x_wconf 88' lang='lat' dir='ltr'><strong>CAPUT</strong></span> <span class='ocrx_word' id='word_1_755' title='bbox 2524 3916 2609 3972; x_wconf 79' lang='grc' dir='ltr'><strong>ΙΙΙ.</strong></span> <span class='ocrx_word' id='word_1_756' title='bbox 2637 3917 2784 3972; x_wconf 79' lang='lat'><strong>—5.</strong></span> <span class='ocrx_word' id='word_1_757' title='bbox 2833 3915 3118 3986; x_wconf 73' lang='lat' dir='ltr'><strong>Diﬁicultas</strong></span> <span class='ocrx_word' id='word_1_758' title='bbox 3164 3916 3226 3970; x_wconf 86' lang='lat' dir='ltr'><strong>de</strong></span> <span class='ocrx_word' id='word_1_759' title='bbox 3280 3931 3376 3969; x_wconf 86' lang='lat' dir='ltr'><strong>usu</strong></span> <span class='ocrx_word' id='word_1_760' title='bbox 3422 3932 3766 3970; x_wconf 84' lang='lat' dir='ltr'><strong>memnrorum</strong></span> 
     </span>
    </p>
   </div>
   <div class='ocr_carea' id='block_1_103' title="bbox 2181 4007 3772 4081">
    <p class='ocr_par' dir='ltr' id='par_1_103' title="bbox 2181 4007 3772 4081">
     <span class='ocr_line' id='line_1_103' title="bbox 2181 4007 3772 4081; baseline 0 -17"><span class='ocrx_word' id='word_1_761' title='bbox 2181 4019 2295 4081; x_wconf 80' lang='lat' dir='ltr'><strong>post</strong></span> <span class='ocrx_word' id='word_1_762' title='bbox 2317 4009 2747 4064; x_wconf 88' lang='lat' dir='ltr'><strong>resurrectionem.</strong></span> <span class='ocrx_word' id='word_1_763' title='bbox 2774 4007 3032 4063; x_wconf 84' lang='lat' dir='ltr'><strong>Adhibuit</strong></span> <span class='ocrx_word' id='word_1_764' title='bbox 3055 4022 3182 4078; x_wconf 88' lang='lat' dir='ltr'><strong>ergo</strong></span> <span class='ocrx_word' id='word_1_765' title='bbox 3206 4007 3457 4063; x_wconf 85' lang='lat' dir='ltr'><strong>Dominus</strong></span> <span class='ocrx_word' id='word_1_766' title='bbox 3471 4007 3627 4063; x_wconf 71' lang='lat' dir='ltr'><strong>Iesus</strong></span> <span class='ocrx_word' id='word_1_767' title='bbox 3647 4024 3772 4078; x_wconf 85' lang='lat' dir='ltr'><strong>spe-</strong></span> 
     </span>
    </p>
   </div>
   <div class='ocr_carea' id='block_1_104' title="bbox 2179 4100 3771 4172">
    <p class='ocr_par' dir='ltr' id='par_1_104' title="bbox 2179 4100 3771 4172">
     <span class='ocr_line' id='line_1_104' title="bbox 2179 4100 3771 4172; baseline -0.003 -13"><span class='ocrx_word' id='word_1_768' title='bbox 2179 4103 2318 4160; x_wconf 89' lang='lat' dir='ltr'><strong>ciem</strong></span> <span class='ocrx_word' id='word_1_769' title='bbox 2367 4103 2606 4172; x_wconf 88' lang='lat' dir='ltr'><strong>corporis</strong></span> <span class='ocrx_word' id='word_1_770' title='bbox 2650 4101 2734 4156; x_wconf 92' lang='lat' dir='ltr'><strong>sui</strong></span> <span class='ocrx_word' id='word_1_771' title='bbox 2783 4101 3029 4156; x_wconf 89' lang='lat' dir='ltr'><strong>humanis</strong></span> <span class='ocrx_word' id='word_1_772' title='bbox 3057 4101 3322 4164; x_wconf 83' lang='lat' dir='ltr'><strong>sensibus,</strong></span> <span class='ocrx_word' id='word_1_773' title='bbox 3353 4100 3419 4156; x_wconf 89' lang='lat' dir='ltr'><strong>ad</strong></span> <span class='ocrx_word' id='word_1_774' title='bbox 3445 4101 3771 4156; x_wconf 83' lang='lat' dir='ltr'><strong>conﬁrman-</strong></span> 
     </span>
    </p>
   </div>
   <div class='ocr_carea' id='block_1_105' title="bbox 2181 4191 3770 4250">
    <p class='ocr_par' dir='ltr' id='par_1_105' title="bbox 2181 4191 3770 4250">
     <span class='ocr_line' id='line_1_105' title="bbox 2181 4191 3770 4250; baseline -0.001 0"><span class='ocrx_word' id='word_1_775' title='bbox 2181 4195 2304 4250; x_wconf 91' lang='lat' dir='ltr'><strong>dam</strong></span> <span class='ocrx_word' id='word_1_776' title='bbox 2356 4194 2532 4250; x_wconf 89' lang='lat' dir='ltr'><strong>carnis</strong></span> <span class='ocrx_word' id='word_1_777' title='bbox 2576 4193 3043 4248; x_wconf 85' lang='lat' dir='ltr'><strong>resurrectionem.</strong></span> <span class='ocrx_word' id='word_1_778' title='bbox 3077 4191 3221 4247; x_wconf 88' lang='lat' dir='ltr'><strong>Nihil</strong></span> <span class='ocrx_word' id='word_1_779' title='bbox 3247 4207 3346 4248; x_wconf 84' lang='lat' dir='ltr'><strong>nos</strong></span> <span class='ocrx_word' id='word_1_780' title='bbox 3384 4193 3527 4248; x_wconf 85' lang='lat' dir='ltr'><strong>aliud</strong></span> <span class='ocrx_word' id='word_1_781' title='bbox 3575 4192 3770 4248; x_wconf 76' lang='lat' dir='ltr'><strong>docere</strong></span> 
     </span>
    </p>
   </div>
   <div class='ocr_carea' id='block_1_106' title="bbox 2185 4286 3766 4356">
    <p class='ocr_par' dir='ltr' id='par_1_106' title="bbox 2185 4286 3766 4356">
     <span class='ocr_line' id='line_1_106' title="bbox 2185 4286 3766 4356; baseline -0.003 -13"><span class='ocrx_word' id='word_1_782' title='bbox 2185 4289 2369 4356; x_wconf 90' lang='lat' dir='ltr'><strong>voluit,</strong></span> <span class='ocrx_word' id='word_1_783' title='bbox 2399 4286 2732 4344; x_wconf 88' lang='lat' dir='ltr'><strong>ostendendo</strong></span> <span class='ocrx_word' id='word_1_784' title='bbox 2784 4301 2843 4341; x_wconf 91' lang='lat' dir='ltr'><strong>se</strong></span> <span class='ocrx_word' id='word_1_785' title='bbox 2873 4286 3049 4340; x_wconf 87' lang='lat' dir='ltr'><strong>vivum</strong></span> <span class='ocrx_word' id='word_1_786' title='bbox 3080 4286 3132 4340; x_wconf 91' lang='lat' dir='ltr'><strong>in</strong></span> <span class='ocrx_word' id='word_1_787' title='bbox 3175 4300 3402 4356; x_wconf 89' lang='lat' dir='ltr'><strong>corpore</strong></span> <span class='ocrx_word' id='word_1_788' title='bbox 3432 4295 3552 4356; x_wconf 91' lang='lat' dir='ltr'><strong>post</strong></span> <span class='ocrx_word' id='word_1_789' title='bbox 3579 4300 3766 4340; x_wconf 88' lang='lat' dir='ltr'><strong>resur-</strong></span> 
     </span>
    </p>
   </div>
   <div class='ocr_carea' id='block_1_107' title="bbox 2181 4378 3768 4452">
    <p class='ocr_par' dir='ltr' id='par_1_107' title="bbox 2181 4378 3768 4452">
     <span class='ocr_line' id='line_1_107' title="bbox 2181 4378 3768 4452; baseline -0.008 -10"><span class='ocrx_word' id='word_1_790' title='bbox 2181 4387 2473 4442; x_wconf 89' lang='lat' dir='ltr'><strong>rectionem</strong></span> <span class='ocrx_word' id='word_1_791' title='bbox 2491 4401 2665 4452; x_wconf 90' lang='lat' dir='ltr'><strong>suam,</strong></span> <span class='ocrx_word' id='word_1_792' title='bbox 2695 4383 2796 4438; x_wconf 91' lang='lat' dir='ltr'><strong>nisi</strong></span> <span class='ocrx_word' id='word_1_793' title='bbox 2827 4392 2886 4439; x_wconf 90' lang='lat' dir='ltr'><strong>ut</strong></span> <span class='ocrx_word' id='word_1_794' title='bbox 2931 4381 3180 4438; x_wconf 87' lang='lat' dir='ltr'><strong>credatur</strong></span> <span class='ocrx_word' id='word_1_795' title='bbox 3207 4395 3238 4434; x_wconf 92' lang='lat' dir='ltr'><strong>a</strong></span> <span class='ocrx_word' id='word_1_796' title='bbox 3265 4380 3418 4436; x_wconf 91' lang='lat' dir='ltr'><strong>nobis</strong></span> <span class='ocrx_word' id='word_1_797' title='bbox 3445 4378 3768 4434; x_wconf 81' lang='lat' dir='ltr'><strong>resurrectio</strong></span> 
     </span>
    </p>
   </div>
   <div class='ocr_carea' id='block_1_108' title="bbox 2181 4471 3764 4546">
    <p class='ocr_par' dir='ltr' id='par_1_108' title="bbox 2181 4471 3764 4546">
     <span class='ocr_line' id='line_1_108' title="bbox 2181 4471 3764 4546; baseline -0.007 -13"><span class='ocrx_word' id='word_1_798' title='bbox 2181 4489 2534 4534; x_wconf 88' lang='lat' dir='ltr'><strong>mortuorum.</strong></span> <span class='ocrx_word' id='word_1_799' title='bbox 2559 4477 2692 4532; x_wconf 91' lang='lat' dir='ltr'><strong>Cum</strong></span> <span class='ocrx_word' id='word_1_800' title='bbox 2713 4490 2840 4546; x_wconf 86' lang='lat' dir='ltr'><strong>ergo</strong></span> <span class='ocrx_word' id='word_1_801' title='bbox 2857 4475 3059 4546; x_wconf 88' lang='lat' dir='ltr'><strong>integra</strong></span> <span class='ocrx_word' id='word_1_802' title='bbox 3084 4471 3423 4528; x_wconf 84' lang='lat' dir='ltr'><strong>instauranda</strong></span> <span class='ocrx_word' id='word_1_803' title='bbox 3439 4471 3547 4525; x_wconf 89' lang='lat' dir='ltr'><strong>sint</strong></span> <span class='ocrx_word' id='word_1_804' title='bbox 3567 4471 3764 4531; x_wconf 83' lang='lat' dir='ltr'><strong>omnia,</strong></span> 
     </span>
    </p>
   </div>
   <div class='ocr_carea' id='block_1_109' title="bbox 2181 4565 3768 4641">
    <p class='ocr_par' dir='ltr' id='par_1_109' title="bbox 2181 4565 3768 4641">
     <span class='ocr_line' id='line_1_109' title="bbox 2181 4565 3768 4641; baseline -0.008 -15"><span class='ocrx_word' id='word_1_805' title='bbox 2181 4569 2350 4641; x_wconf 71' lang='lat' dir='ltr'><strong>qumri</strong></span> <span class='ocrx_word' id='word_1_806' title='bbox 2376 4569 2512 4624; x_wconf 90' lang='lat' dir='ltr'><strong>solet</strong></span> <span class='ocrx_word' id='word_1_807' title='bbox 2533 4568 2601 4623; x_wconf 93' lang='lat' dir='ltr'><strong>ab</strong></span> <span class='ocrx_word' id='word_1_808' title='bbox 2614 4568 2691 4623; x_wconf 88' lang='lat' dir='ltr'><strong>eis</strong></span> <span class='ocrx_word' id='word_1_809' title='bbox 2719 4567 2808 4637; x_wconf 93' lang='lat' dir='ltr'><strong>qui</strong></span> <span class='ocrx_word' id='word_1_810' title='bbox 2839 4568 2977 4622; x_wconf 86' lang='lat' dir='ltr'><strong>scire</strong></span> <span class='ocrx_word' id='word_1_811' title='bbox 3008 4565 3406 4630; x_wconf 86' lang='lat' dir='ltr'><strong>desiderant,et</strong></span> <span class='ocrx_word' id='word_1_812' title='bbox 3434 4577 3620 4617; x_wconf 84' lang='lat' dir='ltr'><strong>rursus</strong></span> <span class='ocrx_word' id='word_1_813' title='bbox 3647 4577 3768 4630; x_wconf 89' lang='lat' dir='ltr'><strong>pro-</strong></span> 
     </span>
    </p>
   </div>
   <div class='ocr_carea' id='block_1_110' title="bbox 2187 4656 3762 4734">
    <p class='ocr_par' dir='ltr' id='par_1_110' title="bbox 2187 4656 3762 4734">
     <span class='ocr_line' id='line_1_110' title="bbox 2187 4656 3762 4734; baseline -0.006 -16"><span class='ocrx_word' id='word_1_814' title='bbox 2187 4663 2310 4734; x_wconf 90' lang='lat' dir='ltr'><strong>poni</strong></span> <span class='ocrx_word' id='word_1_815' title='bbox 2341 4662 2478 4717; x_wconf 86' lang='lat' dir='ltr'><strong>solet</strong></span> <span class='ocrx_word' id='word_1_816' title='bbox 2499 4661 2567 4715; x_wconf 92' lang='lat' dir='ltr'><strong>ab</strong></span> <span class='ocrx_word' id='word_1_817' title='bbox 2581 4661 2659 4715; x_wconf 87' lang='lat' dir='ltr'><strong>eis</strong></span> <span class='ocrx_word' id='word_1_818' title='bbox 2688 4661 2777 4730; x_wconf 90' lang='lat' dir='ltr'><strong>qui</strong></span> <span class='ocrx_word' id='word_1_819' title='bbox 2808 4660 3014 4730; x_wconf 88' lang='lat' dir='ltr'><strong>Iigitare</strong></span> <span class='ocrx_word' id='word_1_820' title='bbox 3047 4657 3370 4723; x_wconf 82' lang='lat' dir='ltr'><strong>desiderant,</strong></span> <span class='ocrx_word' id='word_1_821' title='bbox 3408 4657 3635 4727; x_wconf 64' lang='lat' dir='ltr'><strong>quaestio</strong></span> <span class='ocrx_word' id='word_1_822' title='bbox 3655 4656 3762 4709; x_wconf 83' lang='lat' dir='ltr'><strong>dit-</strong></span> 
     </span>
    </p>
   </div>
   <div class='ocr_carea' id='block_1_111' title="bbox 2184 4742 3788 4810">
    <p class='ocr_par' dir='ltr' id='par_1_111' title="bbox 2184 4742 3788 4810">
     <span class='ocr_line' id='line_1_111' title="bbox 2184 4742 3788 4810; baseline -0.007 -7"><span class='ocrx_word' id='word_1_823' title='bbox 2184 4748 2336 4805; x_wconf 87' lang='lat' dir='ltr'><strong>ﬁcilis</strong></span> <span class='ocrx_word' id='word_1_824' title='bbox 2367 4747 2434 4802; x_wconf 93' lang='lat' dir='ltr'><strong>de</strong></span> <span class='ocrx_word' id='word_1_825' title='bbox 2477 4761 2576 4802; x_wconf 87' lang='lat' dir='ltr'><strong>usu</strong></span> <span class='ocrx_word' id='word_1_826' title='bbox 2615 4746 2998 4800; x_wconf 89' lang='lat' dir='ltr'><strong>membrorum.</strong></span> <span class='ocrx_word' id='word_1_827' title='bbox 3040 4743 3230 4799; x_wconf 90' lang='lat' dir='ltr'><strong>Dicunt</strong></span> <span class='ocrx_word' id='word_1_828' title='bbox 3255 4742 3422 4806; x_wconf 87' lang='lat' dir='ltr'><strong>enim,</strong></span> <span class='ocrx_word' id='word_1_829' title='bbox 3450 4755 3646 4810; x_wconf 90' lang='lat' dir='ltr'><strong>corpus</strong></span> <span class='ocrx_word' id='word_1_830' title='bbox 3669 4755 3788 4806; x_wconf 28' lang='lat' dir='ltr'><strong>non</strong></span> 
     </span>
    </p>
   </div>
   <div class='ocr_carea' id='block_1_112' title="bbox 2181 4837 3769 4904">
    <p class='ocr_par' dir='ltr' id='par_1_112' title="bbox 2181 4837 3769 4904">
     <span class='ocr_line' id='line_1_112' title="bbox 2181 4837 3769 4904; baseline -0.009 -7"><span class='ocrx_word' id='word_1_831' title='bbox 2181 4849 2352 4897; x_wconf 90' lang='lat' dir='ltr'><strong>strum</strong></span> <span class='ocrx_word' id='word_1_832' title='bbox 2392 4839 2591 4894; x_wconf 89' lang='lat' dir='ltr'><strong>habere</strong></span> <span class='ocrx_word' id='word_1_833' title='bbox 2637 4837 2814 4892; x_wconf 91' lang='lat' dir='ltr'><strong>omnia</strong></span> <span class='ocrx_word' id='word_1_834' title='bbox 2862 4837 3100 4892; x_wconf 78' lang='lat' dir='ltr'><strong>membra</strong></span> <span class='ocrx_word' id='word_1_835' title='bbox 3125 4850 3241 4900; x_wconf 90' lang='lat' dir='ltr'><strong>sua,</strong></span> <span class='ocrx_word' id='word_1_836' title='bbox 3285 4841 3340 4890; x_wconf 91' lang='lat' dir='ltr'><strong>et</strong></span> <span class='ocrx_word' id='word_1_837' title='bbox 3362 4847 3624 4904; x_wconf 71' lang='lat' dir='ltr'><strong>apparere</strong></span> <span class='ocrx_word' id='word_1_838' title='bbox 3652 4849 3769 4900; x_wconf 82' lang='lat' dir='ltr'><strong>qua:</strong></span> 
     </span>
    </p>
   </div>
   <div class='ocr_carea' id='block_1_113' title="bbox 2182 4924 3762 5002">
    <p class='ocr_par' dir='ltr' id='par_1_113' title="bbox 2182 4924 3762 5002">
     <span class='ocr_line' id='line_1_113' title="bbox 2182 4924 3762 5002; baseline -0.008 -14"><span class='ocrx_word' id='word_1_839' title='bbox 2182 4932 2423 4989; x_wconf 89' lang='lat' dir='ltr'><strong>membra</strong></span> <span class='ocrx_word' id='word_1_840' title='bbox 2449 4931 2643 5002; x_wconf 91' lang='lat' dir='ltr'><strong>quibus</strong></span> <span class='ocrx_word' id='word_1_841' title='bbox 2681 4930 2788 4984; x_wconf 89' lang='lat' dir='ltr'><strong>sint</strong></span> <span class='ocrx_word' id='word_1_842' title='bbox 2817 4928 3070 4998; x_wconf 86' lang='lat' dir='ltr'><strong>operibus</strong></span> <span class='ocrx_word' id='word_1_843' title='bbox 3117 4925 3436 4982; x_wconf 87' lang='lat' dir='ltr'><strong>necessaria.</strong></span> <span class='ocrx_word' id='word_1_844' title='bbox 3462 4925 3594 4994; x_wconf 91' lang='lat' dir='ltr'><strong>Quis</strong></span> <span class='ocrx_word' id='word_1_845' title='bbox 3621 4924 3762 4978; x_wconf 87' lang='lat' dir='ltr'><strong>enim</strong></span> 
     </span>
    </p>
   </div>
   <div class='ocr_carea' id='block_1_114' title="bbox 2183 5014 3770 5094">
    <p class='ocr_par' dir='ltr' id='par_1_114' title="bbox 2183 5014 3770 5094">
     <span class='ocr_line' id='line_1_114' title="bbox 2183 5014 3770 5094; baseline -0.01 -13"><span class='ocrx_word' id='word_1_846' title='bbox 2183 5025 2407 5088; x_wconf 90' lang='lat' dir='ltr'><strong>neseiat,</strong></span> <span class='ocrx_word' id='word_1_847' title='bbox 2456 5024 2575 5094; x_wconf 91' lang='lat' dir='ltr'><strong>quis</strong></span> <span class='ocrx_word' id='word_1_848' title='bbox 2625 5036 2728 5076; x_wconf 94' lang='lat' dir='ltr'><strong>non</strong></span> <span class='ocrx_word' id='word_1_849' title='bbox 2758 5020 2953 5087; x_wconf 81' lang='lat' dir='ltr'><strong>videat,</strong></span> <span class='ocrx_word' id='word_1_850' title='bbox 2978 5019 3044 5074; x_wconf 90' lang='lat' dir='ltr'><strong>ad</strong></span> <span class='ocrx_word' id='word_1_851' title='bbox 3098 5017 3390 5073; x_wconf 91' lang='lat' dir='ltr'><strong>videndum</strong></span> <span class='ocrx_word' id='word_1_852' title='bbox 3422 5031 3522 5072; x_wconf 92' lang='lat' dir='ltr'><strong>nos</strong></span> <span class='ocrx_word' id='word_1_853' title='bbox 3569 5014 3770 5068; x_wconf 87' lang='lat' dir='ltr'><strong>habere</strong></span> 
     </span>
    </p>
   </div>
   <div class='ocr_carea' id='block_1_115' title="bbox 2182 5107 3764 5184">
    <p class='ocr_par' dir='ltr' id='par_1_115' title="bbox 2182 5107 3764 5184">
     <span class='ocr_line' id='line_1_115' title="bbox 2182 5107 3764 5184; baseline -0.011 -8"><span class='ocrx_word' id='word_1_854' title='bbox 2182 5120 2389 5184; x_wconf 90' lang='lat' dir='ltr'><strong>oculos,</strong></span> <span class='ocrx_word' id='word_1_855' title='bbox 2421 5132 2578 5173; x_wconf 88' lang='lat' dir='ltr'><strong>aures</strong></span> <span class='ocrx_word' id='word_1_856' title='bbox 2599 5115 2665 5170; x_wconf 92' lang='lat' dir='ltr'><strong>ad</strong></span> <span class='ocrx_word' id='word_1_857' title='bbox 2697 5113 3040 5177; x_wconf 88' lang='lat' dir='ltr'><strong>audiendum,</strong></span> <span class='ocrx_word' id='word_1_858' title='bbox 3063 5113 3292 5182; x_wconf 85' lang='lat' dir='ltr'><strong>linguam</strong></span> <span class='ocrx_word' id='word_1_859' title='bbox 3315 5110 3382 5165; x_wconf 88' lang='lat' dir='ltr'><strong>ad</strong></span> <span class='ocrx_word' id='word_1_860' title='bbox 3419 5107 3764 5178; x_wconf 90' lang='lat' dir='ltr'><strong>loquendum,</strong></span> 
     </span>
    </p>
   </div>
   <div class='ocr_carea' id='block_1_116' title="bbox 2183 5201 3769 5271">
    <p class='ocr_par' dir='ltr' id='par_1_116' title="bbox 2183 5201 3769 5271">
     <span class='ocr_line' id='line_1_116' title="bbox 2183 5201 3769 5271; baseline -0.01 -3"><span class='ocrx_word' id='word_1_861' title='bbox 2183 5227 2339 5268; x_wconf 87' lang='lat' dir='ltr'><strong>nares</strong></span> <span class='ocrx_word' id='word_1_862' title='bbox 2368 5211 2434 5264; x_wconf 91' lang='lat' dir='ltr'><strong>ad</strong></span> <span class='ocrx_word' id='word_1_863' title='bbox 2470 5208 2850 5271; x_wconf 79' lang='lat' dir='ltr'><strong>olfaciendum,</strong></span> <span class='ocrx_word' id='word_1_864' title='bbox 2879 5205 3064 5262; x_wconf 90' lang='lat' dir='ltr'><strong>dentes</strong></span> <span class='ocrx_word' id='word_1_865' title='bbox 3088 5204 3154 5260; x_wconf 90' lang='lat' dir='ltr'><strong>ad</strong></span> <span class='ocrx_word' id='word_1_866' title='bbox 3181 5201 3560 5267; x_wconf 85' lang='lat' dir='ltr'><strong>mandendum,</strong></span> <span class='ocrx_word' id='word_1_867' title='bbox 3581 5215 3769 5253; x_wconf 88' lang='lat' dir='ltr'><strong>manus</strong></span> 
     </span>
    </p>
   </div>
   <div class='ocr_carea' id='block_1_117' title="bbox 2182 5293 3767 5376">
    <p class='ocr_par' dir='ltr' id='par_1_117' title="bbox 2182 5293 3767 5376">
     <span class='ocr_line' id='line_1_117' title="bbox 2182 5293 3767 5376; baseline -0.013 -13"><span class='ocrx_word' id='word_1_868' title='bbox 2182 5307 2249 5364; x_wconf 87' lang='lat' dir='ltr'><strong>ad</strong></span> <span class='ocrx_word' id='word_1_869' title='bbox 2304 5303 2655 5376; x_wconf 89' lang='lat' dir='ltr'><strong>operandum,</strong></span> <span class='ocrx_word' id='word_1_870' title='bbox 2709 5301 2869 5372; x_wconf 90' lang='lat' dir='ltr'><strong>pedes</strong></span> <span class='ocrx_word' id='word_1_871' title='bbox 2917 5299 2984 5353; x_wconf 91' lang='lat' dir='ltr'><strong>ad</strong></span> <span class='ocrx_word' id='word_1_872' title='bbox 3031 5295 3454 5360; x_wconf 89' lang='lat' dir='ltr'><strong>ambulandum;</strong></span> <span class='ocrx_word' id='word_1_873' title='bbox 3492 5293 3579 5348; x_wconf 91' lang='lat' dir='ltr'><strong>illa</strong></span> <span class='ocrx_word' id='word_1_874' title='bbox 3610 5294 3767 5345; x_wconf 88' lang='lat' dir='ltr'><strong>etiam</strong></span> 
     </span>
    </p>
   </div>
   <div class='ocr_carea' id='block_1_118' title="bbox 2181 5383 3771 5467">
    <p class='ocr_par' dir='ltr' id='par_1_118' title="bbox 2181 5383 3771 5467">
     <span class='ocr_line' id='line_1_118' title="bbox 2181 5383 3771 5467; baseline -0.013 -13"><span class='ocrx_word' id='word_1_875' title='bbox 2181 5399 2422 5454; x_wconf 89' lang='lat' dir='ltr'><strong>membra</strong></span> <span class='ocrx_word' id='word_1_876' title='bbox 2476 5411 2595 5467; x_wconf 65' lang='lat' dir='ltr'><strong>qua:</strong></span> <span class='ocrx_word' id='word_1_877' title='bbox 2645 5391 2888 5465; x_wconf 88' lang='lat' dir='ltr'><strong>pudenda</strong></span> <span class='ocrx_word' id='word_1_878' title='bbox 2941 5390 3208 5456; x_wconf 83' lang='lat' dir='ltr'><strong>dicuntur,</strong></span> <span class='ocrx_word' id='word_1_879' title='bbox 3253 5387 3319 5441; x_wconf 89' lang='lat' dir='ltr'><strong>ad</strong></span> <span class='ocrx_word' id='word_1_880' title='bbox 3363 5383 3771 5457; x_wconf 82' lang='lat' dir='ltr'><strong>generandum?</strong></span> 
     </span>
    </p>
   </div>
   <div class='ocr_carea' id='block_1_119' title="bbox 2181 5478 3770 5551">
    <p class='ocr_par' dir='ltr' id='par_1_119' title="bbox 2181 5478 3770 5551">
     <span class='ocr_line' id='line_1_119' title="bbox 2181 5478 3770 5551; baseline -0.013 -1"><span class='ocrx_word' id='word_1_881' title='bbox 2181 5494 2351 5550; x_wconf 89' lang='lat' dir='ltr'><strong>Porro</strong></span> <span class='ocrx_word' id='word_1_882' title='bbox 2379 5500 2558 5547; x_wconf 89' lang='lat' dir='ltr'><strong>autem</strong></span> <span class='ocrx_word' id='word_1_883' title='bbox 2585 5487 2841 5544; x_wconf 90' lang='lat' dir='ltr'><strong>interiora</strong></span> <span class='ocrx_word' id='word_1_884' title='bbox 2869 5485 3028 5540; x_wconf 88' lang='lat' dir='ltr'><strong>etiam</strong></span> <span class='ocrx_word' id='word_1_885' title='bbox 3076 5485 3300 5547; x_wconf 83' lang='lat' dir='ltr'><strong>viscera,</strong></span> <span class='ocrx_word' id='word_1_886' title='bbox 3333 5496 3451 5551; x_wconf 72' lang='lat' dir='ltr'><strong>quae</strong></span> <span class='ocrx_word' id='word_1_887' title='bbox 3481 5494 3550 5534; x_wconf 89' lang='lat' dir='ltr'><strong>ne</strong></span> <span class='ocrx_word' id='word_1_888' title='bbox 3584 5478 3770 5532; x_wconf 64' lang='lat' dir='ltr'><strong>horte-</strong></span> 
     </span>
    </p>
   </div>
   <div class='ocr_carea' id='block_1_120' title="bbox 2181 5570 3768 5654">
    <p class='ocr_par' dir='ltr' id='par_1_120' title="bbox 2181 5570 3768 5654">
     <span class='ocr_line' id='line_1_120' title="bbox 2181 5570 3768 5654; baseline -0.013 -12"><span class='ocrx_word' id='word_1_889' title='bbox 2181 5595 2306 5642; x_wconf 85' lang='lat' dir='ltr'><strong>rent</strong></span> <span class='ocrx_word' id='word_1_890' title='bbox 2331 5582 2660 5654; x_wconf 90' lang='lat' dir='ltr'><strong>aspectibus,</strong></span> <span class='ocrx_word' id='word_1_891' title='bbox 2687 5579 2858 5634; x_wconf 86' lang='lat' dir='ltr'><strong>voluit</strong></span> <span class='ocrx_word' id='word_1_892' title='bbox 2885 5579 3024 5632; x_wconf 91' lang='lat' dir='ltr'><strong>Dens</strong></span> <span class='ocrx_word' id='word_1_893' title='bbox 3047 5591 3167 5632; x_wconf 86' lang='lat' dir='ltr'><strong>esse</strong></span> <span class='ocrx_word' id='word_1_894' title='bbox 3181 5581 3428 5630; x_wconf 88' lang='lat' dir='ltr'><strong>contecta</strong></span> <span class='ocrx_word' id='word_1_895' title='bbox 3452 5587 3466 5629; x_wconf 90' lang='lat'><strong>:</strong></span> <span class='ocrx_word' id='word_1_896' title='bbox 3515 5570 3768 5624; x_wconf 88' lang='lat' dir='ltr'><strong>interiora</strong></span> 
     </span>
    </p>
   </div>
   <div class='ocr_carea' id='block_1_121' title="bbox 2181 5663 3762 5743">
    <p class='ocr_par' dir='ltr' id='par_1_121' title="bbox 2181 5663 3762 5743">
     <span class='ocr_line' id='line_1_121' title="bbox 2181 5663 3762 5743; baseline -0.015 -9"><span class='ocrx_word' id='word_1_897' title='bbox 2181 5689 2362 5734; x_wconf 86' lang='lat' dir='ltr'><strong>nostra</strong></span> <span class='ocrx_word' id='word_1_898' title='bbox 2379 5686 2433 5732; x_wconf 88' lang='lat' dir='ltr'><strong>et</strong></span> <span class='ocrx_word' id='word_1_899' title='bbox 2448 5675 2694 5731; x_wconf 87' lang='lat' dir='ltr'><strong>intestina</strong></span> <span class='ocrx_word' id='word_1_900' title='bbox 2713 5688 2831 5743; x_wconf 70' lang='lat' dir='ltr'><strong>qua:</strong></span> <span class='ocrx_word' id='word_1_901' title='bbox 2851 5672 3114 5734; x_wconf 90' lang='lat' dir='ltr'><strong>dicuntur,</strong></span> <span class='ocrx_word' id='word_1_902' title='bbox 3139 5670 3203 5722; x_wconf 92' lang='lat' dir='ltr'><strong>ad</strong></span> <span class='ocrx_word' id='word_1_903' title='bbox 3221 5682 3356 5738; x_wconf 92' lang='lat' dir='ltr'><strong>quos</strong></span> <span class='ocrx_word' id='word_1_904' title='bbox 3378 5680 3507 5718; x_wconf 90' lang='lat' dir='ltr'><strong>usus</strong></span> <span class='ocrx_word' id='word_1_905' title='bbox 3531 5663 3762 5724; x_wconf 88' lang='lat' dir='ltr'><strong>valeant,</strong></span> 
     </span>
    </p>
   </div>
   <div class='ocr_carea' id='block_1_122' title="bbox 2181 5760 3763 5832">
    <p class='ocr_par' dir='ltr' id='par_1_122' title="bbox 2181 5760 3763 5832">
     <span class='ocr_line' id='line_1_122' title="bbox 2181 5760 3763 5832; baseline -0.013 -5"><span class='ocrx_word' id='word_1_906' title='bbox 2181 5781 2237 5829; x_wconf 89' lang='lat' dir='ltr'><strong>et</strong></span> <span class='ocrx_word' id='word_1_907' title='bbox 2285 5770 2434 5824; x_wconf 87' lang='lat' dir='ltr'><strong>multi</strong></span> <span class='ocrx_word' id='word_1_908' title='bbox 2477 5768 2772 5832; x_wconf 90' lang='lat' dir='ltr'><strong>hominum,</strong></span> <span class='ocrx_word' id='word_1_909' title='bbox 2798 5775 2852 5818; x_wconf 90' lang='lat' dir='ltr'><strong>et</strong></span> <span class='ocrx_word' id='word_1_910' title='bbox 2897 5763 3087 5818; x_wconf 84' lang='lat' dir='ltr'><strong>melius</strong></span> <span class='ocrx_word' id='word_1_911' title='bbox 3139 5760 3329 5815; x_wconf 89' lang='lat' dir='ltr'><strong>medici</strong></span> <span class='ocrx_word' id='word_1_912' title='bbox 3381 5762 3763 5826; x_wconf 81' lang='lat' dir='ltr'><strong>cognoverunt.</strong></span> 
     </span>
    </p>
   </div>
   <div class='ocr_carea' id='block_1_123' title="bbox 2184 5847 3762 5936">
    <p class='ocr_par' dir='ltr' id='par_1_123' title="bbox 2184 5847 3762 5936">
     <span class='ocr_line' id='line_1_123' title="bbox 2184 5847 3762 5936; baseline -0.011 -14"><span class='ocrx_word' id='word_1_913' title='bbox 2184 5866 2634 5936; x_wconf 77' lang='lat' dir='ltr'><strong>Argumentantur</strong></span> <span class='ocrx_word' id='word_1_914' title='bbox 2654 5875 2782 5932; x_wconf 79' lang='lat' dir='ltr'><strong>ergo</strong></span> <span class='ocrx_word' id='word_1_915' title='bbox 2825 5867 2879 5916; x_wconf 89' lang='lat' dir='ltr'><strong>et</strong></span> <span class='ocrx_word' id='word_1_916' title='bbox 2901 5857 3084 5914; x_wconf 88' lang='lat' dir='ltr'><strong>dicunt</strong></span> <span class='ocrx_word' id='word_1_917' title='bbox 3120 5854 3308 5911; x_wconf 91' lang='lat' dir='ltr'><strong>nobis:</strong></span> <span class='ocrx_word' id='word_1_918' title='bbox 3337 5851 3393 5910; x_wconf 89' lang='lat' dir='ltr'><strong>Si</strong></span> <span class='ocrx_word' id='word_1_919' title='bbox 3419 5864 3577 5906; x_wconf 89' lang='lat' dir='ltr'><strong>aures</strong></span> <span class='ocrx_word' id='word_1_920' title='bbox 3601 5847 3762 5905; x_wconf 84' lang='lat' dir='ltr'><strong>habe-</strong></span> 
     </span>
    </p>
   </div>
  </div>
