4070 6330
346 339 490 399 1145

345 457 525 514 bimus
560 460 620 509 ut
645 452 941 517 audiamus,
989 451 1169 507 oculos
1215 461 1272 507 ut
1296 451 1593 521 videmnus,
1621 453 1852 524 linguam
1874 460 1933 508 ut

350 549 662 619 loquamur;
685 545 871 600 dentes
901 560 1065 616 quare
1092 544 1427 612 habebimus,
1456 545 1498 598 si
1540 560 1646 600 non
1696 544 1927 600 mandu-

348 638 607 704 cabimus,
663 635 839 691 fauces
863 678 878 703 ,
931 636 1246 706 pulmones,
1296 635 1650 702 stomachum,
1683 636 1931 691 intestina

348 747 450 804 qua
479 731 581 787 cibi
640 737 934 797 transeunt,
958 739 1010 784 et
1030 745 1127 800 pro
1145 738 1339 784 nostra:
1366 729 1682 785 valetudinis
1727 740 1932 799 tempe-

346 826 427 881 rie
461 832 896 889 commutantur;
934 833 1201 893 postremo
1247 823 1338 877 illa
1382 824 1494 894 ip'sa
1533 824 1770 878 membra
1815 838 1933 894 quae

345 924 604 971 vocantur
638 914 903 986 pudenda,
936 930 1118 985 quare,
1154 915 1414 985 inquiunt,
1446 915 1781 983 habebimus,
1841 914 1932 969 ubi

345 1009 493 1063 nulla
525 1008 627 1061 erit
650 1008 944 1079 generatio,
975 1008 1119 1061 nulla
1149 1005 1415 1076 digestio?

417 1098 645 1153 CAPUT
684 1098 769 1153 lV.
813 1128 884 1138 -
921 1099 972 1153 4.
1020 1097 1247 1151 Membra
1292 1099 1516 1168 corporis
1563 1106 1707 1152 erunt
1749 1106 1838 1150 aut
1866 1097 1934 1150 ad

344 1208 513 1257 usum,
536 1201 623 1245 aut
643 1192 709 1244 ad
736 1192 966 1263 speciem.
991 1190 1279 1246 Harmonia
1312 1194 1664 1246 membrorum.
1690 1192 1825 1259 Quid
1855 1193 1933 1248 eis

345 1283 800 1353 respondeamus?
831 1283 1220 1355 Numquidnam
1250 1285 1443 1339 dicturi
1484 1299 1666 1338 sumus
1696 1285 1811 1338 sine
1852 1285 1933 1338 in-

346 1376 556 1431 testinis
574 1391 671 1429 nos
689 1386 1101 1443 resurrecturos,
1120 1375 1186 1430 ad
1200 1376 1595 1431 similitudinem
1615 1376 1933 1430 statuarum?

342 1466 475 1521 Nam
499 1466 566 1521 de
594 1466 845 1522 dentibus
872 1465 1022 1522 facile
1048 1467 1418 1537 respondetur.
1444 1468 1636 1523 Dentes
1662 1468 1803 1522 enim
1824 1481 1934 1521 non

346 1571 551 1616 tantum
579 1577 677 1616 nos
704 1561 952 1632 adjuvant
980 1562 1045 1616 ad
1077 1561 1456 1629 mandendum,
1477 1577 1658 1617 verum
1681 1561 1838 1616 etiam
1864 1560 1931 1615 ad

342 1651 704 1721 loquendum;
749 1653 885 1706 sicut
932 1651 1191 1722 plectrum
1226 1667 1436 1714 nervos,
1463 1653 1542 1706 sic
1569 1652 1802 1722 linguam
1833 1666 1930 1705 no-

342 1752 531 1810 stram,
573 1752 629 1797 ut
667 1743 902 1815 syllabas
940 1751 1115 1811 sonet,
1158 1744 1533 1813 percutientes.
1560 1741 1763 1798 Caetera
1806 1757 1935 1814 ergo

343 1835 585 1890 membra
616 1846 796 1889 nostra
828 1845 986 1890 erunt
1013 1836 1077 1890 ad
1106 1837 1362 1905 speciem,
1391 1852 1495 1891 non
1532 1836 1597 1892 ad
1632 1852 1786 1891 usum
1812 1851 1826 1901 ;
1868 1834 1935 1889 ad

344 1927 863 1982 commendationem
899 1926 1326 1996 pulchritudinis,
1360 1943 1463 1982 non
1495 1927 1561 1982 ad
1592 1927 1933 1997 indigentiam

343 2019 697 2073 necessitatis.
723 2018 990 2089 Numquid
1032 2020 1153 2088 quia
1186 2020 1481 2085 vacabunt,
1524 2019 1645 2074 ideo
1686 2018 1934 2073 indecora

345 2110 542 2165 erunt?
566 2110 632 2165 Et
661 2110 874 2180 quidem
907 2125 1048 2164 nunc
1075 2111 1195 2180 quia
1226 2111 1455 2180 imperiti
1487 2124 1692 2175 sumus,
1722 2118 1777 2165 et
1804 2124 1933 2163 cau-

342 2214 431 2255 sas
468 2217 647 2256 rerum
695 2202 1028 2272 ignoramus,
1061 2203 1105 2256 si
1136 2202 1417 2259 videantur
1446 2204 1697 2259 interiora
1730 2211 1931 2269 nostra,

342 2292 630 2348 horrentur
673 2294 848 2363 potius
891 2309 1050 2364 quam
1096 2294 1405 2367 diliguntur.
1444 2295 1571 2364 Quis
1611 2296 1753 2351 enim
1789 2295 1935 2350 novit

340 2385 789 2453 quemadmodum
820 2386 918 2440 sibi
946 2386 1169 2441 invicem
1197 2402 1436 2442 connexa
1464 2387 1573 2442 sint
1596 2388 1857 2456 membra,
1879 2396 1934 2444 et

340 2477 534 2547 quibus
573 2478 809 2532 numeris
843 2479 1126 2546 coaptata?
1162 2477 1314 2532 Unde
1351 2487 1570 2532 vocatur
1612 2479 1771 2533 etiam
1812 2478 1934 2533 har-

339 2570 550 2635 monia;
576 2570 716 2639 quod
743 2571 959 2624 verbum
982 2570 1179 2624 dictum
1208 2580 1289 2626 est
1314 2571 1382 2626 de
1412 2575 1612 2626 musica
1639 2589 1651 2626 :
1678 2571 1767 2627 ubi
1786 2572 1933 2627 vide-

342 2676 461 2714 mus
482 2671 627 2715 certe
654 2662 703 2714 in
727 2662 925 2715 cithara
962 2678 1156 2717 nervos
1177 2663 1457 2718 distentos.
1482 2663 1537 2719 Si
1569 2679 1757 2719 omnes
1778 2665 1930 2720 nervi

340 2754 586 2809 similiter
608 2764 819 2821 sonent,
846 2756 987 2811 nulla
1015 2765 1098 2812 est
1120 2758 1402 2812 cantilena.
1429 2757 1647 2813 Diversa
1675 2757 1933 2813 distensio

340 2848 581 2904 diversos
610 2850 719 2905 edit
743 2840 942 2917 sonos;
980 2850 1072 2906 sed
1105 2852 1299 2907 diversi
1328 2853 1442 2906 soni
1475 2852 1685 2907 ratione
1710 2852 1931 2922 conjun-

341 2940 434 3006 cti,
469 2942 697 3009 pariunt,
730 2958 837 2996 non
861 2942 1165 2997 videntibus
1196 2942 1642 3013 pulchritudinem
1665 2984 1680 3009 ,
1709 2942 1803 2998 sed
1833 2958 1929 2998 au-

340 3030 609 3087 dientibus
656 3035 996 3089 suavitatem.
1044 3034 1203 3089 Istam
1258 3035 1521 3090 rationem
1581 3036 1821 3106 quisquis
1876 3035 1930 3089 in

340 3124 594 3178 membris
628 3124 874 3180 immanis
909 3126 1181 3194 didicerit,
1214 3135 1416 3181 tantum
1453 3128 1696 3195 miratur,
1729 3136 1929 3183 tantum

342 3216 656 3281 delectatur,
688 3225 747 3271 ut
773 3219 916 3272 omni
940 3218 1133 3273 visibili
1164 3218 1546 3288 pulchritudini
1577 3220 1675 3273 ista
1701 3218 1836 3273 ratio
1864 3218 1932 3274 ab

341 3307 756 3379 intelligentibus
798 3309 1132 3378 prieferatur.
1160 3309 1315 3365 Modo
1344 3325 1461 3364 eam
1504 3309 1806 3375 nescimus;
1836 3309 1931 3364 sed

343 3409 467 3456 tunc
506 3403 737 3457 sciemus
764 3419 776 3453 :
806 3417 910 3456 non
943 3403 1064 3473 quia
1102 3402 1463 3469 nudabuntur,
1492 3403 1587 3457 sed
1618 3402 1739 3472 quia
1769 3402 1928 3456 etiam

339 3504 592 3565 c00perta
620 3496 786 3549 latere
814 3509 918 3548 non
950 3503 1221 3563 poterunt.

413 3583 640 3640 CAPUT
668 3585 858 3640 V.——5.
881 3584 991 3638 Nec
1017 3587 1255 3638 interiora
1276 3585 1519 3652 membra,
1538 3602 1627 3639 nec
1648 3587 1758 3657 ipsa
1779 3588 1932 3640 corda

342 3676 569 3731 latebunt
598 3685 709 3746 post
734 3677 1172 3731 resurrectionem.
1197 3675 1382 3731 Omnes
1409 3676 1617 3729 invicem
1637 3678 1741 3730 noti
1764 3686 1927 3732 erunt.

343 3766 710 3837 Respondebit
736 3767 863 3821 mihi
892 3767 1110 3838 aliquis,
1144 3775 1199 3823 et
1226 3767 1368 3823 dicet
1396 3785 1408 3821 :
1436 3766 1717 3834 Quomodo
1755 3769 1799 3823 si
1842 3784 1932 3823 co-

343 3871 533 3930 operta
557 3867 733 3927 erunt,
766 3859 931 3914 latere
957 3875 1062 3913 non
1091 3859 1375 3929 poterunt?
1405 3857 1573 3914 Corda
1606 3867 1786 3913 nostra
1824 3874 1931 3914 non

345 3952 603 4017 latebunt,
653 3961 706 4007 et
747 3952 951 4007 viscera
998 3952 1270 4007 latebunt?
1314 3951 1693 4022 Cogitationes,
1739 3951 1931 4008 fratres

344 4044 470 4107 mei,
512 4044 862 4113 cogitationes
906 4059 1038 4113 quas
1082 4042 1241 4099 modo
1289 4058 1395 4097 non
1434 4042 1578 4097 videt
1621 4042 1723 4097 nisi
1768 4043 1928 4109 Deus,

343 4152 531 4192 omnes
562 4138 786 4193 invicem
815 4138 1067 4192 videbunt
1097 4138 1150 4192 iu
1189 4137 1275 4191 illa
1319 4138 1576 4192 societate
1602 4146 1927 4192 sanctorum.

342 4229 512 4284 Nemo
535 4230 604 4283 ibi
628 4230 737 4283 vult
768 4238 963 4285 tectum
993 4244 1109 4284 esse
1134 4228 1273 4299 quod
1299 4229 1515 4299 cogitat,
1538 4229 1659 4299 quia
1681 4244 1838 4284 nemo
1860 4230 1930 4284 ibi

342 4324 485 4379 male
525 4324 739 4395 cogitat.
776 4324 925 4379 Unde
954 4324 1026 4377 ait
1057 4324 1362 4393 Apostolus,
1394 4321 1569 4377 Nolite
1594 4332 1709 4376 ante
1737 4334 1931 4392 tempus

342 4418 615 4490 quidquam
645 4416 922 4489 judicare:
952 4417 1003 4471 id
1035 4426 1133 4481 est,
1164 4416 1241 4471 Nc
1270 4424 1470 4470 temere
1494 4415 1761 4487 judicetis,
1789 4415 1931 4486 quod

342 4526 449 4565 non
480 4510 671 4565 videtis
694 4525 801 4580 quo
830 4510 993 4566 corde
1024 4511 1143 4580 quis
1173 4509 1349 4564 faciat.
1376 4508 1432 4563 Si
1459 4509 1654 4580 aliquid
1682 4511 1761 4577 fit,
1789 4509 1930 4580 quod

340 4612 397 4659 et
438 4604 580 4660 bono
622 4603 783 4659 corde
828 4603 941 4659 fieri
982 4612 1178 4674 potest,
1218 4603 1323 4657 noli
1359 4598 1793 4672 reprehendere:
1824 4603 1929 4657 noli

341 4695 437 4749 tibi
480 4695 705 4764 amplius
744 4710 902 4764 quam
950 4694 1254 4749 humanitas
1297 4694 1458 4765 exigit
1503 4708 1779 4764 usurpare.
1825 4693 1932 4749 Cor
1974 4734 1977 4735 ν

340 4786 546 4853 videre,
578 4787 670 4840 Dei
701 4797 783 4839 est
808 4805 820 4839 :
848 4787 1123 4841 hominum
1154 4795 1329 4841 autem
1361 4801 1466 4840 non
1493 4795 1593 4851 est,
1623 4786 1723 4839 nisi
1755 4786 1822 4840 de
1848 4785 1930 4840 his

340 4896 461 4949 quae
488 4878 769 4933 manifesta
797 4888 920 4933 sunt
942 4878 1202 4948 judicare.
1231 4877 1406 4932 Nolite
1431 4895 1567 4949 ergo,
1599 4878 1786 4949 inquit,
1814 4888 1931 4932 ante

340 4984 537 5045 tempus
564 4972 836 5044 quidquam
857 4973 1111 5043 judicare.
1136 4971 1273 5040 Quid
1304 4980 1404 5038 est,
1433 4981 1548 5025 ante
1581 4971 1816 5041 tempus?
1833 4970 1930 5025 Se-

337 5070 537 5138 quitur,
572 5076 625 5123 et
666 5068 794 5121 dicit
828 5086 841 5121 :
872 5066 1044 5120 Donec
1080 5067 1241 5119 veniat
1280 5064 1544 5131 Dominus,
1592 5073 1641 5119 et
1682 5065 1929 5118 illuminet

339 5163 633 5216 abscondita
675 5161 1012 5216 tenebrarum.
1036 5160 1178 5227 Quas
1215 5158 1409 5214 dixerit
1448 5159 1712 5224 tenebras,
1740 5172 1931 5213 conse-

338 5259 623 5327 quentibus
646 5256 824 5311 verbis
844 5255 1117 5310 evidenter
1137 5252 1369 5307 ostendit
1394 5271 1406 5307 :
1434 5250 1715 5318 Illuminet,
1734 5251 1923 5321 inquit,

338 5349 633 5402 abscondita
677 5348 1009 5402 tenebrarum.
1035 5343 1172 5413 Quid
1213 5353 1295 5398 est
1341 5343 1475 5398 hoc?
1504 5344 1640 5398 Audi
1671 5343 1811 5413 qttod
1839 5357 1925 5398 se-

338 5443 517 5513 quitur
544 5461 557 5497 :
582 5442 651 5495 Et
681 5440 1019 5509 manifestabit
1061 5438 1387 5509 cogitationes
1413 5437 1580 5491 cordis
1610 5436 1629 5507 (
1656 5437 1676 5492 l
1703 5435 1820 5490 Cor.
1850 5451 1922 5503 Iv,

337 5536 416 5606 5).
446 5535 558 5590 Hoc
584 5544 668 5590 est
695 5534 996 5589 illuminare
1024 5531 1333 5587 abscondita
1363 5530 1733 5596 tenebrarum,
1756 5530 1927 5583 mani-

340 5627 503 5682 festas
531 5628 705 5681 facere
730 5625 1079 5696 cogitationes
1099 5622 1300 5679 cordis.
1324 5621 1478 5677 Modo
1503 5636 1629 5692 ergo
1651 5621 1925 5691 cogitatio-

338 5736 433 5774 nes
475 5728 672 5774 nostrze
716 5718 869 5774 nobis
916 5719 1064 5789 ipsis,
1106 5716 1329 5788 singulis
1368 5716 1663 5787 quibusque
1707 5714 1757 5768 in
1808 5714 1926 5769 luce

338 5821 484 5880 sunt,
506 5811 629 5884 quia
648 5812 898 5868 novimus
916 5826 1009 5868 eas
1031 5829 1045 5869 :
1070 5809 1165 5868 sed
1188 5808 1447 5882 proximis
1481 5808 1677 5864 nostris
1699 5807 1753 5863 in
1776 5814 1925 5865 tene-

1689 336 1922 393 SERMO
1961 337 2229 396 CCXLI".

3474 350 3613 408 1146

2040 454 2151 509 bris
2177 465 2319 524 sunt,
2342 444 2462 529 quia
2491 474 2599 514 non
2624 458 2805 516 vident
2826 476 2938 518 eas.
2970 460 3042 516 lbi
3069 461 3211 534 quod
3235 462 3376 519 nosti
3402 470 3456 520 te
3478 466 3624 536 cogi-

2042 555 2175 612 tare,
2208 559 2262 605 et
2290 551 2425 607 alter
2454 553 2681 609 sciturus
2707 563 2808 611 est.
2833 555 2968 625 Quid
2998 556 3188 612 times?
3209 557 3364 613 Modo
3386 559 3467 614 vis
3501 560 3624 615 abs-

2041 641 2308 709 condere,
2357 645 2515 699 modo
2559 647 2717 702 times
2761 648 3017 718 publicari
3062 650 3408 720 cogitationes
3452 658 3618 708 tuas:

2041 732 2178 789 forte
2206 734 2347 789 enim
2385 737 2579 810 aliquid
2619 740 2742 794 mali
2781 739 3067 810 aliquando
3099 743 3322 811 cogitas,
3353 740 3489 797 forte
3522 742 3622 796 ali-

2040 826 2164 895 quid
2190 836 2361 897 turpe,
2389 828 2521 883 forte
2547 830 2744 900 aliquid
2772 847 2985 885 vanum.
3009 830 3148 885 Nihil
3180 832 3248 886 ibi
3270 832 3373 886 nisi
3399 832 3619 896 bonum,

2040 917 2171 973 nihil
2214 921 2314 975 nisi
2361 921 2664 989 honestum,
2692 923 2821 977 nihil
2862 924 2963 978 nisi
2995 940 3200 988 verum,
3228 924 3359 978 nihil
3386 925 3486 979 nisi
3524 941 3622 995 pu-

2041 1027 2178 1076 rum,
2203 1014 2336 1068 nihil
2359 1014 2461 1069 nisi
2488 1015 2778 1083 sincerum,
2802 1017 3014 1087 quando
3040 1017 3110 1071 ibi
3138 1016 3318 1084 fueris,
3346 1018 3621 1087 cogitabis.

2040 1105 2318 1172 Quomodo
2343 1109 2423 1163 vis
2447 1107 2614 1162 videri
2642 1108 2800 1163 modo
2821 1107 3010 1164 faciem
3039 1119 3204 1170 tuam.
3226 1110 3306 1166 sic
3327 1118 3455 1166 tunc
3479 1110 3624 1165 voles

2040 1199 2211 1253 videri
2236 1201 2615 1255 conscientiam
2647 1210 2811 1255 tuam.

2111 1290 2339 1347 CAPUT
2376 1292 2463 1347 VI.
2504 1322 2575 1333 —
2610 1292 2741 1347 Nam
2783 1303 2838 1347 et
2880 1292 2993 1363 ipsa
3032 1293 3259 1363 agnitio,
3303 1292 3621 1357 charissimi,

2040 1406 2153 1476 ipsa
2179 1407 2377 1478 agnitio
2398 1422 2574 1462 nonne
2597 1406 2835 1463 omnium
2862 1413 3101 1462 nostrum
3124 1407 3261 1462 erit?
3283 1406 3482 1461 Putatis
3502 1405 3623 1476 quia

2040 1514 2128 1554 me
2172 1500 2435 1570 cognituri
2479 1500 2628 1566 estis,
2671 1499 2791 1554 ideo
2832 1499 2952 1570 quia
2994 1514 3081 1554 me
3120 1500 3308 1565 nostis,
3338 1508 3392 1553 et
3420 1508 3622 1568 patrem

2042 1608 2220 1647 meum
2260 1609 2366 1648 non
2396 1594 2525 1648 estis
2554 1593 2837 1663 cognituri,
2865 1608 3022 1663 quem
3053 1608 3159 1646 non
3188 1592 3375 1656 nostis,
3405 1599 3498 1646 aut
3529 1607 3625 1646 ne-

2041 1686 2154 1740 scio
2182 1702 2339 1757 quem
2367 1688 2697 1757 episc0pum,
2729 1687 2818 1758 qui
2855 1695 2980 1741 ante
3014 1685 3210 1741 multos
3236 1700 3406 1740 annos
3440 1686 3491 1739 in
3528 1684 3627 1741 hac

2041 1779 2265 1833 ecclesia
2296 1778 2423 1833 fuit?
2448 1778 2648 1834 Omnes
2677 1778 2926 1832 uoscetis.
2950 1777 3051 1845 Qui
3079 1777 3147 1831 ibi
3178 1785 3355 1840 erunt,
3380 1790 3484 1831 non
3508 1776 3627 1831 ideo

2040 1882 2099 1924 se
2128 1878 2439 1939 agnoscent,
2464 1871 2583 1940 quia
2617 1869 2777 1925 facies
2803 1870 3058 1923 videbunt
3087 1887 3099 1923 :
3126 1867 3315 1937 majori
3346 1866 3528 1921 notitia
3558 1866 3625 1922 ibi

2042 1962 2144 2017 erit
2186 1963 2412 2017 invicem
2460 1963 2679 2032 agnitio.
2711 1962 2798 2017 Sic
2824 1962 3079 2016 videbunt
3125 1975 3332 2025 omnes,
3371 1968 3426 2013 et
3462 1958 3627 2012 multo

2039 2053 2411 2118 excellentius,
2453 2052 2722 2123 quomodo
2767 2053 2855 2108 hic
2900 2053 3072 2107 solent
3114 2051 3298 2106 videre
3326 2050 3626 2120 Pr0phetae.

2041 2146 2230 2202 Divine
2266 2145 2555 2212 videbunt,
2583 2145 2796 2215 quando
2828 2145 2937 2200 Deo
2969 2144 3106 2215 pleni
3138 2152 3315 2199 erunt.
3343 2143 3452 2200 Nec
3488 2143 3629 2215 quod

2040 2237 2275 2293 offendat
2297 2237 2417 2301 erit,
2450 2252 2549 2292 nec
2576 2236 2715 2308 quod
2744 2238 2908 2291 lateat
2931 2236 3285 2307 cognitorem.

2111 2329 2163 2385 6.
2208 2328 2438 2384 Membra
2476 2328 2580 2382 alia
2617 2329 2686 2382 ad
2722 2345 2890 2395 usum,
2928 2328 3032 2381 alia
3075 2327 3142 2380 ad
3183 2327 3431 2381 decorem.
3461 2327 3630 2383 Erum

2037 2439 2167 2494 ergo
2190 2423 2262 2479 ibi
2288 2422 2526 2478 membra
2552 2423 2774 2492 integra,
2794 2423 2952 2477 etiam
2976 2436 3092 2491 qua:
3114 2422 3201 2477 hic
3219 2421 3462 2491 pudenda
3484 2431 3627 2489 sunt,

2038 2514 2133 2570 sed
2172 2515 2243 2570 ibi
2269 2514 2517 2585 pudenda
2542 2528 2650 2569 non
2676 2522 2854 2569 erunt.
2879 2512 2995 2568 Non
3026 2512 3099 2568 ibi
3124 2513 3224 2568 erit
3249 2513 3534 2568 sollicitum
3559 2513 3631 2566 in-

2041 2608 2298 2679 tegritatis
2334 2608 2528 2673 decus,
2560 2608 2649 2663 ubi
2680 2623 2784 2662 non
2816 2607 2916 2662 erit
2945 2606 3179 2661 libidinis
3208 2605 3462 2662 dedecus.
3495 2606 3630 2661 Ecce

2039 2702 2200 2758 etiam
2229 2700 2333 2767 hic,
2361 2700 2449 2755 ubi
2477 2701 2714 2755 omnium
2737 2699 2966 2770 quodam
2995 2698 3156 2753 modo
3177 2707 3481 2754 nostrorum
3504 2713 3632 2768 ope-

2045 2809 2162 2849 rum
2193 2793 2488 2848 necessitas
2515 2800 2687 2847 mater
2715 2799 2830 2857 est;
2868 2806 2988 2861 quae
3024 2790 3316 2846 necessitas
3359 2798 3483 2845 tunc
3523 2805 3629 2843 non

2037 2886 2167 2951 erit;
2196 2893 2373 2939 tamen
2404 2884 2703 2939 invenimus
2730 2883 2906 2953 aliqua
2928 2898 3046 2953 quae
3067 2883 3206 2938 Deus
3231 2883 3409 2953 posuit
3436 2882 3489 2937 in
3510 2896 3629 2936 cor-

2038 2977 2257 3048 poribus
2286 2975 2353 3030 ad
2380 2975 2556 3030 nullos
2581 2988 2728 3042 usus,
2760 2974 2855 3029 sed
2883 2973 2951 3029 ad
2976 2974 3149 3029 solum
3178 2972 3363 3030 decus.
3423 3028 3436 3041 ,

2109 3091 2333 3148 CAPUT
2374 3089 2485 3144 νη.
2527 3119 2599 3131 -—
2634 3087 2955 3145 Iamdudum
3014 3103 3108 3159 per
3159 3088 3398 3143 membra
3448 3102 3629 3143 curre«

2037 3187 2159 3242 bam
2183 3203 2195 3239 :
2218 3194 2272 3241 et
2300 3200 2443 3239 nunc
2468 3199 2530 3239 ea
2560 3182 2721 3253 paulo
2746 3181 3056 3252 diligentius
3082 3190 3405 3235 retexamus.
3434 3179 3630 3235 Oculos

2036 3278 2296 3332 habemus
2320 3275 2388 3331 ad
2408 3274 2717 3339 videndum,
2743 3286 2901 3327 aures
2920 3271 2986 3326 ad
3014 3270 3358 3337 audiendum,
3380 3285 3539 3325 nares
3563 3269 3628 3324 ad

2038 3368 2412 3433 olfaciendum,
2446 3382 2509 3423 os
2537 3375 2592 3420 et
2620 3365 2851 3435 linguam
2882 3363 2947 3417 ad
2976 3362 3321 3433 loquendum,
3349 3361 3539 3417 dentes
3565 3361 3629 3415 ad

2038 3460 2416 3525 mandendum,
2440 3465 2620 3529 guttur
2641 3456 2707 3511 ad
2728 3455 3044 3531 vorandum,
3072 3453 3404 3508 stomachum
3426 3452 3491 3507 ad
3512 3467 3631 3506 sus-

2036 3552 2343 3624 cipiendum
2387 3559 2442 3605 et
2480 3547 2856 3620 coquendum,
2885 3546 3135 3601 intestina
3179 3544 3246 3599 ad
3290 3542 3630 3613 trajiciendos

2036 3646 2187 3701 cibos
2216 3643 2284 3699 ad
2310 3644 2437 3707 ima,
2464 3651 2519 3697 et
2548 3641 2636 3695 illa
2663 3654 2782 3710 quae
2808 3637 3052 3709 pudenda
3076 3637 3429 3707 appellantur,
3452 3636 3537 3690 vel
3562 3637 3628 3690 ad

2036 3736 2386 3807 egestionem,
2413 3734 2495 3789 vel
2526 3733 2591 3787 ad
2619 3731 3016 3803 generationem
3043 3747 3056 3783 :
3082 3728 3151 3783 ad
3176 3726 3503 3798 operandum
3526 3741 3631 3780 ma-

2038 3846 2158 3897 nus,
2202 3827 2271 3883 ad
2321 3826 2703 3883 ambulandum
2748 3823 2932 3895 pedes.
2965 3823 3149 3877 Barba
3186 3822 3303 3893 quis
3342 3836 3489 3886 usus,
3526 3822 3628 3876 nisi

2034 3924 2151 3987 sola
2178 3931 2261 3978 est
2287 3917 2664 3996 pulchritudo?
2688 3917 2864 3984 Quare
2894 3916 3035 3970 Deus
3065 3913 3283 3968 barbam
3325 3912 3530 3969 creavit
3572 3913 3626 3966 in

2038 4021 2291 4077 homine?
2318 4018 2563 4090 Speciem
2601 4015 2777 4082 video,
2815 4028 2973 4068 usum
3014 4027 3120 4066 non
3159 4023 3364 4081 quaero.
3392 4008 3628 4078 Apparet

2038 4113 2247 4168 feminae
2276 4126 2443 4183 quare
2478 4110 2710 4165 habeant
2738 4107 2922 4174 ubera,
2955 4104 3139 4175 utique
3169 4111 3226 4156 ut
3262 4101 3512 4171 parvulos
3553 4099 3627 4153 la-

2036 4215 2181 4262 ctent
2208 4224 2221 4260 :
2249 4203 2570 4260 mammillas
2591 4201 2689 4257 viri
2716 4214 2880 4271 quare
2901 4196 3132 4252 habent?
3158 4193 3427 4263 interroga
3449 4206 3622 4255 usum,

2039 4302 2215 4356 nullus
2256 4299 2670 4367 estziuterroga
2719 4293 2978 4364 speciem,
3023 4289 3178 4344 decet
3223 4286 3624 4342 mammillatum

2043 4402 2231 4467 pectus
2254 4401 2311 4448 et
2333 4395 2497 4447 viros.
2527 4389 2679 4445 Virili
2708 4385 2913 4461 pectori
2943 4381 3260 4438 mammillas
3286 4378 3505 4435 detrahe
3531 4418 3545 4443 ,
3574 4386 3627 4431 et

2046 4487 2170 4542 vide
2214 4492 2468 4556 quantam,
2507 4478 2957 4552 pulchritudinem
3003 4473 3329 4544 dempseris,
3373 4478 3623 4543 quantam

2040 4554 2322 4631 ingesseris
2350 4554 2662 4610 foeditatem.

2109 4692 2334 4750 CAPUT
2373 4690 2643 4747 Vl||.—7.
2672 4686 2739 4743 In
2766 4687 3024 4742 beatorum
3068 4680 3357 4758 corporibus
3393 4676 3620 4750 pulchri-

2036 4789 2157 4843 tudo
2188 4788 2283 4842 erit
2310 4784 2537 4839 omnibus
2560 4782 2783 4837 numeris
2812 4780 3061 4835 absoluta.
3086 4777 3176 4831 Sic
3201 4787 3348 4844 ergo,
3370 4769 3620 4828 charissi—

2038 4882 2133 4947 mi,
2165 4882 2243 4935 sic
2270 4878 2492 4943 credite,
2518 4877 2594 4931 sic
2623 4882 2820 4940 tenete,
2843 4872 3130 4927 multorum
3158 4866 3517 4921 membrorum
3550 4862 3617 4914 ibi

2037 4990 2189 5030 usum
2219 4987 2324 5027 non
2356 4971 2616 5037 futurum,
2646 4968 2737 5024 sed
2762 4967 2925 5023 decus
2954 4963 3152 5018 nullius
3176 4959 3501 5015 defuturum.
3532 4954 3594 5009 Νι

2035 5066 2109 5121 hil
2140 5064 2450 5119 indecorum
2484 5062 2583 5117 erit
2614 5060 2707 5126 ibi,
2736 5072 2944 5112 summa
2975 5069 3073 5124 pax
3105 5053 3227 5119 erit,
3257 5050 3385 5104 nihil
3419 5048 3596 5103 discor

2035 5158 2190 5221 dans,
2233 5154 2366 5209 nihil
2412 5161 2831 5215 monstruosum,
2872 5145 3003 5201 nihil
3038 5143 3179 5214 quod
3208 5141 3441 5198 olfendat
3467 5154 3594 5209 aspe

2034 5260 2211 5315 ctum,
2249 5248 2303 5304 in
2346 5247 2593 5303 omnibus
2620 5245 2759 5300 Deus
2804 5240 3123 5297 laudabitur.
3153 5238 3283 5293 Nam
3321 5237 3365 5292 si
3396 5250 3537 5290 nunc
3566 5234 3618 5289 in

2034 5343 2136 5399 ista
2166 5341 2476 5397 infirmitate
2502 5338 2679 5394 carnis
2703 5343 2759 5392 et
2797 5343 2981 5390 tenera
3010 5332 3320 5402 operatione
3354 5327 3622 5383 membro-

2033 5452 2152 5493 rum
2199 5443 2421 5506 apparet
2463 5441 2608 5489 tanta
2650 5429 2892 5499 corporis
2932 5423 3295 5497 pulchritudo,
3328 5437 3445 5492 quae
3476 5421 3623 5475 illicit

2034 5528 2372 5595 Iibidinosos,
2401 5535 2458 5581 et
2485 5524 2550 5580 ad
2577 5520 2924 5595 querendum
2962 5526 3156 5575 exedat
3198 5517 3312 5572 sive
3355 5514 3622 5570 studiosos

2034 5624 2146 5679 sive
2171 5621 2443 5685 curiosos;
2473 5627 2527 5674 et
2553 5618 2598 5672 si
2624 5615 2926 5671 inveniatur
2951 5613 3002 5667 in
3024 5626 3249 5680 corpore
3276 5609 3410 5664 ratio
3436 5619 3622 5662 nume-

2034 5731 2239 5780 rorum,
2272 5726 2376 5766 non
2417 5711 2551 5765 alius
2590 5709 2781 5763 artifex
2812 5707 3019 5769 horum,
3045 5703 3179 5759 alios
3206 5701 3475 5757 invenitur
3504 5714 3621 5754 esse

2035 5811 2319 5873 cmlorum,
2359 5801 2455 5861 sed
2498 5800 2639 5858 idem
2682 5801 2797 5871 ipse
2841 5806 3055 5854 creator
3106 5796 3408 5851 intimorum
3460 5800 3622 5862 atque
