4056 6440
526 435 662 503 ιω

522 554 898 619 snmmorum'
927 571 940 609 :
964 561 1163 625 quanto
1189 551 1357 631 magis
1387 550 1479 619 ibi,
1502 548 1589 613 ubi
1618 547 1721 609 erit
1748 545 1910 609 libido
1935 545 2101 615 nulla,

525 650 667 711 nulla
693 646 985 716 corruptio,
1012 645 1153 709 nulla
1180 642 1435 711 deformis
1461 639 1713 715 pravitas,
1740 639 1884 701 nulla
1912 652 2105 697 terum-

522 753 652 797 nosa
684 737 996 807 necessitas,
1035 735 1129 793 sed
1173 735 1509 801 interminata
1555 733 1842 801 mternitas,
1885 729 2102 809 pulchra

520 833 737 897 veritos,
767 846 972 895 summa
1001 827 1258 893 felicitas?

590 924 816 987 CAPUT
856 926 1075 987 lX.-——8.
1097 925 1370 987 Beatorum
1395 925 1525 985 actio
1552 940 1784 996 autetiam
1818 922 1929 981 erit.
1964 920 2103 990 Qua-

518 1018 805 1088 dragssinta
851 1028 967 1079 ante
1005 1018 1208 1079 Pascha
1234 1026 1280 1081 et
1305 1018 1668 1091 quinquaginta
1708 1016 1815 1081 dies
1843 1024 1955 1089 post
1987 1013 2100 1077 Pa-

516 1110 658 1167 scha.
689 1109 932 1172 Alleluia.
963 1109 1032 1171 In
1060 1110 1233 1180 futura
1264 1111 1365 1172 vita
1400 1111 1511 1173 laus
1540 1108 1635 1175 ι)σὶ
1662 1110 1770 1173 sine
1797 1109 2098 1173 cessatione.

515 1202 624 1255 sine
649 1201 879 1273 fastidio.
906 1201 1009 1257 Sed
1035 1201 1167 1256 dicis
1197 1201 1324 1255 mihi
1350 1219 1364 1257 :
1388 1200 1526 1272 Quid
1550 1210 1765 1265 acturus
1790 1199 1946 1259 sum?
1971 1213 2100 1265 usus

516 1292 878 1353 membrorum
924 1293 996 1353 ibi
1040 1308 1146 1351 non
1188 1294 1310 1361 erit.
1349 1292 1477 1363 quid
1513 1301 1729 1359 acturus
1762 1290 1918 1359 sum?
1944 1289 2098 1353 Nulla

514 1387 654 1445 actio
683 1387 774 1447 tibi
806 1386 1011 1445 videtur
1036 1394 1199 1457 stare,
1226 1384 1429 1457 videre,
1457 1399 1656 1451 amare,
1686 1384 1936 1440 laudare?
1957 1383 2097 1443 Ecce

513 1482 631 1539 dies
652 1483 735 1539 isti
762 1482 955 1552 sancti,
984 1480 1073 1553 qui
1103 1489 1222 1555 post
1251 1480 1696 1545 resurrectionem
1720 1476 1927 1533 Domini
1957 1475 2097 1532 cele—

512 1575 752 1642 brantur,
782 1575 1078 1648 signiﬁcant
1118 1573 1348 1632 futuram
1390 1573 1549 1629 vitam
1591 1580 1707 1642 post
1745 1568 2096 1626 resurrectio-

511 1681 636 1731 nem
684 1677 942 1733 nostram.
968 1666 1120 1727 Sicut
1162 1658 1302 1722 enim
1345 1662 1774 1741 Quadragesimzc
1817 1660 1931 1717 dies
1971 1670 2097 1719 ante

510 1760 715 1821 Pascha
729 1762 1159 1834 signiticaverunt
1171 1759 1485 1819 laboriosam
1499 1756 1661 1813 vitam
1678 1755 1729 1814 in
1746 1752 1842 1812 hac
1858 1770 2094 1813 aerumna

510 1854 722 1919 mortali
752 1872 765 1913 :
794 1854 872 1913 sic
910 1854 996 1911 isti
1022 1853 1137 1911 dies
1165 1852 1269 1913 laeti
1307 1851 1607 1926 signiﬁcant
1648 1848 1875 1911 futuram
1909 1848 2091 1918 vitam,

507 1947 599 2007 ubi
634 1948 835 2013 erimus
860 1962 980 2011 cum
1012 1946 1239 2007 Domino
1277 1945 1570 2027 regnaturi.
1597 1943 1711 2001 Vita
1742 1959 1860 2021 qua:
1889 1941 2093 2013 signiﬁ-

508 2046 662 2097 catur
704 2036 1117 2111 Quadragesima
1169 2045 1291 2097 ante
1338 2034 1572 2107 Pascha,
1613 2032 1773 2103 modo
1824 2033 2087 2093 habetur:

508 2128 616 2189 vita
668 2144 785 2201 qua:
826 2128 1151 2205 signiﬁcatur
1203 2128 1579 2205 quinquaginta
1620 2124 1808 2184 diebus
1845 2134 1967 2197 post
2002 2142 2092 2182 πιε-

507 2220 891 2275 surrectionem
928 2219 1160 2289 Domini,
1196 2235 1300 2279 non
1344 2218 1587 2290 habetur,
1616 2218 1709 2274 sed
1745 2228 2010 2293 speratur,
2040 2227 2093 2274 et

506 2311 773 2383 sperando
798 2321 1036 2381 amatur;
1062 2319 1115 2372 et
1141 2312 1193 2371 in
1214 2313 1329 2382 ipso
1354 2327 1537 2371 amore
1572 2308 1711 2377 Deus
1733 2313 1821 2391 qui
1849 2312 2093 2384 promisit

506 2403 630 2472 ista,
658 2402 923 2469 laudatur,
952 2413 1006 2463 et
1036 2404 1164 2477 ipsae
1194 2404 1379 2489 laudes
1412 2403 1636 2460 Alleluia
1676 2415 1819 2460 sunt.
1845 2404 1979 2489 Quid
2011 2414 2093 2460 est

417 2506 420 2509 ‘
506 2496 651 2555 enim
678 2495 940 2561 Alleluia?
970 2494 1203 2555 Verbum
1227 2504 1309 2559 est
1336 2486 1606 2550 hebraeum
1626 2537 1641 2564 ,
1671 2486 1918 2569 Alleluia,
1949 2495 2090 2552 Lau-

505 2586 630 2646 date
655 2586 842 2651 Deum.
868 2586 1062 2653 Allelu,
1086 2586 1351 2654 Laudato;
1383 2587 1454 2652 la,
1479 2586 1645 2643 Deum
1672 2607 1683 2641 :
1710 2587 1933 2645 Alleluia
1957 2604 2088 2665 ergo

505 2683 720 2747 laudate
739 2684 907 2741 Deum
938 2698 1212 2755 sonamus,
1241 2692 1297 2739 et
1323 2683 1549 2749 invicem
1576 2700 1675 2739 nos
1703 2685 1994 2741 excitamus
2022 2684 2089 2739 ad

504 2774 828 2839 laudandum
851 2775 1015 2837 Deum
1045 2795 1056 2830 :
1082 2775 1436 2837 concordibus
1454 2775 1704 2835 cordibus
1721 2776 1910 2831 melius
1932 2793 2087 2851 quant

494 2870 724 2931 citharas
751 2869 987 2938 chordis,
1018 2871 1243 2929 dicimus
1273 2871 1455 2931 laudes
1485 2874 1612 2941 Deo,
1641 2883 1915 2931 cantamus
1943 2873 2087 2929 Alle-

505 2964 630 3018 luia.
658 2964 723 3017 Et
751 2978 873 3023 cum
902 2965 1323 3037 cantaverimus,
1357 2975 1573 3039 propter
1610 2966 1970 3027 inﬁrmitatem
2000 2983 2088 3023 re-

503 3039 764 3131 cedimus,
785 3063 1078 3125 utcorpora
1120 3056 1440 3119 reﬁciamus.
1465 3057 1640 3124 Quare
1669 3058 1953 3126 reﬁcimus,
1986 3059 2089 3114 nisi

503 3145 627 3217 quia
672 3144 987 3201 deﬁcimus?
1014 3144 1214 3202 Deinde
1258 3155 1400 3203 tanta
1444 3156 1527 3201 est
1567 3146 1846 3203 inﬁrmitas
1886 3150 2083 3220 carnis,

506 3244 651 3292 tanta
677 3234 832 3306 hujus
864 3238 982 3292 vita:
1013 3236 1275 3304 molestia,
1306 3246 1366 3292 ut
1392 3238 1644 3311 qumlihet
1672 3253 1859 3309 magna
1888 3254 1975 3295 res
2002 3255 2087 3296 ve-

502 3330 613 3384 niat
654 3329 706 3385 in
751 3327 1037 3384 fastidium.
1063 3330 1340 3400 Quomodo
1367 3331 1785 3388 desideravimus
1812 3331 1942 3388 istos
1971 3334 2085 3391 dies

500 3422 566 3479 ad
614 3438 814 3479 annum
852 3435 1133 3497 venturos,
1174 3441 1293 3483 cum
1339 3425 1498 3483 modo
1540 3427 1778 3494 abirent;
1808 3437 1861 3484 et
1889 3436 2085 3507 quanta

500 3516 751 3581 aviditate
784 3516 849 3579 ad
880 3518 1000 3574 illos
1035 3519 1279 3579 venimus
1307 3537 1403 3595 per
1430 3521 1684 3609 temporis
1712 3522 2084 3579 intervallum?

498 3608 552 3667 Si
579 3608 846 3671 diceretur
866 3610 1041 3673 nobis,
1067 3610 1196 3668 Sine
1224 3613 1520 3675 cessatione
1541 3608 1700 3670 dicite
1720 3615 1964 3683 Alleluia,
1988 3631 2084 3673 ex-

497 3685 823 3767 cusaretnus.
854 3702 1031 3777 Quare
1057 3706 1469 3761 excusaremus?
1496 3708 1627 3779 Quia
1669 3709 1793 3764 lassi
1824 3726 1927 3769 non
1956 3728 2081 3783 pos-

496 3808 701 3858 semus,
724 3793 846 3873 quia
874 3804 924 3849 et
955 3793 1021 3850 ad
1052 3795 1222 3867 ipsum
1248 3795 1443 3853 bonum
1477 3797 1687 3865 fastidio
1715 3799 2078 3873 fatigarcmur.

496 3882 574 3940 lbi
601 3885 780 3944 nullus
809 3883 1067 3952 defectus,
1104 3885 1246 3943 nulla
1278 3886 1504 3945 fastidia.
1537 3888 1703 3955 State,
1734 3890 1961 3959 laudate,
1994 3896 2082 3965 qui

495 3979 639 4031 statis
668 3978 719 4037 in
744 3978 893 4031 domo
919 3976 1144 4044 Domini,
1164 3978 1216 4032 in
1243 3978 1385 4034 atriis
1411 3981 1588 4036 domus
1606 3980 1700 4036 Dei
1726 3984 1882 4038 nostri
1905 3982 2077 4056 (Psal.

495 4085 714 4136 cxxxrn,
747 4070 769 4123 1
795 4070 836 4140 ).
866 4068 1000 4145 Quid
1032 4072 1246 4144 quaeris,
1270 4072 1395 4149 quid
1428 4066 1497 4127 ibi
1525 4070 1757 4130 facturus
1785 4077 1894 4132 sis?
1913 4076 2076 4149 Beati,

496 4163 588 4226 ait,
619 4163 703 4235 qui
734 4160 959 4220 habitant
994 4165 1045 4217 in
1087 4167 1236 4225 domo
1274 4177 1379 4233 tua,
1412 4162 1663 4233 Domine,-
1691 4166 1743 4223 in
1772 4171 1957 4225 saecula
1984 4187 2082 4226 so:-

495 4254 725 4308 cnlorum
755 4254 1031 4308 laudabunt
1062 4266 1108 4309 te
1134 4254 1301 4331 (l’sal.
1332 4273 1549 4325 Lxxxul,
1578 4258 1655 4332 5).

939 4387 1165 4449 SERMO
1201 4388 1450 4453 CCXLIV
1488 4395 1505 4418 ⁶
1547 4391 1648 4466 (a).

940 4506 989 4554 tn
1012 4503 1187 4555 diebus
1206 4504 1526 4567 Paschallbus,
1552 4520 1633 4559 xv.

565 4602 648 4659 De
685 4605 859 4679 eadem
897 4605 1108 4660 lectione
1146 4606 1409 4679 Evangelii
1442 4607 1660 4665 Joannis
1688 4652 1704 4680 ,
1744 4626 1840 4684 cap
1876 4626 1955 4669 xx
1987 4654 2004 4683 ,

596 4740 611 4747 -
964 4765 969 4769 θ
1094 4699 1170 4769 Ῡ.
1213 4699 1343 4756 Hs
1381 4700 1479 4771 (ὁ).

574 4806 625 4861 1.
670 4801 1101 4864 Restttrectionem
1131 4810 1320 4865 Christi
1345 4826 1437 4865 nec
1479 4810 1789 4883 Hagdalsna
1813 4816 2073 4886 credebat,

490 4914 581 4953 nec
629 4897 874 4967 Apostoli.
935 4899 1093 4956 Fides
1139 4901 1283 4956 Petri
1338 4918 1487 4975 passo
1535 4903 1754 4961 Domino
1815 4907 2073 4981 absorpta.

491 4993 572 5068 Ex
613 4993 903 5066 Evangelio
949 4996 1241 5051 secundum
1293 4995 1552 5054 Joannem
1596 5003 1918 5059 resurrectio
1966 5005 2074 5061 Do-

492 5086 619 5141 mini
644 5086 805 5158 ctepit
836 5087 992 5144 hodie
1016 5089 1248 5145 recitari.
1281 5090 1597 5148 Audivimus
1617 5134 1631 5160 ,
1661 5101 1715 5149 et
1738 5094 1862 5150 tldei
1907 5097 2076 5153 oculis

486 5177 721 5234 vidimus
766 5192 890 5249 erga
944 5180 1224 5235 Dominum
1270 5181 1452 5238 Jesum
1500 5184 1602 5255 plin
1650 5185 1892 5243 mulieris
1941 5187 2074 5246 stib-

490 5281 657 5327 ctum.
722 5272 1003 5341 Quaerebat
1042 5274 1257 5343 Jesnm,
1321 5276 1417 5333 sed
1482 5285 1659 5335 tamen
1722 5280 1896 5338 adhuc
1957 5292 2075 5339 tan-

486 5382 647 5436 quam
676 5379 876 5436 corpus
919 5368 1222 5438 requirebat
1259 5366 1491 5427 hominis
1541 5371 1766 5437 mortui,
1807 5382 1863 5430 et
1888 5375 2074 5447 dilige-

488 5454 582 5512 bat
612 5467 789 5515 tamen
810 5468 1063 5529 tanquam
1090 5460 1401 5531 magistrum
1429 5462 1646 5518 bonum.
1677 5463 1793 5521 Non
1814 5466 2073 5539 intellige-

490 5547 586 5605 bat
627 5566 749 5607 eum
794 5554 1151 5609 resurrexisse
1176 5555 1483 5623 amortuls,
1535 5568 1641 5613 non
1691 5558 1973 5628 credebat;
2018 5570 2074 5619 et

552 5731 570 5802 ξ
595 5731 868 5802 stt_:_attquot_
888 5740 994 5802 uss.
1018 5740 1076 5785 Αι
1098 5734 1234 5794 editi,
1251 5733 1357 5802 loco
1378 5742 1584 5802 creator,
1607 5737 1790 5792 lubeat
1826 5737 2069 5799 ludatur.

550 5793 868 5855 ‘COllattu'sad
896 5797 945 5847 d.
985 5809 1029 5845 r.
1060 5805 1097 5851 t.
1123 5812 1170 5848 ν.
1208 5793 1259 5851 et
1280 5800 1340 5850 ad
1355 5802 1490 5855 sirm.

572 5857 625 5918 α)
642 5855 782 5918 Alias,
809 5870 872 5907 ex
895 5859 1234 5909 sirmondianis
1254 5856 1330 5909 l7.

575 5918 626 5984 ὁ)
644 5920 765 5972 (int
784 5918 948 5972 riorus
962 5919 1024 5970 ad
1044 5918 1242 5984 Philipp.
1265 5936 1317 5972 ιι.

1748 423 1804 479 S.
1838 416 2200 478 AUGUSTlNl
2243 417 2543 482 Ei’LSCUPl

3650 452 3794 513 1M8

2217 548 2358 643 quod
2384 564 2413 609 a
2440 564 2784 619 monumento
2813 568 3073 627 remotum
3117 562 3342 639 lapidem
3371 568 3532 643 vidit,
3563 572 3795 635 credens

2215 638 2446 705 ablatum
2487 644 2611 706 inde
2666 663 2857 723 corpus
2899 653 3041 721 quod
3069 638 3373 726 qumrebat,
3412 638 3678 727 nuntiavit
3703 666 3793 725 di-

2212 732 2428 806 scipulis
2473 753 2586 799 rem
2612 739 2913 803 dolendam.
2963 743 3323 813 Cucurrcrunt
3366 752 3508 827 duo,
3565 774 3793 835 quorum

2216 839 2353 924 unus
2378 838 2495 924 erat
2520 831 2709 893 Petrus
2727 876 2743 907 ,
2772 835 2906 903 alios
2936 837 3185 905 Joannes.
3215 840 3330 907 Ipse
3356 854 3437 901 est
3460 831 3603 907 enim
3630 867 3792 924 quem

2212 914 2468 988 diligebat
2493 921 2680 997 Jesus,
2727 926 2909 1005 utique
2950 945 3060 1003 prae
3098 934 3306 993 caeteris
3333 952 3345 988 :
3375 952 3495 1001 nam
3523 914 3794 1001 mouerint

2210 1008 2469 1069 Dominus
2496 1014 2765 1086 diligebat.
2816 1020 3211 1091 (incurrerunt,
3245 1036 3302 1083 ut
3342 1028 3583 1088 viderent
3613 1045 3791 1093 utrum

2211 1115 2392 1169 verum
2433 1106 2635 1171 diceret
2667 1112 2893 1179 mulier,
2920 1115 3179 1175 sublatum
3211 1133 3329 1174 esse
3357 1136 3551 1192 corpus
3577 1124 3644 1177 de
3671 1142 3790 1181 mo-

2207 1209 2480 1264 numento.
2529 1201 2839 1272 Venerunt,
2885 1208 3258 1281 intenderunt,
3314 1228 3417 1275 non
3466 1215 3792 1275 invenerunt

2205 1303 2432 1360 corpus,
2460 1300 2515 1350 et
2538 1295 2896 1359 crediderunt.
2928 1300 3034 1361 Sed
3060 1302 3182 1377 quid
3222 1306 3603 1365 crediderunt?
3635 1311 3791 1379 Quod

2202 1380 2424 1443 credere
2472 1398 2575 1439 non
2626 1386 2943 1451 debuerunt.
2985 1392 3204 1461 Quando
3248 1412 3374 1466 ergo
3416 1399 3679 1467 audistis,
3718 1401 3792 1459 Et

2204 1471 2543 1563 tradiderunt,
2575 1475 2710 1539 forte
2732 1484 2955 1553 putastis
2972 1500 3065 1543 eos
3085 1488 3374 1549 credidisse
3401 1492 3543 1563 quod
3561 1495 3792 1553 credere

2200 1562 2537 1637 debuerunt,
2581 1570 2679 1631 hoc
2707 1585 2819 1643 est,
2852 1579 3210 1639 resurrexisse
3248 1582 3528 1649 Dominum
3573 1604 3605 1642 a
3638 1604 3785 1649 mor~

2203 1656 2326 1721 tuis.
2354 1657 2471 1717 Non
2503 1660 2604 1723 hoc
2628 1664 3001 1737 crediderunt,
3024 1671 3118 1729 sed
3142 1673 3281 1744 quod
3304 1677 3642 1741 ninniaverat
3663 1696 3791 1739 mu~

2198 1748 2319 1817 iicr.
2349 1751 2586 1845 Denique
2633 1766 2689 1815 ut
2731 1759 2910 1817 sciatis
2957 1760 3060 1819 hoc
3083 1779 3176 1823 eos
3201 1766 3525 1841 credidisse,
3559 1772 3793 1845 subjecit

2200 1855 2322 1897 mox
2368 1842 2737 1921 Evangelista,
2784 1860 2839 1913 et
2877 1853 2953 1911 ait
3004 1872 3018 1913 :
3078 1854 3321 1917 Nondum
3365 1861 3501 1923 enim
3544 1842 3790 1929 noverant

2201 1932 2525 2028 §sriptaras,
2569 1942 2689 2013 quia
2727 1945 2985 2014 oportebat
3030 1964 3145 2004 eum
3181 1967 3214 2009 a
3250 1956 3462 2011 mortuis
3501 1974 3785 2028 resurgere.

2202 2022 2302 2087 Ubi
2344 2036 2430 2089 est
2460 2029 2626 2093 ﬁdes?
2654 2033 2744 2091 ubi
2783 2045 2865 2091 est
2894 2038 3054 2099 toties
3072 2041 3264 2105 veritas
3284 2049 3615 2109 contestata?
3639 2022 3790 2106 Ron-

2197 2132 2268 2210 ne
2295 2118 2375 2210 eis
2419 2120 2533 2194 ipse
2566 2122 2822 2185 Dominus
2846 2126 3002 2191 Jcsus
3026 2140 3150 2195 ante
3169 2137 3468 2203 passionem
3500 2138 3790 2210 aliquoties

2198 2207 2331 2271 dixit
2391 2212 2703 2273 tradendum
2735 2232 2792 2275 se
2834 2234 2987 2285 esse,
3033 2223 3416 2295 occidendum,
3457 2235 3511 2285 et
3539 2207 3790 2291 resurre-

2198 2301 2443 2359 Cturum?
2468 2304 2806 2377 Loquebator
2830 2310 3004 2369 adhuc
3042 2315 3234 2381 surdis.
3262 2316 3378 2379 iam
3409 2319 3594 2379 Petrus
3617 2323 3669 2379 ei
3694 2323 3789 2379 di-

2197 2402 2352 2458 xerat
2371 2436 2385 2462 ,
2421 2413 2439 2455 ι
2478 2395 2556 2459 Tu
2579 2412 2637 2457 es
2666 2398 2906 2459 Christus
2932 2402 3099 2465 Filius
3128 2406 3220 2465 Dei
3241 2408 3365 2475 vivi.
3400 2427 3419 2465 ι
3445 2410 3564 2469 Jam
3592 2413 3787 2471 audie-

2196 2490 2307 2555 rat,
2347 2503 2365 2539 t
2405 2485 2599 2544 Beatus
2624 2505 2713 2561 es,
2741 2489 2924 2553 Simon
2954 2494 3215 2565 Dirr-tona
3235 2541 3252 2569 ,
3283 2501 3403 2571 quia
3428 2517 3536 2559 non
3568 2505 3661 2563 tibi
3690 2520 3787 2562 re-

2195 2574 2393 2636 velavit
2417 2594 2541 2639 caro
2579 2590 2635 2640 et
2661 2586 2907 2659 salignis,
2949 2588 3043 2653 sed
3066 2590 3223 2657 Pater
3247 2608 3398 2657 mens
3419 2597 3508 2667 qui
3547 2597 3599 2652 in
3626 2600 3791 2657 etatis

2195 2676 2296 2761 est.
2345 2667 2413 2726 Et
2467 2685 2565 2745 ego
2609 2671 2729 2735 dico
2753 2675 2878 2744 tibi,
2934 2678 3056 2749 quia
3107 2689 3161 2740 tu
3191 2683 3496 2756 esPetrus,
3523 2697 3578 2744 ct
3614 2702 3791 2761 super

2194 2757 2334 2851 hanc
2369 2769 2577 2837 petram
2617 2764 2891 2833 a'diiicabo
2941 2769 3242 2837 Ecclesium
3290 2791 3499 2846 meam,
3530 2789 3582 2836 et
3609 2757 3789 2851 portae

2194 2850 2486 2945 intimorum
2533 2871 2641 2919 non
2687 2859 2901 2923 vincent
2927 2877 3069 2923 eam.
3107 2882 3123 2919 ι
3161 2866 3372 2941 (Matth.
3399 2885 3527 2937 xvr,
3572 2850 3782 2945 lii-18),

2195 2941 2336 3037 Talis
2361 2945 2493 3007 ﬁdes
2541 2947 2764 3015 Domino
2808 2954 3063 3017 cruciﬁxo
3106 2957 3356 3037 absorpta
3400 2969 3503 3021 est.
3553 2941 3788 3033 Tamdiu

2191 3034 2332 3101 enim
2364 3036 2550 3097 Petrus
2600 3040 2792 3105 Filium
2823 3044 2917 3109 Dei
2961 3047 3227 3119 credidit,
3270 3034 3439 3109 donec
3478 3054 3686 3113 videret
3724 3057 3786 3117 in

2191 3126 2336 3199 ligno
2377 3128 2724 3207 pendentem,
2752 3133 2923 3197 donec
2969 3138 3172 3199 videret
3191 3142 3355 3201 clavis
3391 3144 3648 3215 afﬁxam,
3675 3148 3784 3203 do-

2188 3233 2291 3283 nec
2321 3220 2525 3281 videret
2558 3234 2826 3289 mortuum
2845 3269 2861 3296 ,
2888 3228 3057 3287 donec
3078 3233 3283 3293 videret
3310 3238 3594 3309 sepultum.
3625 3239 3785 3299 Tunc

2191 3314 2419 3389 perdidit
2447 3319 2586 3391 quod
2619 3322 2849 3385 tenebat.
2877 3322 2970 3385 Ubi
2997 3328 3183 3400 petra?
3209 3330 3295 3387 ubi
3320 3332 3541 3391 ﬁrmitas
3570 3341 3742 3405 petra:
3759 3337 3787 3393 2

2190 3406 2346 3473 Petra
2374 3421 2488 3471 erat
2532 3412 2645 3484 ipse
2690 3415 2963 3488 Christus,
2996 3419 3085 3479 ille
3112 3431 3290 3487 autem
3317 3439 3347 3478 a
3372 3434 3526 3497 petra
3558 3427 3781 3487 Petrus.

2190 3498 2315 3554 Ideo
2336 3515 2641 3560 surrexerat
2662 3518 2832 3575 petra,
2863 3522 2920 3575 ut
2944 3511 3183 3575 ﬁrmaret
3211 3514 3427 3581 Petrum
3459 3536 3473 3575 :
3506 3536 3630 3581 nam
3653 3539 3785 3595 per-

2187 3589 2322 3651 ierat
2346 3592 2564 3669 Petrus,
2588 3597 2689 3657 nisi
2711 3600 2910 3661 viveret
2935 3612 3102 3678 petra.

2258 3682 2311 3747 2.
2359 3683 2589 3749 Christus
2630 3695 2915 3765 agnoscitur
2958 3713 2992 3755 a
3031 3697 3361 3771 Magdaleaa.
3396 3702 3686 3776 Diﬂicnltas
3722 3710 3783 3771 is

2187 3778 2347 3872 uerbis
2368 3779 2573 3841 Domini
2597 3785 2666 3849 ad
2693 3785 3074 3861 Magdalenatn.
3104 3792 3293 3855 POStes
3319 3804 3494 3857 tamen
3514 3841 3528 3867 ,
3560 3802 3782 3872 quando

2187 3869 2449 3935 Dominus
2500 3876 2635 3937 dixit
2683 3880 2924 3951 mulieri,
2973 3882 3185 3953 Maria,
3248 3902 3507 3949 conversa
3556 3869 3782 3965 agnovit

2185 3979 2339 4035 eum,
2373 3977 2427 4022 et
2469 3972 2750 4041 appellavit
2774 3975 3117 4046 magistrum,
3161 3976 3408 4037 Rabboni.
3434 3983 3782 4044 Manifestata

2185 4064 2270 4114 est
2311 4057 2436 4115 huic
2466 4062 2676 4125 mulieri
2714 4066 3041 4129 resurrectio
3077 4070 3311 4133 Domini.
3352 4075 3486 4144 Quid
3523 4079 3625 4135 sibi
3648 4094 3781 4150 ergo

2184 4150 2327 4218 vult,
2358 4149 2485 4209 Noti
2513 4168 2591 4217 me
2632 4164 2866 4229 tangere;
2892 4160 3119 4219 nondum
3158 4164 3291 4221 enim
3339 4170 3548 4229 escendi
3569 4173 3641 4229 ad
3664 4149 3780 4228 Pa-

2185 4248 2308 4296 trem
2336 4247 2543 4301 meum?
2587 4246 2823 4317 Quiesﬁo
2850 4252 3109 4310 mirabilis
3144 4258 3325 4325 multis
3350 4262 3544 4329 modis.
3591 4264 3780 4323 Primo

2182 4334 2307 4406 quia
2342 4336 2511 4395 vetuit
2553 4352 2612 4397 se
2639 4341 2813 4413 tangi,
2845 4345 2996 4417 quasi
3035 4347 3173 4404 male
3208 4361 3389 4422 posset
3432 4356 3576 4428 tangi
3604 4375 3637 4415 a
3662 4367 3749 4417 tan

2182 4429 2595 4531 Bel-tle..Deittd0
2623 4434 2742 4503 quia
2779 4438 3041 4495 rationem
3081 4442 3311 4505 reddens
3338 4463 3503 4519 quare
3542 4465 3605 4509 se
3631 4455 3777 4531 tangi

2184 4518 2419 4579 noluerit
2453 4530 2508 4581 ct
2550 4525 2913 4602 prohibuerit,
2962 4533 3067 4603 ait,
3124 4518 3371 4601 Nuntiant
3404 4543 3538 4601 enim
3567 4518 3777 4603 escendi

2181 4609 2252 4665 ad
2280 4608 2485 4670 Patrem
2510 4631 2696 4709 _meunt
2716 4633 2741 4709 7:
2766 4622 2917 4691 quasi
2956 4623 3191 4700 diceret,
3221 4629 3369 4689 Tunc
3415 4649 3501 4693 me
3547 4646 3733 4709 tanges
3753 4684 3771 4707 ,

2182 4714 2303 4757 cum
2331 4704 2623 4765 ascendere
2661 4708 2728 4767 ad
2760 4710 2972 4773 Patrem
3014 4733 3213 4781 meum.
3259 4721 3318 4779 In
3358 4733 3496 4784 terra
3539 4704 3771 4800 positum

2184 4799 2402 4888 tangere
2432 4796 2871 4888 prohibebatur,
2915 4816 2972 4865 et
3023 4823 3145 4871 eum
3195 4819 3413 4885 tangere
3459 4796 3671 4888 poterat
3712 4823 3773 4879 in

2182 4886 2321 4951 εωιο
2348 4887 2665 4951 sedentem?
2714 4895 2969 4957 Dixeram
3010 4902 3150 4961 enim
3173 4944 3189 4971 ,
3213 4904 3351 4976 Quid
3396 4886 3508 4977 est,
3541 4911 3668 4970 Noti
3691 4932 3780 4971 me

2180 4994 2422 5058 tangere;
2447 4991 2671 5049 nondum
2699 4994 2833 5053 enim
2857 5000 3066 5057 ascendt'
3082 5001 3153 5057 ad
3179 5000 3390 5061 Patrem
3412 5011 3621 5066 meum?
3644 5010 3776 5068 Plus

2179 5078 2321 5173 addo
2353 5099 2365 5137 :
2398 5082 2625 5151 Quando
2667 5091 2994 5161 resurrexit,
3025 5094 3164 5159 sicut
3190 5105 3245 5152 et
3264 5098 3378 5168 ipse
3397 5099 3562 5173 dicit,
3590 5116 3640 5161 et
3675 5106 3774 5161 alii

2152 5171 2565 5247 .Evangelistae,
2631 5187 2686 5239 et
2744 5182 3041 5247 audivimus
3098 5186 3243 5258 jam,
3322 5205 3446 5253 cum
3510 5171 3775 5253 lectiones

2181 5276 2381 5325 sanctae
2421 5270 2754 5343 legerentur,
2802 5279 3046 5347 apparuit
3072 5279 3350 5355 discipulis
3385 5288 3533 5356 suis;
3564 5300 3774 5349 etcum

2179 5362 2423 5432 Spiritum
2486 5379 2610 5427 eum
2656 5375 2933 5440 putarent,
2999 5373 3077 5433 ait
3134 5374 3242 5435 illis
3292 5395 3308 5434 :
3369 5380 3509 5447 Quid
3584 5384 3781 5441 turbati

2179 5454 2298 5515 estis
2319 5495 2335 5523 ,
2381 5465 2428 5511 et
2463 5472 2620 5529 quare
2658 5460 2983 5531 cogitationes
3010 5468 3285 5533 ascendant
3307 5472 3360 5529 in
3379 5490 3469 5529 cor
3505 5486 3721 5533 vestrm
3747 5481 3784 5533 .’

2187 5544 2364 5605 Videte
2388 5564 2568 5611 manus
2595 5567 2731 5613 meas
2757 5560 2806 5613 et
2845 5554 2998 5628 pedes
3043 5574 3196 5617 meos.
3242 5561 3495 5637 Palpate,
3533 5578 3582 5624 et
3608 5569 3783 5627 ridete

2177 5638 2331 5710 (Luc.
2350 5657 2492 5711 xxiv,
2511 5643 2729 5719 37.39).
2748 5645 3012 5721 Numquid
3026 5649 3136 5722 jam
3152 5656 3467 5715 ascenderat
3480 5658 3778 5720 mendum

2181 5735 2498 5797 ascenderat
2521 5737 2588 5801 ad
2614 5739 2827 5797 Patrem
2851 5757 3005 5803 suum
3023 5784 3038 5812 ,
3064 5755 3123 5802 et
3157 5747 3290 5809 dixit
3311 5751 3585 5825 discipulis
3611 5757 3732 5813 suis
3757 5802 3776 5823 ,

2179 5828 2437 5900 Palpate,
2494 5840 2542 5887 et
2590 5830 2771 5891 videte.
2804 5832 2906 5901 Ubi
2948 5845 3062 5906 est,
3092 5836 3222 5897 Noti
3260 5859 3341 5903 me
3384 5849 3620 5919 tangere?
3659 5849 3783 5910 llic

2184 5919 2326 5979 forte
2367 5922 2559 5994 aliquis
2604 5923 2846 5984 dicturus
2892 5935 2977 5985 est
3000 5946 3017 5985 :
3044 5928 3211 6003 Tangi
3255 5948 3289 5991 ι
3327 5936 3458 5994 viris
3482 5940 3674 6009 voluit,
3738 5961 3781 6001 ιι
