4070 6330
297 399 434 464 1149

296 517 607 580 mulieribus
629 516 814 573 noluit.
845 515 900 572 Si
937 513 1186 571 lbminam
1230 511 1507 576 horreret,
1547 511 1654 565 non
1682 519 1872 563 nasce-

296 623 444 672 retur
470 627 534 667 ex
563 610 778 666 femina.
807 609 1188 664 Verumtamen
1219 603 1470 674 quidquid
1499 601 1601 657 hoc
1627 611 1709 658 est
1733 600 1873 672 quod

297 713 472 778 potest
511 701 687 757 facere
712 701 1152 771 qualemcumque
1179 696 1526 768 qumstianem
1547 736 1561 759 ,
1585 703 1644 748 ιιι
1669 693 1874 748 dicatur

294 796 574 852 Dominum
597 807 676 858 se,
699 801 982 862 antequam
1000 789 1066 844 ad
1093 789 1306 843 Patrem
1332 785 1666 851 ascenderet,
1689 799 1718 840 a
1744 783 1871 839 viris

291 889 434 960 tangi
482 887 744 951 voluisse,
777 883 1140 940 amulierlhus
1166 882 1434 947 noluisse;
1485 880 1560 934 ait
1607 876 1873 948 evangeli-

290 994 369 1039 sta
393 981 688 1037 Mattiiaius.
711 979 826 1050 ipse
845 977 985 1034 enim
1011 975 1292 1040 narravit‘,
1313 972 1608 1030 occurrisse
1623 972 1871 1027 mulieres

289 1077 515 1132 Domino
536 1073 828 1144 resurgentl
845 1113 859 1139 ,
888 1072 938 1126 in
959 1071 1149 1141 quibus
1168 1077 1282 1124 erat
1306 1075 1360 1123 et
1377 1068 1489 1136 ipsa
1509 1065 1667 1120 Maria
1686 1105 1701 1132 ,
1719 1072 1773 1119 et
1793 1073 1870 1120 te-

288 1170 468 1224 nuisse
512 1167 676 1238 pedes
704 1167 822 1234 ejus
867 1163 1078 1234 (Matth.
1121 1176 1317 1226 xxvm,
1363 1159 1441 1229 9).
1471 1158 1751 1214 Coarctata
1787 1165 1871 1212 est

285 1261 510 1332 quaestio
558 1259 738 1313 multis
767 1256 968 1323 modis,
1012 1255 1137 1325 quid
1181 1253 1280 1308 sibi
1308 1252 1467 1319 velit,
1498 1249 1624 1304 Noli
1645 1266 1725 1305 me
1751 1258 1868 1304 tan-

283 1371 438 1428 gere;
469 1354 690 1408 nondum
733 1352 861 1406 enim
887 1349 1090 1404 ascendi
1125 1347 1193 1401 ad
1220 1346 1427 1400 Patrem
1451 1357 1634 1398 meum.
1675 1341 1866 1398 Totum

286 1447 539 1518 quidquid
570 1448 775 1501 locutus
823 1459 939 1500 sum
961 1485 974 1507 ,
1007 1442 1074 1496 ad
1105 1441 1206 1495 hoc
1230 1440 1437 1494 locutus
1463 1453 1609 1502 sum,
1639 1445 1696 1491 ut
1717 1450 1866 1506 quie-

281 1541 472 1597 stionls
499 1540 787 1595 difﬁcultas
811 1544 1124 1608 augeretur:
1146 1533 1336 1589 videtis
1365 1526 1621 1595 validam,
1650 1537 1705 1584 et
1731 1541 1865 1599 qus-

280 1634 709 1690 silnsolubilein.
767 1632 996 1702 Adjuvet
1044 1645 1131 1684 me
1173 1627 1461 1690 Dominus,
1510 1632 1572 1679 ut
1608 1623 1861 1678 solvatur.

279 1729 384 1798 Qui
410 1729 654 1800 dignatus
682 1736 765 1783 est
803 1741 918 1781 eam
949 1737 1245 1796 proponere
1265 1766 1279 1790 ,
1308 1722 1554 1792 dignetur
1573 1733 1860 1788 exponere.

277 1823 441 1875 Orate
482 1835 689 1874 mecum
715 1817 960 1874 eii‘ectum
996 1834 1011 1868 :
1043 1816 1109 1870 ad
1139 1829 1224 1870 me
1265 1827 1450 1878 aures,
1481 1813 1544 1866 ad
1576 1812 1721 1865 illum
1748 1826 1859 1865 cor.

277 1911 435 1980 Quod
473 1911 602 1965 mihi
628 1923 911 1980 suggerere
936 1907 1208 1978 dignatur,
1248 1903 1651 1960 communicabo
1691 1902 1859 1957 vobis.

274 2004 380 2074 Qui
434 2005 627 2059 melius
657 2003 938 2071 intelligit,
971 1999 1161 2055 doceat
1213 2011 1299 2052 me
1323 2014 1337 2050 ε
1361 1997 1438 2052 sie
1481 1993 1666 2050 doctor
1703 2010 1819 2048 sum
1844 2035 1858 2060 ,

274 2102 343 2159 ut
368 2099 610 2157 indocilis
633 2114 736 2151 non
759 2097 878 2151 sim.
912 2095 1010 2162 Qui
1036 2101 1214 2148 autem
1242 2090 1434 2146 melius
1461 2103 1566 2143 non
1595 2087 1857 2158 intelligit,

271 2196 417 2270 quod
440 2193 683 2264 intelligit
707 2189 887 2246 audiat
912 2203 940 2242 a
968 2201 1075 2242 me.

346 2288 401 2343 5.
429 2285 809 2357 Discipulorum
847 2279 910 2334 de
934 2279 1131 2333 Christo
1158 2277 1285 2347 ﬁdes
1309 2283 1426 2329 ante
1450 2274 1860 2329 resurrectionem

269 2379 439 2451 qualis
466 2386 591 2432 erat.
618 2372 696 2429 De
719 2373 919 2428 Christo
946 2370 1067 2441 quid
1117 2368 1436 2422 credenduut.
1472 2365 1695 2436 Tangere
1716 2365 1861 2418 Citri-

269 2479 406 2524 stum
429 2469 574 2524 estin
611 2468 777 2537 ipsum
802 2461 1021 2518 credere.
1053 2459 1201 2514 Fidei
1221 2468 1406 2512 tactum
1441 2458 1638 2528 qualem
1693 2457 1859 2527 exigat

271 2560 529 2616 Christus.
573 2557 856 2613 Dominum
905 2552 1122 2616 Jesum,
1161 2550 1296 2604 sicut
1337 2547 1632 2603 audivimus
1657 2590 1671 2613 ,
1723 2548 1860 2601 sicut

269 2660 531 2723 apparet,
580 2648 849 2702 hominem
878 2645 1131 2716 putabunt
1158 2639 1437 2710 discipuli,
1486 2647 1540 2692 et
1566 2639 1857 2692 secundum

270 2745 379 2799 hoc
425 2743 581 2797 tidem
610 2755 757 2796 suam
791 2737 1055 2793 librabant
1089 2752 1102 2788 :
1136 2734 1295 2788 altius
1322 2747 1428 2787 non
1473 2732 1766 2802 erigebant.
1800 2730 1854 2784 lii

269 2846 417 2892 terra
457 2849 578 2890 cum
626 2832 836 2888 Christo
881 2827 1246 2884 ambulabant.
1297 2824 1449 2894 Quod
1513 2823 1682 2879 iactus
1741 2833 1856 2878 erat

266 2938 492 3000 propter
517 2941 644 2992 nos,
680 2924 780 2979 hoc
813 2930 1071 2977 noverant.
1098 2938 1110 2974 :
1139 2919 1280 2990 quod
1302 2933 1400 2973 nos
1426 2917 1544 2972 fecit
1566 2959 1579 2984 ,
1608 2932 1712 2971 non
1754 2931 1854 2971 no-

263 3029 478 3080 verant.
525 3021 642 3091 lpse
671 3027 751 3073 est
794 3017 1036 3073 Christus
1077 3023 1132 3070 et
1160 3013 1358 3079 factor,
1400 3018 1455 3066 et
1503 3010 1688 3065 factus.
1725 3009 1856 3064 Vide

261 3117 525 3173 factorem
557 3132 570 3169 :
610 3130 627 3164 ς
665 3111 723 3165 1η
754 3109 1010 3180 principio
1061 3113 1177 3163 erat
1229 3103 1486 3170 Verbum,
1539 3110 1593 3157 et
1621 3101 1853 3158 Verbum

261 3219 386 3265 erat
437 3205 576 3278 apud
629 3205 791 3259 Deum
813 3244 827 3268 ,
877 3209 930 3257 ct
959 3203 1100 3257 Deus
1156 3205 1271 3254 erat
1295 3196 1528 3253 Verbum
1559 3213 1572 3249 :
1601 3195 1705 3250 lioc
1742 3203 1857 3250 erat

260 3302 328 3358 in
384 3299 643 3372 principio
684 3298 822 3368 apud
877 3297 1061 3351 Deum.
1117 3293 1305 3350 Omnia
1359 3306 1455 3360 per
1499 3289 1672 3358 ipsum
1718 3289 1852 3343 iacta

259 3404 412 3449 sunt.
449 3411 468 3445 ι
503 3391 635 3447 Vide
663 3391 854 3444 factum
883 3405 895 3442 :
927 3407 945 3440 ‹
980 3387 1047 3442 Et
1090 3387 1308 3442 verbum
1339 3400 1466 3441 caro
1507 3387 1705 3440 factum
1732 3391 1813 3439 est
1836 3423 1850 3448 ,

259 3493 323 3541 et
347 3484 603 3540 habitavit
630 3483 682 3536 in
723 3480 877 3535 nobis
909 3497 928 3530 ι
966 3479 1144 3549 (Joan.
1175 3493 1227 3544 ι,
1258 3478 1317 3543 1,
1345 3477 1381 3531 2
1401 3520 1416 3545 ,
1449 3477 1516 3544 5,
1546 3475 1657 3549 id).
1689 3475 1850 3530 Vide-

255 3594 386 3634 mus
409 3592 534 3647 ergo
561 3575 740 3630 Jesum
761 3615 775 3638 ,
799 3571 892 3626 sed
920 3570 1203 3641 prmdicata
1249 3569 1358 3639 jam
1391 3569 1544 3624 nobis
1571 3568 1673 3622 ﬁde
1703 3569 1848 3637 Apo-

252 3672 549 3728 stolorum.
578 3663 727 3734 Quod
749 3677 847 3718 nos
877 3662 1156 3728 novimus,
1201 3661 1276 3716 illi
1303 3659 1538 3716 nondum
1569 3667 1846 3715 noverant.

253 3763 383 3819 Non
415 3759 549 3815 iacio
603 3757 868 3828 iniuriam.
896 3753 1012 3810 Non
1060 3752 1233 3808 audeo
1267 3752 1446 3808 dicere
1492 3753 1798 3824 ignorantes
1832 3769 1845 3806 :

253 3852 360 3910 sed
390 3861 563 3907 tamen
584 3849 739 3905 video
783 3846 1133 3920 ignorantiam
1163 3845 1497 3900 conﬁtentes.
1526 3843 1643 3900 Non
1687 3860 1850 3900 nove-

252 3955 414 4015 rant,
457 3953 645 4022 postea
692 3942 1019 4007 didicerunt,
1075 3938 1217 4010 quod
1265 3938 1375 4009 jam
1431 3951 1531 3993 nos
1579 3937 1845 3992 novimus.

257 4040 535 4096 Christum
561 4045 617 4093 et.
660 4038 827 4092 Deum
878 4046 932 4091 et
976 4035 1277 4101 hominem,
1308 4030 1578 4087 Christum
1600 4038 1655 4087 et
1678 4031 1847 4086 facto-

256 4150 377 4191 rem
408 4149 586 4190 rerum
617 4142 672 4189 et
727 4132 923 4187 factum
955 4130 1008 4185 in
1037 4128 1196 4185 rebus
1215 4169 1230 4196 ,
1266 4127 1532 4183 Christum
1558 4136 1612 4183 et
1636 4136 1846 4182 creato-

257 4241 380 4283 rem
426 4223 657 4281 hominis
705 4230 760 4278 et
785 4233 1020 4278 creatum
1071 4221 1378 4290 hominem,
1429 4235 1524 4276 nos
1570 4221 1843 4286 novimus,
1883 4217 1901 4299 ’ἐ

258 4320 341 4376 iiii
369 4318 626 4374 nondum.
662 4317 803 4372 Deus
841 4315 1082 4372 Christus
1107 4315 1326 4386 aequalis
1347 4322 1428 4370 est
1459 4311 1640 4370 Patri:
1667 4321 1846 4368 tantus
1894 4331 1897 4334 ‘

267 4597 440 4658 Deus;
469 4604 521 4650 et
551 4595 640 4650 ille
667 4595 807 4650 Deus
827 4595 911 4649 ille
928 4595 1288 4663 omnipotens,
1307 4603 1360 4649 et
1381 4595 1468 4649 ille
1484 4594 1841 4668 omnipotens;

259 4688 352 4744 ille
370 4685 732 4754 immutabilis,
752 4693 805 4742 et
826 4685 912 4740 ille
937 4683 1283 4742 immutabilis
1310 4684 1446 4742 :hoc
1468 4697 1549 4741 est
1565 4685 1704 4757 quod
1733 4684 1840 4744 ille.

255 4782 377 4838 Non
403 4781 490 4836 hic
515 4789 597 4836 est
615 4820 630 4846 ,
658 4779 749 4850 qui
777 4777 899 4845 ille;
921 4777 1043 4848 quia
1067 4777 1159 4832 ille
1183 4775 1344 4832 Pater
1363 4817 1378 4844 ,
1411 4777 1498 4833 hic
1522 4771 1705 4835 Filius.
1732 4780 1844 4836 Hoc

256 4879 578 4952 quicumque
620 4875 796 4940 novit,
829 4873 903 4940 illi
946 4871 1183 4927 ascendit
1229 4877 1297 4932 ad
1330 4876 1534 4930 Patrem
1571 4878 1696 4948 :qiii
1743 4879 1843 4933 hoc

255 4986 361 5024 non
397 4971 573 5040 novit,
608 4971 840 5028 nondum
869 4970 940 5023 illi
973 4969 1215 5026 ascendit
1239 4969 1481 5030 Christus
1501 4969 1566 5026 ad
1593 4971 1837 5042 Patrem;

256 5063 513 5137 parvulus
543 5079 663 5118 cum
695 5061 785 5118 illo
809 5071 891 5118 est
913 5103 928 5129 ,
960 5061 1015 5118 in
1037 5071 1179 5120 terra
1202 5077 1324 5118 cum
1352 5061 1444 5116 illo
1474 5072 1556 5117 est
1575 5104 1590 5131 ,
1619 5065 1840 5136 aequalis

254 5155 609 5230 omnipotenti
655 5154 892 5215 nondum
939 5154 1016 5210 illi
1065 5162 1170 5210 est.
1215 5153 1521 5210 Proﬁcienti
1569 5155 1836 5223 ascendit,

253 5263 377 5303 cum
416 5247 508 5304 illo
551 5249 642 5321 qui
669 5249 879 5322 prolicit
917 5246 1176 5306 ascendit.
1208 5245 1345 5318 Quid
1392 5257 1474 5303 est
1518 5264 1680 5320 ergo,
1715 5247 1841 5305 Noti

253 5356 333 5394 me
362 5343 604 5411 tangere?
652 5342 848 5400 Tactus
873 5342 1030 5396 ﬁdem
1057 5340 1338 5412 significat.
1366 5341 1653 5412 Tangendo
1697 5343 1838 5399 enim

255 5431 529 5486 acceditur
576 5432 642 5486 ad
683 5448 804 5488 eum
834 5433 925 5506 qui
965 5433 1215 5501 tangitur.
1260 5434 1532 5490 Mulierem
1578 5435 1721 5489 illam
1756 5434 1839 5490 vi-

257 5523 412 5588 dete,
441 5541 559 5596 qua:
590 5521 786 5582 ﬂuxum
834 5524 1105 5598 sanguinis
1130 5525 1446 5596 patiebatur.
1478 5528 1619 5583 Dixit
1644 5529 1698 5584 in
1722 5545 1840 5585 cor-

254 5617 323 5676 de
346 5635 445 5675 suo
477 5637 491 5673 :
519 5619 780 5691 Sanabor,
827 5622 872 5684 si
907 5621 1112 5696 tetigero
1143 5622 1392 5695 ﬁmbriam
1418 5625 1694 5680 vestimenti
1730 5625 1842 5696 ejus

260 5709 474 5784 (Matth.
504 5730 556 5769 ix
577 5755 593 5782 ,
617 5714 734 5787 2i).
786 5716 1025 5773 Accessit
1045 5727 1095 5773 et
1129 5718 1332 5790 tetigit,
1363 5725 1546 5774 sanata
1577 5726 1674 5772 est.
1704 5715 1838 5784 Quid

320 5850 520 5927 δβίτφορ
547 5858 878 5927 VQ’W
921 5851 1157 5927 quid?!“
1198 5850 1416 5927 ἱιοοβδε,
1460 5863 1729 5920 potest......
1768 5858 1846 5914 Ait

255 5914 546 5978 wmtgeusta
568 5915 832 5980 Matt/uvas,
852 5914 954 5981 ipse
975 5914 1104 5969 enirn
1122 5917 1356 5970 narravit.
1403 5914 1476 5968 'M'.

1671 385 1902 446 SERMO
1938 385 2136 446 CCXLI
2151 394 2207 449 ν.

3420 395 3565 485 tisi)

1983 517 2064 606 est
2084 553 2097 576 ,
2122 513 2364 606 Acacsslt
2389 530 2442 578 et
2472 525 2680 601 tetigit?
2702 527 3090 606 Pmpinquarit
3131 539 3186 591 et
3213 527 3456 596 credidit.
3490 529 3566 602 Ut

1983 602 2162 696 sciatis
2203 622 2319 664 eam
2357 614 2624 674 credendo
2659 602 2937 696 tetigisse,
2962 625 3218 683 Dominus
3256 627 3386 684 dixit
3419 648 3432 684 :
3464 630 3564 687 Te-

1981 695 2190 789 tigitme
2225 703 2426 774 aliquis.
2459 708 2594 779 Quid
2636 721 2750 781 est,
2790 695 2974 788 Tetigit
3009 735 3124 784 me;
3162 720 3298 789 nisi,
3329 721 3564 779 Credidit

1980 788 2033 885 iii
2063 793 2182 885 me?
2207 795 2272 850 Et
2301 803 2355 851 ut
2381 801 2634 859 noveritis
2671 805 2769 862 hoc
2803 824 2923 865 csse
2952 809 3132 883 Tetigit
3160 788 3290 880 me,
3311 815 3452 885 quod
3484 828 3564 872 cst

1979 880 2214 941 Credidit
2255 889 2306 942 in
2338 903 2456 958 me;
2502 895 2885 968 Responderunt
2924 880 3193 976 discipuli,
3241 913 3288 960 et
3328 880 3563 961 dixerunt

1978 975 2024 1028 ei
2052 991 2070 1030 :
2102 977 2283 1035 Turba:
2327 992 2374 1036 te
2409 988 2772 1058 comprimunt,
2821 1001 2866 1047 et
2909 993 3072 1063 dicis,
3121 995 3245 1061 Quis
3282 1013 3362 1051 me
3405 997 3562 1068 tetigit

1980 1069 2128 1143 (Luc.
2169 1085 2260 1127 viti
2281 1117 2293 1139 ,
2320 1075 2388 1130 45
2405 1087 2450 1130 et
2478 1079 2609 1149 46)?
2637 1082 2690 1137 Si
2722 1084 2866 1139 solus
2890 1087 3196 1145 ambularcs
3214 1132 3228 1156 ,
3263 1089 3307 1144 si
3333 1091 3559 1161 spatium

1976 1163 2072 1218 tibi
2102 1165 2408 1223 ambulandi
2439 1170 2590 1226 tui-ha
2618 1173 2859 1243 fecisset,
2885 1180 2927 1233 si
2951 1193 3106 1235 nemo
3127 1181 3277 1249 juxta
3306 1191 3356 1236 te
3385 1193 3526 1237 esset
3555 1228 3568 1243 .

1974 1253 2110 1310 bene
2132 1257 2337 1313 diceres
2359 1304 2372 1328 ,
2410 1262 2594 1335 Tetigit
2621 1283 2700 1320 me
2724 1269 2925 1346 aliquis.
2959 1271 3136 1328 Turba
3176 1275 3369 1344 premit
3398 1284 3476 1341 le,
3515 1285 3565 1330 tu

1975 1359 2137 1401 unum
2170 1357 2474 1421 tangentem
2517 1371 2928 1415 commemoras.
2972 1362 3039 1417 Et
3066 1364 3154 1420 ille
3185 1364 3425 1436 repetiit,
3457 1363 3556 1418 Te-

1974 1442 2083 1511 tigit
2113 1459 2191 1496 me
2213 1445 2413 1516 aliquis.
2443 1447 2597 1504 Prius
2638 1451 2782 1506 enim
2813 1451 3051 1522 dixerat,
3103 1457 3226 1524 Quis
3252 1474 3330 1511 me
3365 1457 3519 1530 tetigit
3545 1462 3566 1508 ξ’

1973 1542 2028 1589 et
2067 1545 2280 1604 postea,
2325 1537 2510 1611 Tetigit
2543 1557 2623 1596 me
2650 1543 2852 1613 aliquis.
2890 1544 3071 1600 Nostis
3103 1546 3142 1614 ί,
3199 1547 3319 1620 quia
3345 1547 3518 1602 dicitis
3545 1587 3558 1610 ,

1975 1625 2156 1682 Turbae
2185 1639 2231 1682 te
2270 1632 2624 1700 comprimunt.
2657 1634 2837 1707 Tetigit
2881 1654 2960 1692 me
2999 1639 3201 1710 aliquis.
3244 1638 3419 1693 Turba
3455 1640 3553 1693 ista

1970 1733 2217 1790 premere
2247 1725 2422 1791 novit,
2459 1734 2675 1798 tangere
2713 1744 2818 1784 non
2848 1730 3011 1786 novit.
3057 1730 3277 1787 Constat
3302 1730 3403 1786 hoc
3430 1747 3551 1786 cum

1969 1813 2270 1884 significare
2310 1819 2542 1876 voluisse
2586 1821 2844 1891 dicendo,
2878 1824 3002 1892 Quis
3033 1843 3110 1880 me
3136 1827 3341 1897 tetigit?
3374 1826 3552 1896 Tetigit

1968 1921 2048 1957 me
2069 1907 2269 1977 aliquis.
2299 1907 2369 1964 Ut
2393 1909 2541 1964 illum
2571 1919 2769 1968 tactum
2799 1909 2954 1969 iidem
2986 1915 3266 1972 credamus
3297 1931 3416 1971 esse
3439 1925 3552 1970 tan-

1971 1999 2174 2068 gentis,
2206 2001 2291 2056 vei
2321 2003 2495 2071 potius
2524 2005 2791 2061 credentis
2812 2023 3102 2064 accessum.
3131 2010 3268 2078 Quid
3299 2010 3397 2065 sibi
3426 2024 3553 2080 ergo

1960 2091 2110 2159 vult,
2141 2090 2266 2146 Noli
2292 2110 2370 2147 me
2391 2103 2622 2166 tangere;
2662 2099 2889 2152 nondum
2932 2101 3064 2154 enim
3103 2102 3306 2156 escendi
3330 2102 3398 2155 ad
3446 2101 3552 2155 Pa-

1968 2191 2094 2238 trem
2122 2203 2284 2239 meum
2308 2187 2332 2240 .9
2356 2186 2504 2254 Quod
2528 2203 2614 2244 me
2638 2190 2787 2246 vides
2809 2233 2821 2255 ,
2855 2191 2956 2246 hoc
2992 2209 3077 2248 me
3105 2201 3257 2264 putas
3286 2213 3298 2249 :
3328 2194 3552 2248 nondum

1967 2277 2170 2330 asceudi
2192 2278 2258 2330 ad
2288 2276 2509 2333 Patrem.
2543 2279 2820 2335 Hominem
2848 2297 2932 2337 me
2961 2283 3108 2338 vides
3127 2326 3141 2350 ,
3167 2285 3435 2340 hominem
3465 2300 3550 2341 me

1967 2379 2123 2439 putas
2148 2386 2161 2422 :
2196 2386 2311 2424 sum
2345 2372 2555 2440 quidem
2587 2369 2767 2441 homo,
2799 2374 2892 2429 sed
2919 2389 3023 2431 non
3047 2375 3131 2431 hic
3153 2385 3258 2432 stet
3282 2378 3410 2432 iides
3439 2387 3544 2432 tua.

1964 2459 2085 2514 Noli
2114 2475 2200 2516 me
2225 2461 2300 2516 sic
2331 2471 2578 2533 tangere,
2624 2472 2682 2518 ut
2708 2463 2979 2521 hominem
3019 2468 3384 2522 tantummodo
3428 2485 3548 2524 cre-

1965 2555 2078 2610 das.
2115 2553 2359 2610 Nondum
2383 2559 2513 2611 enim
2533 2557 2737 2612 escendi
2756 2559 2824 2614 ad
2845 2555 3054 2615 Patrem
3079 2578 3261 2615 meum.
3303 2561 3549 2618 Ascendo

1965 2647 2029 2702 ad
2071 2647 2280 2702 Patrem
2309 2665 2516 2716 meum,
2559 2659 2612 2705 ct
2651 2657 2806 2722 tange
2827 2667 2913 2708 me
2947 2669 2961 2707 :
2990 2652 3041 2707 id
3067 2661 3181 2720 est,
3207 2653 3406 2724 proﬁce
3426 2694 3440 2720 ,
3469 2654 3549 2709 in-

1965 2740 2140 2811 tellige
2170 2757 2256 2795 me
2299 2742 2558 2812 aequalem
2590 2741 2770 2808 Patri,
2815 2752 2870 2799 ct
2923 2752 3048 2800 tunc
3077 2753 3266 2815 tange,
3322 2754 3376 2801 et
3404 2746 3547 2800 salva

1963 2834 2089 2888 eris.
2123 2833 2246 2888 Noli
2265 2852 2342 2887 me
2369 2844 2603 2905 tangere;
2623 2837 2849 2889 nondum
2875 2838 3006 2890 enim
3029 2825 3233 2892 ascendi
3248 2838 3315 2890 ad
3338 2836 3546 2891 Patrem

1961 2942 2145 2979 meum.
2189 2926 2340 2994 Quod
2372 2927 2626 2983 descendi
2667 2927 2848 2993 vides,
2881 2929 3022 2999 quod
3062 2929 3276 2984 ascendi
3310 2929 3544 2984 nondum

1960 3018 2133 3074 vides.
2160 3019 2402 3073 Nondum
2424 3021 2550 3074 enim
2573 3020 2776 3074 escendi
2798 3023 2865 3074 ad
2885 3019 3093 3076 Patrem
3117 3039 3299 3076 meum.
3327 3021 3546 3077 Memet-

1963 3110 2136 3180 ipsum
2167 3111 2431 3166 exinanivl
2458 3116 2675 3183 formam
2707 3113 2834 3167 serui
2853 3113 3138 3184 accipiens,
3160 3113 3214 3167 in
3255 3115 3548 3169 similitudi-

1960 3217 2074 3256 nem
2109 3203 2366 3256 hominum
2387 3205 2579 3274 factus,
2621 3210 2668 3256 et
2695 3203 2867 3256 habitu
2889 3204 3118 3258 inventus
3147 3211 3204 3257 ut
3241 3203 3408 3258 homo.
3438 3204 3548 3260 Hoc

1961 3293 2271 3349 cruciﬁxum
2301 3303 2417 3362 est,
2445 3293 2546 3350 hoc
2575 3296 2843 3365 sepultum
2868 3338 2882 3363 ,
2929 3296 3031 3352 hoc
3059 3298 3452 3353 resuscitatum.
3483 3299 3548 3353 ll-

1962 3386 2050 3441 iud
2082 3396 2260 3440 autem
2283 3427 2296 3453 ,
2327 3384 2454 3440 Cum
2478 3386 2718 3457 informa
2740 3384 2836 3440 Dei
2862 3396 3021 3454 esset,
3055 3405 3155 3442 non
3194 3391 3428 3459 rapinam
3464 3407 3548 3442 ar-

1962 3479 2174 3533 bitratus
2199 3487 2272 3533 est
2311 3495 2416 3532 esse
2439 3478 2647 3547 (aqualis
2684 3477 2794 3533 Deo
2823 3477 3076 3552 (Philipp.
3111 3494 3176 3546 ii,
3201 3481 3262 3546 7,
3293 3481 3348 3551 ϐ)
3370 3523 3383 3546 ,
3415 3497 3546 3536 non-

1957 3573 2085 3627 dum
2108 3572 2276 3627 vides.
2305 3571 2457 3638 Quod
2486 3571 2698 3628 escendi
2720 3571 2954 3626 nondum
2983 3572 3152 3627 vides.
3185 3573 3300 3628 Noli
3330 3583 3546 3644 tangen-

1959 3668 2029 3722 do
2087 3675 2316 3733 terram,
2365 3666 2556 3720 emittm
2599 3665 2822 3735 perdere
2871 3681 2884 3716 :
2927 3665 3037 3719 noli
3098 3666 3423 3720 remanendo
3489 3667 3542 3721 in

1959 3759 2208 3826 homine,
2267 3758 2321 3812 in
2389 3759 2552 3813 Deum
2595 3773 2700 3813 non
2763 3757 3005 3813 credere.
3037 3757 3164 3813 Noti
3197 3777 3275 3813 me
3309 3772 3538 3830 tangere,

1957 3853 2185 3906 nondum
2214 3852 2344 3906 enim
2383 3851 2587 3904 escendi
2618 3851 2686 3904 ad
2709 3848 2938 3906 Patrem.

1951 3959 1953 3962 '
2028 3944 2083 3998 4.
2111 3942 2291 3997 Ariani
2311 3949 2355 3995 et
2385 3942 2682 3995 Photiniani
2721 3940 2978 3996 Christum
3017 3951 3153 3996 recta
3175 3943 3274 4012 ﬁde
3303 3918 3403 3998 non
3426 3916 3539 3999 tan-

1957 4045 2103 4110 gunt.
2149 4035 2411 4092 Procedat
2449 4035 2680 4090 Arianus
2726 4051 2740 4088 :
2791 4036 2936 4106 prius
2979 4036 3230 4105 procedat
3272 4037 3542 4092 Photinia-

1957 4145 2060 4186 nus
2079 4131 2121 4182 ⁸.
2152 4127 2559 4198 Respondemus
2603 4125 2919 4182 Photiniano
2948 4143 2961 4180 :
2990 4125 3108 4181 Noli
3141 4136 3373 4197 tangere.
3406 4129 3539 4196 Quid

1957 4230 2060 4287 est,
2088 4220 2204 4276 Noli
2233 4229 2448 4290 tangere
2467 4218 2492 4271 ‘t
2510 4217 2626 4272 Noli
2653 4217 2731 4272 sic
2749 4217 2969 4273 credere
2994 4235 3007 4272 :
3027 4218 3260 4272 nondum
3280 4219 3370 4273 tibi
3398 4220 3541 4275 Chri-

1898 4317 1907 4326 '
1956 4319 2070 4369 stus
2091 4309 2328 4367 ascendit
2375 4309 2438 4363 ad
2466 4309 2698 4364 Patrem.
2728 4309 2986 4364 Procedat
3011 4309 3258 4364 Arianus.
3283 4309 3396 4380 Ego
3415 4353 3429 4378 ,
3461 4313 3540 4366 in-

258 4420 375 4479 est,
401 4418 631 4481 quantus
654 4407 779 4464 ille:
809 4407 928 4463 talis
953 4417 1067 4476 cst,
1097 4409 1269 4478 qualis
1296 4407 1384 4462 ille
1416 4425 1430 4461 :
1465 4407 1567 4462 hoc
1591 4416 1673 4463 est
1701 4407 1845 4479 quod
1893 4391 1913 4474 τςζ
1956 4405 2104 4477 quit,
2139 4403 2304 4458 Deum
2335 4401 2498 4457 credo
2521 4402 2788 4456 Christum
2814 4444 2829 4469 ,
2870 4401 2962 4456 sed
3002 4403 3284 4458 minorem.
3315 4403 3419 4460 Nec
3447 4405 3538 4459 tibi

257 4503 386 4568 ille;
418 4516 521 4556 non
547 4501 633 4557 hic
673 4508 786 4568 cst,
815 4500 904 4570 qui
931 4497 1042 4555 ille.
1076 4499 1186 4554 lioc
1212 4499 1454 4570 estquod
1477 4500 1587 4568 ille;
1612 4499 1732 4571 quia
1759 4499 1846 4555 illc
1904 4574 1906 4578 ι

1956 4497 2131 4556 adhuc
2157 4491 2396 4552 ascendit
2415 4496 2478 4551 ad
2498 4495 2728 4552 Patrem.
2746 4494 2879 4550 Cum
2897 4497 3196 4552 ascenderit
3216 4497 3280 4552 ad
3303 4498 3534 4564 Patrem,

1959 4589 2186 4648 extende
2215 4598 2265 4644 te
2288 4631 2302 4657 ,
2335 4595 2391 4642 ut
2415 4596 2598 4658 tangas
2626 4605 2639 4640 :
2664 4587 2892 4643 extende
2934 4595 3020 4655 te,
3057 4599 3211 4659 tange
3256 4590 3435 4644 Deum.
3473 4591 3539 4645 Et

1955 4699 2056 4756 ego
2076 4727 2091 4752 ,
2144 4681 2336 4753 inquit,
2363 4681 2527 4734 Deum
2550 4679 2836 4750 proﬁteor;
2869 4679 2963 4735 sed
2990 4680 3210 4735 alterius
3241 4689 3462 4748 naturtr,
3487 4691 3539 4737 et

1953 4775 2172 4833 alterius
2186 4773 2517 4839 substantiae;
2534 4779 2791 4837 creatum,
2815 4787 2920 4826 non
2942 4788 3038 4843 per
3052 4787 3207 4843 quem
3225 4783 3399 4828 creata
3417 4785 3537 4830 sunt

1954 4868 2172 4933 omnia;
2206 4867 2399 4922 factum
2419 4907 2434 4933 ,
2466 4881 2571 4920 non
2601 4865 2653 4919 in
2703 4865 2964 4936 principio
3011 4865 3239 4920 Verbum
3268 4867 3382 4922 sine
3407 4877 3537 4923 lem-

1952 4977 2104 5033 pore.
2130 4957 2319 5014 Adhuc
2339 4971 2470 5027 ergo
2491 4957 2622 5010 inira
2634 4971 2712 5023 es;
2732 4957 2966 5011 nondum
2989 4957 3081 5011 tibi
3104 4958 3340 5012 ascendit
3356 4961 3420 5014 ad
3443 4961 3538 5014 1³η-

1955 5059 2112 5108 trem.
2128 5049 2223 5104 Vis
2235 5047 2486 5103 ascendat
2507 5047 2599 5102 tibi
2611 5047 2675 5100 ad
2689 5047 2934 5101 Patrem?
2949 5047 3136 5112 Crede,
3157 5046 3282 5102 Cum
3298 5051 3348 5103 in
3370 5052 3536 5120 [arma

1953 5143 2052 5199 Dei
2077 5151 2231 5210 esset,
2259 5156 2360 5194 non
2388 5140 2624 5210 rapinam
2649 5140 2920 5195 arbitratus
2946 5153 3143 5197 estesse
3165 5144 3373 5210 (aqualis
3403 5143 3533 5199 Deo.

1955 5239 2160 5318 Rapina
2201 5252 2304 5291 non
2334 5244 2485 5300 erat,
2533 5234 2652 5306 quia
2699 5243 2885 5289 natura
2915 5245 3048 5290 erat.
3083 5237 3282 5307 Rapina
3315 5253 3536 5308 usurpa—

1954 5339 2070 5400 tur,
2103 5338 2288 5386 natura
2317 5327 2676 5401 cognoscitur.
2705 5325 2772 5381 In
2803 5331 2967 5399 forma
3011 5327 3110 5383 Dei
3151 5345 3252 5383 non
3302 5333 3532 5401 rapinam

1955 5428 2228 5484 arbitratus
2255 5434 2327 5479 est
2351 5439 2455 5479 esse
2478 5421 2688 5492 aqualis
2715 5419 2841 5475 Deo.
2873 5420 2961 5478 Sic
2990 5429 3072 5478 est
3097 5427 3250 5477 natus
3268 5464 3284 5489 ,
3317 5431 3371 5480 et
3389 5439 3532 5481 sem-

2015 5543 2032 5576 ι
2057 5538 2358 5599 Sirmondus,
2383 5533 2616 5598 Nescitis;
2636 5533 2982 5586 dissidentibus
3016 5535 3242 5586 omnibus
3272 5539 3535 5588 manuscri-

1949 5617 2157 5719 puis.tioc
2173 5665 2282 5733 loco
2317 5661 2443 5733 apud
2464 5661 2653 5733 Flonun
2680 5659 2870 5712 additur
2886 5697 2901 5726 ,
2924 5658 3260 5733 Hiereticiiqui
3282 5660 3536 5733 Dominum

1948 5741 2113 5786 Jesttm
2135 5727 2229 5781 nisi
2251 5721 2488 5778 liottiittem
2518 5721 2707 5776 cumino
2727 5736 2819 5786 non
2852 5721 3110 5786 noverunt,
3136 5721 3536 5786 Homtmcionislat

1952 5784 2196 5845 dicuntur.
2227 5788 2325 5847 Isti,
2357 5789 2582 5851 inquam,
2605 5785 2821 5851 haeretici
2844 5784 3244 5851 Homuncimistw
3274 5787 3528 5840 dicuntur.

1951 5856 2066 5922 quia
2087 5851 2326 5922 ('hristum
2343 5847 2787 5922 nonnisi
2808 5849 3010 5899 credunt
3023 5865 3049 5922 ί
3069 5863 3179 5916 quas
3197 5850 3348 5900 verba
3360 5851 3534 5901 absunt

1955 5912 2018 5972 an
2040 5917 2261 5968 euntibus
2284 5913 2644 5976 exemplaribus
2660 5912 2804 5977 hujus
2823 5912 3081 5963 sermonis.
