4070 6330
570 362 707 424 “5!

568 495 669 552 per
709 489 896 548 natus;
928 488 983 536 et
1028 489 1183 537 natus
1208 521 1224 547 ,
1251 487 1304 536 et
1367 493 1584 550 semper
1637 487 1792 535 natus
1815 518 1830 546 ,
1857 488 1915 536 et
1936 480 2054 535 s'ne
2073 478 2156 535 in-

567 575 663 630 itio
683 582 857 630 natus.
881 572 960 629 Tu
981 573 1108 644 quid
1133 573 1286 638 dicis,
1308 572 1540 628 Ariane?
1572 570 1704 626 Erat
1731 580 1961 641 tempus,
1989 586 2160 642 quan-

565 667 638 722 do
665 683 770 722 non
814 677 928 723 erat
958 667 1144 722 Filius.
1176 667 1338 723 Vides
1365 666 1486 737 quia
1526 664 1764 720 nondum
1795 664 1889 721 tibi
1919 663 2160 720 ascendit

565 758 632 814 ad
659 759 907 814 Patrem?
935 760 1051 816 Noli
1105 770 1351 831 tangere,
1403 759 1510 813 noli
1536 759 1615 814 sic
1661 757 1904 814 credere.
1936 757 2053 812 Non
2077 766 2160 812 est

566 861 774 924 tempus
801 855 939 909 inter
966 854 1178 909 Patrem
1207 865 1260 908 et
1309 852 1522 908 Filium.
1555 851 1756 908 Genuit
1779 851 1970 914 Pater.
2002 859 2158 906 natus

562 955 640 999 est
686 945 850 1000 Filius
882 964 896 1002 :
925 946 1042 1000 sine
1089 954 1329 1015 tempore
1377 945 1466 1000 ille
1492 945 1710 1016 genuit,
1765 944 1881 998 sine
1917 951 2158 1012 tempore

564 1046 718 1092 natus
748 1046 830 1092 est
850 1079 863 1100 ,
893 1053 989 1108 per
1015 1053 1171 1108 quem
1205 1036 1338 1091 facta
1379 1045 1503 1091 sunt
1535 1045 1794 1106 tempora.
1839 1035 1929 1090 Sic
1956 1042 2114 1105 tange
2137 1075 2152 1100 ,

559 1139 613 1184 et
640 1130 881 1185 ascendit
917 1131 1010 1184 tibi
1041 1131 1108 1184 ad
1135 1130 1369 1184 Patrem.
1407 1128 1671 1195 Verbum,
1713 1126 1808 1184 sed
1829 1135 2156 1182 coaeternum

565 1222 672 1275 Deo
724 1239 736 1272 :
779 1219 1048 1290 Sapientia
1097 1222 1221 1288 Dei,
1251 1221 1343 1276 sed
1389 1221 1506 1276 sine
1548 1235 1650 1291 qua
1684 1234 1952 1290 nunquam
1998 1219 2156 1274 Pater

561 1314 677 1369 fuit.
705 1315 1053 1386 Respondere
1079 1315 1172 1370 tibi
1212 1315 1375 1370 habet
1399 1330 1525 1370 caro
1553 1323 1666 1380 tua,
1700 1322 1756 1370 et
1787 1312 2154 1369 confabulatu-

557 1422 614 1460 ra
649 1417 853 1471 tecum,
885 1407 1091 1462 dictura
1128 1407 1221 1462 tibi
1250 1408 1302 1461 in
1346 1406 1580 1463 tenebris
1613 1422 1626 1458 :
1675 1405 1954 1473 Quomodo
1993 1414 2149 1461 natus

558 1500 603 1554 is
631 1500 763 1556 fuit?
801 1500 1061 1556 Tenebrae
1092 1509 1266 1556 tecum
1303 1502 1610 1571 loquuntur.
1639 1500 1955 1570 Exponatur
1979 1500 2108 1554 mihi
2132 1542 2146 1563 ,

555 1591 756 1646 clamas
787 1608 800 1646 :
833 1592 1038 1659 clamo,
1071 1601 1366 1663 exponatur
1391 1591 1541 1646 mihi.
1572 1591 1711 1660 Quid
1747 1591 1838 1647 tibi
1866 1592 1946 1646 vis
1983 1606 2151 1661 expo-

557 1687 756 1740 natur?
781 1686 946 1741 Natus
967 1694 1082 1752 est,
1115 1701 1181 1740 an
1211 1702 1314 1740 non
1337 1686 1532 1740 natus?
1559 1685 1674 1740 Non
1706 1686 1851 1740 enim
1891 1693 2036 1740 esset
2065 1684 2152 1739 Fi-

556 1775 688 1843 lius,
712 1777 812 1831 nisi
857 1787 1030 1832 natus.
1060 1776 1116 1832 Si
1140 1792 1269 1847 ergo
1298 1785 1453 1830 natus
1473 1785 1582 1840 est,
1609 1775 1707 1830 fuit
1735 1783 1942 1846 tempus
1973 1791 2145 1846 quan-

553 1867 623 1922 do
649 1883 752 1923 non
775 1879 907 1924 erat.
933 1869 1144 1924 Falsum
1167 1877 1248 1924 est
1276 1868 1379 1924 hoc
1410 1887 1422 1922 :
1453 1876 1596 1924 terra
1625 1868 1886 1939 loqueris,
1910 1868 1978 1924 de
2008 1877 2149 1923 terra

554 1961 807 2030 loqueris.
839 1962 1058 2032 Expone
1082 1977 1210 2032 ergo
1248 1961 1406 2026 mihi,
1441 1962 1547 2027 ait,
1572 1961 1844 2031 quomodo
1887 1972 2074 2027 natus,
2104 1961 2146 2016 si

551 2066 764 2122 semper
812 2052 930 2108 fuit.
960 2053 1074 2108 Non
1099 2069 1330 2123 expono,
1362 2069 1464 2108 non
1492 2068 1732 2121 expono;
1759 2068 1862 2107 non
1906 2068 2144 2122 possum.

551 2143 665 2197 Non
705 2159 915 2214 expono
943 2161 957 2197 :
985 2145 1077 2199 sed
1106 2160 1199 2214 pro
1230 2160 1316 2199 me
1345 2144 1658 2216 prophetam
1690 2159 1936 2214 oppono,
1983 2143 2147 2199 Gene-

550 2236 797 2290 rationem
835 2237 945 2304 eius
974 2237 1085 2308 quis
1111 2237 1363 2291 enarrabit
1419 2236 1572 2307 (lsai.
1617 2251 1705 2290 Llll
1728 2277 1745 2303 ,
1776 2235 1874 2305 8)?

1029 2329 1260 2385 SERMO
1297 2329 1525 2385 CCXLV
1570 2329 1668 2400 (a).

978 2428 1028 2470 In
1051 2421 1226 2471 diebus
1261 2420 1582 2481 Paschalibus,
1613 2434 1711 2471 xvi.

548 2503 628 2560 De
681 2505 856 2560 eadem
901 2504 1111 2561 lectione
1171 2504 1478 2573 Evangelii,
1547 2502 1808 2572 Joannis,
1861 2519 1978 2575 cap.
2028 2519 2141 2572 xx,

1231 2597 1489 2667 7.1-18.

617 2711 843 2769 CAPUT
882 2711 1168 2768 PRIMUM.
1198 2741 1271 2752 —-
1295 2713 1349 2766 1.
1382 2711 1637 2767 Christum
1664 2711 1998 2766 resurremisse
2039 2727 2143 2765 non

546 2804 815 2860 credebant
827 2803 1079 2873 Apostoli.
1098 2803 1165 2857 Et
1176 2802 1334 2857 hodie
1349 2803 1675 2858 resurrectio
1691 2801 1901 2856 Domini
1918 2801 2144 2857 recitata

545 2904 630 2951 est
648 2894 716 2950 de
729 2903 914 2949 sancto
930 2894 1236 2964 Evangelio.
1259 2893 1478 2948 Lectum
1494 2901 1579 2950 est
1595 2901 1772 2948 autem
1801 2892 2142 2962 Evangelium

549 2985 837 3042 secundum
855 2984 1136 3040 Joannem.
1161 2984 1473 3040 Audivimus
1483 3000 1602 3056 quae
1614 2985 1666 3039 in
1683 2984 1804 3038 aliis
1818 2983 1965 3039 libris
1977 2984 2146 3039 Evan-

549 3077 670 3146 gelii
691 3091 798 3130 non
827 3075 1185 3131 audieramus.
1219 3075 1478 3131 Omnibus
1501 3075 1715 3144 quidem
1740 3077 2039 3130 communis
2062 3085 2145 3131 est

546 3167 854 3238 praedicatio
880 3169 1116 3223 veritatis
1139 3210 1156 3236 ,
1191 3179 1246 3223 et
1269 3168 1339 3224 de
1361 3183 1466 3223 uno
1481 3167 1628 3224 fonte
1653 3183 1839 3224 omnes
1860 3168 2139 3226 biberunt:

546 3259 643 3316 sed
690 3261 740 3314 in
774 3260 1151 3330 praedicatione
1179 3260 1482 3332 Evangelii,
1506 3262 1644 3317 sicut
1671 3277 1814 3332 saepe
1840 3265 2144 3320 commonui

547 3349 871 3407 Charitatem
890 3361 1141 3417 vestram,
1161 3353 1261 3407 alia
1279 3368 1490 3420 omnes,
1508 3353 1610 3408 alia
1629 3363 1758 3420 tres,
1778 3355 1879 3408 alia
1893 3355 2021 3423 duo,
2040 3357 2142 3412 alia

549 3443 738 3513 singuli
763 3452 1078 3514 posuerunt.
1105 3444 1260 3500 Modo
1293 3459 1422 3516 ergo
1443 3444 1584 3516 quod
1623 3445 1924 3501 audivimus
1950 3461 2145 3503 secun-

549 3535 676 3590 dum
701 3536 922 3592 Joannis
944 3538 1310 3609 Evangelium,
1340 3539 1460 3609 quia
1481 3539 1642 3594 Maria
1669 3539 1801 3594 vidit
1822 3540 2104 3597 Dominum
2122 3583 2139 3608 ,

549 3636 600 3683 et
631 3627 766 3683 dixit
805 3629 870 3684 ad
899 3644 1015 3684 eam
1049 3630 1341 3697 Dominus,
1373 3629 1502 3685 Noli
1538 3647 1618 3685 me
1645 3640 1882 3703 tangere;
1919 3633 2144 3688 nondum

548 3720 680 3775 enim
727 3722 928 3775 escendi
971 3721 1040 3774 ad
1082 3719 1290 3776 Patrem
1313 3762 1329 3789 ,
1370 3722 1517 3777 solus
1557 3723 1881 3794 evangelista
1909 3723 2143 3782 Joannes

547 3821 952 3868 commemorat.
995 3811 1129 3868 Hinc
1171 3828 1300 3884 ergo
1350 3813 1674 3884 loquendum
1736 3823 1819 3870 est
1864 3814 2142 3871 Sanctitati

548 3914 760 3959 vestrae.
795 3903 934 3958 Visis
961 3905 1122 3959 etiam
1150 3904 1548 3960 linteaminibus
1569 3905 1621 3959 in
1649 3906 1918 3975 sepulcro,
1952 3907 2138 3962 Domi-

550 4012 674 4051 num
708 4012 810 4050 non
837 3996 1200 4051 resurrexisse
1225 3995 1586 4062 crediderant,
1607 3995 1701 4051 sed
1729 3996 1962 4051 ablatum
1993 4011 2136 4053 esse.

549 4102 668 4156 .pse
693 4087 926 4142 Joannes
951 4085 1045 4159 (se
1069 4087 1240 4156 ipsum
1261 4087 1403 4142 enim
1432 4086 1591 4155 dicit,
1618 4104 1765 4158 quem
1795 4088 2030 4159 diligebat
2049 4087 2140 4144 Je-

549 4182 670 4249 sus)
701 4193 822 4233 cum
851 4177 1094 4234 audisset
1121 4178 1488 4232 nuntiantibus
1509 4177 1818 4233 mulieribus
1840 4187 1894 4233 et
1911 4178 2139 4234 dicenti-

547 4269 649 4325 bus
670 4312 684 4328 .
715 4267 963 4322 Tulerunt
990 4267 1264 4323 Dominum
1292 4285 1460 4323 meum
1478 4270 1541 4323 de
1559 4279 1878 4324 monumento
1897 4313 1912 4337 ,
1943 4286 2137 4326 cucur-

547 4362 618 4418 rit
645 4377 764 4416 cum
793 4361 972 4427 Petro,
997 4370 1050 4417 et
1074 4362 1300 4418 attendit
1320 4363 1375 4418 in
1397 4371 1824 4432 monumentum,
1853 4365 1988 4420 vidit
2023 4367 2137 4422 sola

549 4454 856 4510 linteamina
881 4496 897 4520 ,
927 4463 982 4510 et
1003 4454 1248 4510 credidit.
1279 4453 1418 4521 Quid
1457 4453 1722 4510 credidit?
1755 4454 1872 4510 Non
1896 4457 2018 4527 quia
2046 4471 2135 4512 re-

547 4555 872 4612 surrexerat,
903 4547 998 4602 sed
1025 4547 1149 4618 quia
1177 4547 1244 4602 de
1269 4556 1615 4603 monumento
1636 4548 1884 4618 perierat.
1913 4549 2025 4604 Hoc
2049 4563 2138 4606 se-

545 4641 761 4713 quentia
789 4640 950 4696 verba
979 4647 1259 4695 testantur.
1291 4639 1380 4696 Sic
1405 4641 1545 4696 enim
1576 4639 1829 4708 scriptum
1850 4648 1966 4704 est,
1992 4641 2136 4711 quod

546 4733 704 4789 modo
730 4731 1032 4787 audivimus
1059 4751 1072 4787 :
1110 4731 1349 4798 Attendit,
1384 4731 1532 4798 vidit,
1557 4741 1604 4785 et
1635 4731 1847 4785 credidit
1873 4732 2135 4787 :nondum

545 4826 677 4880 enim
710 4823 895 4879 sciebat
925 4823 1222 4892 Scripturas
1242 4865 1256 4888 ,
1289 4823 1406 4892 quia
1427 4822 1684 4893 Oportebat
1712 4837 1826 4875 eum
1872 4837 1903 4874 a
1925 4824 2135 4878 mortuis

544 4933 823 4989 resurgere.
849 4917 1109 4987 Apparuit
1132 4931 1258 4986 ergo
1281 4915 1405 4985 quid
1427 4915 1654 4970 credidit
1682 4933 1694 4968 :
1723 4915 1865 4985 quod
1887 4915 2004 4971 ﬁdei
2027 4931 2132 4972 non

543 5017 690 5074 erat,
720 5008 823 5064 hoc
848 5007 1112 5064 credidit:
1142 5006 1387 5072 credidit,
1417 5005 1510 5060 sed
1541 5004 1729 5060 falsum
1755 5005 1996 5061 credidit.
2019 5007 2132 5077 Ap-

544 5102 722 5173 paruit
764 5101 814 5158 ei
856 5109 1042 5172 postea
1081 5099 1372 5166 Dominus,
1408 5097 1609 5169 fugavit
1644 5097 1873 5166 falsum,
1911 5098 2134 5154 inseruit

544 5211 751 5251 verum.
1281 5258 1285 5262 ν
1447 5217 1452 5220 ·

615 5285 842 5344 CAPUT
870 5285 937 5341 11.
959 5315 1031 5328 —-
1051 5285 1107 5340 ἓ.
1139 5283 1422 5356 Diﬂicultas
1443 5284 1496 5338 in
1518 5282 1705 5340 Christi
1725 5283 1882 5339 verbis
1901 5284 1968 5337 ad
1984 5282 2134 5356 Mag-

545 5378 802 5434 dalenam.
832 5377 1031 5434 Tamen
1059 5377 1187 5432 illud
1217 5377 1356 5448 quod
1387 5377 1525 5432 solet
1547 5391 1762 5432 movere
1798 5376 2052 5431 lectorem
2079 5385 2133 5433 et

545 5473 844 5529 auditorem
873 5488 980 5527 non
1017 5471 1342 5526 incuriosum
1370 5485 1546 5540 neque
1574 5469 1926 5539 negligentem
1947 5509 1962 5534 ,
1990 5484 2129 5540 quo-

547 5565 709 5624 modo
752 5566 824 5621 slt
883 5565 1118 5632 dictum,
1157 5562 1281 5618 Noli
1357 5580 1436 5618 me
1460 5571 1698 5635 tangere;
1733 5563 1955 5616 nondum
1997 5563 2131 5617 enim

611 5682 797 5748 {Hujus
817 5681 1057 5748 sermonis
1077 5680 1306 5742 scriptum
1331 5677 1581 5748 exemplar
1599 5675 1786 5748 nullum
1802 5673 2021 5748 vidimus.
2039 5682 2130 5748 ει-

548 5743 731 5796 stabat'
766 5747 815 5794 in
873 5745 1019 5793 editis
1081 5750 1180 5791 Am.
1237 5749 1310 5790 Er.
1350 5748 1450 5790 Par.
1496 5746 1605 5790 ων.
1653 5746 1706 5791 et
1763 5743 1813 5789 in
1854 5743 2129 5801 Appendice

548 5815 759 5872 Operam
768 5871 771 5872 ν
781 5805 1013 5872 ἢιιεθυιϋ
1021 5841 1032 5854 .

611 5870 686 5931 (a)
708 5869 851 5931 Alias,
865 5865 938 5919 de
963 5876 1201 5930 Tempore
1227 5865 1330 5916 155.

1793 361 1872 416 ,8.
1911 357 2278 415 AUGUSTINI
2321 357 2626 417 EPISCOPI

3710 383 3846 443 1158

2227 471 2242 487 “
2265 481 2472 538 ascendi
2489 483 2559 538 ad
2578 483 2790 542 Patrem
2805 505 2826 554 ;
2853 487 2939 545 hic
2965 489 3240 550 videamus
3257 537 3272 562 ,
3305 495 3539 555 Domino
3563 498 3680 570 ipse
3709 502 3856 574 adju-

2267 582 2450 642 vante,
2477 575 2603 646 quid
2627 576 2826 634 dictum
2879 582 2968 636 sit.
3024 583 3202 641 Movet
3247 588 3392 644 enim
3441 589 3563 656 hoc,
3584 593 3714 664 quid
3741 605 3850 663 est,

2267 665 2397 722 Noli
2445 685 2526 724 me
2601 679 2853 744 tangere;
2903 675 3130 731 nondum
3185 679 3323 734 enim
3369 685 3575 738 escendi
3635 687 3706 739 ad
3752 685 3854 740 Pa-

2265 769 2409 816 trem.
2468 762 2694 831 Quando
2760 767 2902 823 enim
2958 771 3200 828 ascendit
3249 774 3316 830 ad
3370 775 3580 834 Patrem
3633 780 3658 835 ?
3709 781 3855 839 Sicut

2264 853 2501 910 indicant
2541 857 2708 912 Actus
2748 859 3128 930 Apostolorum
3151 905 3166 929 ,
3197 866 3608 938 quadragesimo
3629 872 3718 927 die
3739 885 3856 942 post

2263 950 2709 1007 resurrectionem
2736 968 2918 1022 suam,
2948 972 3108 1027 quem
3150 958 3298 1015 diem
3344 961 3397 1016 in
3426 964 3646 1021 nomine
3693 967 3855 1036 ipsius

2261 1040 2581 1100 celebraturi
2615 1059 2800 1102 sumus
2829 1065 2844 1102 :
2878 1056 3003 1106 tunc
3057 1052 3298 1108 ascendit
3323 1054 3391 1110 ad
3437 1055 3690 1123 Patrem;
3732 1068 3854 1116 tunc

2261 1146 2384 1187 eum
2434 1133 2680 1206 discipuli
2728 1138 2817 1209 qui
2865 1141 3110 1197 manibus
3161 1145 3486 1216 tetigerunt,
3529 1151 3701 1205 oculis
3758 1151 3852 1208 de-

2261 1223 2544 1282 duxerunt.
2591 1229 2740 1285 Tunc
2788 1233 2967 1288 sonuit
3007 1235 3248 1304 angelica
3282 1251 3384 1293 vox
3419 1258 3433 1295 :
3472 1238 3583 1294 Viri
3614 1241 3848 1309 Galilei,

2258 1316 2382 1386 quid
2408 1320 2570 1386 statis,
2600 1320 2848 1377 intuentes
2870 1325 2924 1378 in
2945 1327 3125 1381 caelum
3143 1329 3168 1382 ?
3189 1327 3290 1384 Hic
3316 1328 3354 1383 Ι
3357 1347 3470 1385 esus
3513 1335 3603 1403 qui
3651 1352 3850 1390 assum-

2259 1417 2376 1478 ptus
2400 1420 2473 1464 est
2497 1428 2529 1464 a
2553 1412 2718 1481 vobis,
2747 1415 2819 1469 sic
2843 1417 3003 1470 veniet
3030 1421 3282 1488 quomodo
3297 1437 3409 1476 eum
3434 1423 3634 1481 vidistis
3654 1436 3851 1481 euntem

2257 1501 2309 1553 in
2335 1502 2514 1556 caelum
2553 1501 2687 1576 (Act.
2715 1522 2754 1573 ι,
2779 1508 2955 1580 1-11).
2980 1508 3036 1564 Si
3065 1526 3193 1582 ergo
3223 1521 3349 1570 tunc
3377 1517 3622 1572 ascendit
3649 1519 3716 1574 ad
3748 1520 3850 1576 Pa-

2258 1601 2392 1648 trem
2419 1635 2435 1661 ,
2465 1596 2591 1666 quid
2620 1597 2846 1656 dicimus
2866 1642 2881 1666 ,
2917 1600 3110 1658 fratres
3144 1605 3287 1660 mei?
3308 1607 3473 1662 Maria
3507 1625 3612 1665 non
3644 1623 3852 1683 poterat

2256 1700 2379 1741 eum
2420 1697 2637 1758 tangere
2666 1692 2718 1746 in
2751 1701 2892 1748 terra
2928 1702 3157 1752 stantem
3181 1740 3196 1762 ,
3233 1707 3289 1756 et
3317 1709 3524 1770 poterat
3553 1712 3771 1776 tangere
3797 1708 3852 1762 in

2254 1777 2392 1834 coelo
2435 1780 2749 1836 sedentem?
2773 1783 2829 1838 Si
2862 1784 2950 1840 hic
2988 1803 3094 1843 non
3131 1798 3378 1859 poterat,
3427 1803 3627 1864 quanto
3669 1798 3850 1854 minus

2256 1879 2464 1938 poterat
2491 1871 2601 1927 ibi?
2630 1873 2766 1942 Quid
2791 1885 2874 1932 est
2897 1893 3048 1949 ergo,
3081 1879 3212 1936 Noli
3231 1899 3311 1937 me
3329 1893 3566 1956 tangere;
3590 1905 3691 1943 non
3719 1890 3850 1943 enim

2253 1963 2459 2017 escendi
2486 1965 2554 2018 ad
2574 1965 2782 2022 Patrem
2801 1970 2827 2024 7
2863 1969 2953 2026 Sic
2985 1972 3127 2028 enim
3154 1985 3350 2031 sonant
3373 1979 3565 2045 verba,
3595 1989 3848 2052 tanquam

2252 2053 2476 2120 diceret,
2511 2057 2660 2114 Tunc
2700 2075 2786 2116 me
2812 2069 2972 2133 tange
2997 2105 3013 2130 ,
3041 2079 3162 2120 cum
3203 2067 3532 2136 ascendero;
3560 2081 3849 2143 antequam

2251 2147 2556 2214 ascendam,
2589 2150 2697 2205 noli
2723 2167 2808 2207 me
2835 2162 3075 2226 tangere.
3103 2155 3149 2212 Ο
3175 2157 3420 2226 Domine,
3445 2160 3529 2216 hic
3551 2178 3634 2230 es,
3665 2175 3720 2219 ct
3742 2182 3844 2220 non

2251 2248 2440 2312 tango;
2472 2257 2595 2298 cum
2619 2245 2941 2316 ascenderis,
2984 2251 3232 2320 tangam?
3259 2251 3461 2309 Deinde
3490 2255 3533 2309 si
3557 2267 3846 2328 antequam

2251 2333 2318 2388 ad
2361 2333 2576 2391 Patrem
2607 2339 2958 2405 ascenderet,
3006 2351 3203 2397 tactum
3242 2343 3495 2400 horrebat
3521 2345 3844 2414 humanum;

2249 2425 2519 2496 quomodo
2537 2441 2597 2483 se
2620 2428 2896 2500 discipulis
2913 2448 3021 2512 non
3041 2433 3214 2488 solum
3233 2436 3543 2506 videndum,
3565 2439 3662 2495 sed
3684 2442 3847 2496 etiam

2249 2520 2686 2576 contrectandum
2706 2523 2932 2592 praebuit
2956 2565 2970 2591 ,
3001 2527 3215 2596 quando
3240 2527 3378 2584 dixit
3409 2547 3422 2584 :
3455 2531 3593 2598 Quid
3613 2535 3849 2605 cogitatis

2247 2610 2301 2664 in
2329 2613 2560 2668 cordibus
2585 2616 2804 2670 vestris?
2842 2615 3017 2672 Videte
3040 2635 3222 2675 manus
3248 2639 3386 2677 meas
3409 2632 3456 2678 et
3481 2626 3634 2692 pedes
3655 2643 3794 2684 meos
3825 2645 3844 2682 :

2249 2705 2473 2774 palpate,
2503 2715 2550 2760 et
2577 2707 2736 2761 videte
2759 2750 2772 2773 ,
2803 2710 2921 2780 quia
2943 2711 3153 2781 spiritus
3178 2730 3383 2768 carnem
3408 2725 3453 2768 et
3479 2733 3595 2770 ossa
3624 2735 3726 2771 non
3758 2719 3848 2772 ha-

2249 2796 2347 2863 bet,
2369 2797 2498 2852 sicut
2525 2815 2602 2853 me
2622 2799 2799 2854 videtis
2828 2802 3009 2856 habere
3034 2801 3186 2876 (Luc.
3216 2821 3364 2874 xxiv,
3394 2807 3631 2877 58-59)?
3664 2809 3845 2865 lucre-

2247 2887 2403 2944 dulus
2430 2889 2588 2944 etiam
2619 2889 2707 2946 ille
2752 2891 3044 2962 discipulus
3071 2893 3306 2950 Thomas
3347 2898 3517 2969 tetigit
3551 2899 3690 2953 latus
3720 2917 3845 2970 pcr-

2247 2977 2496 3048 foratum,
2523 2988 2578 3037 et
2606 2982 2924 3038 exclamavit
2954 3003 2967 3039 :
3001 2984 3251 3040 Dominus
3276 3004 3415 3042 meus
3439 2998 3488 3043 et
3515 2988 3656 3044 Deus
3682 2993 3847 3046 meus!
3903 3057 3909 3062 ,

2247 3070 2472 3138 Quando
2493 3073 2702 3144 tetigit,
2729 3074 2966 3130 nondum
2987 3077 3306 3132 ascenderat
3333 3078 3491 3135 Jesus
3515 3079 3582 3135 ad
3605 3080 3843 3136 Patrem.

2246 3163 2330 3218 An
2359 3162 2494 3219 forte
2522 3165 2717 3235 aliquis
2745 3166 3001 3236 insipiens
3031 3167 3229 3224 dixerit
3263 3188 3278 3224 :
3318 3171 3616 3241 Antequam
3646 3173 3713 3226 ad
3743 3174 3845 3228 Pa-

2248 3265 2384 3312 trem
2413 3257 2745 3326 asoenderet,
2775 3260 2872 3314 viri
2902 3275 3023 3314 eum
3053 3271 3304 3331 poterant
3324 3272 3564 3334 tangere;
3592 3265 3846 3321 mulieres

2247 3359 2421 3406 autem
2449 3367 2554 3406 non
2585 3362 2852 3423 poterant,
2879 3354 2980 3409 nisi
3011 3369 3133 3409 cum
3156 3355 3220 3409 ad
3250 3356 3463 3410 Patrem
3493 3358 3845 3415 ascenderet?

2246 3441 2492 3498 Absurda
2539 3452 2623 3499 est
2666 3445 2764 3498 ista
2811 3446 3061 3516 cogitatio
3087 3487 3104 3513 ,
3153 3455 3207 3504 et
3247 3463 3498 3518 perversa
3552 3449 3842 3506 sententia.

2247 3535 2471 3591 Prorsus
2516 3537 2658 3608 quod
2697 3537 2899 3593 audivit
2949 3539 3148 3604 Maria,
3199 3541 3383 3596 audiat
3428 3542 3689 3598 Ecclesia.
3732 3543 3844 3601 Hoc

2246 3641 2435 3682 omnes
2449 3628 2684 3694 audiant,
2707 3645 2894 3684 omnes
2917 3630 3235 3702 intelligant,
3250 3647 3438 3690 omnes
3458 3633 3671 3688 faciant.
3704 3634 3842 3704 Quid

2245 3733 2374 3789 ergo
2400 3727 2512 3785 est,
2548 3718 2672 3774 Noli
2701 3737 2782 3775 me
2819 3731 3056 3793 tangere;
3085 3723 3307 3777 nondum
3349 3725 3483 3778 enim
3523 3727 3731 3779 escendi
3774 3727 3843 3779 ad

2247 3808 2494 3866 Patrem?
2518 3811 2668 3881 Quod
2692 3829 2778 3868 me
2805 3814 2981 3880 vides,
3013 3813 3284 3871 hominem
3317 3818 3489 3872 solum
3517 3825 3707 3888 putas,
3739 3818 3843 3872 Pa-

2247 3903 2312 3957 tri
2339 3903 2598 3973 :rqualem
2639 3920 2761 3960 esse
2789 3904 2964 3961 adhuc
2988 3907 3164 3962 nescis
3196 3924 3212 3961 :
3239 3907 3352 3962 noli
3388 3924 3474 3964 me
3505 3918 3725 3980 tangere
3761 3921 3842 3964 ta-

2245 3994 2348 4050 lem
2377 4037 2393 4063 ,
2436 3996 2541 4051 noli
2579 3997 2631 4051 in
2659 3996 2930 4054 hominem
2958 3999 3132 4054 solum
3173 4000 3395 4055 credere
3418 4042 3432 4066 ,
3465 4001 3560 4057 sed
3604 4001 3839 4058 Verbum

2245 4086 2448 4156 aequale
2472 4087 2702 4158 genitori
2745 4089 3002 4159 intellige.
3025 4089 3161 4158 Quid
3178 4106 3306 4160 ergo
3328 4099 3449 4157 est,
3481 4091 3607 4146 Noli
3625 4111 3705 4148 me
3724 4103 3840 4147 tan-

2244 4180 2400 4252 gere?
2423 4178 2539 4233 Noli
2567 4179 2810 4235 credere.
2850 4181 2987 4248 Quid
3028 4183 3136 4236 noli
3170 4183 3430 4240 credere?
3454 4185 3589 4254 Quia
3621 4185 3726 4242 hoc
3756 4204 3844 4242 so-

2248 4271 2357 4324 lum
2401 4285 2518 4326 sum
2546 4271 2688 4342 quod
2723 4272 2893 4329 vides.
2924 4275 3227 4331 Ascendam
3261 4277 3326 4331 ad
3358 4277 3600 4343 Patrem,
3636 4289 3691 4335 et
3720 4291 3844 4335 tunc

2244 4369 2420 4433 tange.
2458 4362 2575 4417 Tibi
2611 4365 2865 4430 ascendo,
2918 4366 3132 4436 quando
3182 4367 3510 4424 intellexeris
3553 4371 3840 4441 aequalem.

2242 4454 2466 4522 Quando
2503 4456 2646 4512 enim
2678 4472 2764 4512 me
2799 4465 2953 4528 putas
2997 4459 3258 4516 minorem
3284 4504 3298 4526 ,
3329 4462 3564 4517 nondum
3604 4465 3842 4520 ascendo

2242 4546 2356 4602 tibi.

2315 4638 2541 4696 CAPUT
2568 4638 2653 4694 111.
2677 4669 2746 4680 —
2767 4640 2820 4695 5.
2848 4640 2974 4696 Noli
2999 4651 3219 4714 tangere,
3239 4643 3294 4697 id
3313 4653 3419 4711 est,
3440 4646 3546 4700 noli
3575 4646 3837 4701 hominem

2241 4740 2435 4787 tantum
2465 4734 2686 4789 credere.
2719 4734 2961 4806 Tangere
2990 4745 3169 4792 autem
3193 4777 3208 4801 ,
3250 4737 3472 4791 credere
3503 4752 3621 4793 esse
3647 4779 3663 4804 ,
3710 4751 3840 4809 puto

2239 4824 2362 4896 quia
2384 4823 2539 4880 facile
2563 4840 2848 4895 possumus
2878 4827 3175 4896 intelligere
3201 4826 3269 4882 de
3300 4828 3386 4882 illa
3427 4829 3686 4894 muliere,
3719 4847 3842 4900 qua:

2241 4917 2412 4988 tetigit
2437 4917 2702 4975 fimbriam
2725 4921 3036 4975 vestimenti
3062 4917 3280 4986 Christi,
3305 4929 3356 4977 ct
3383 4922 3526 4976 salva
3555 4921 3694 4977 facta
3734 4933 3838 4977 est.

2240 5010 2613 5066 Recordamini
2664 5011 3009 5083 Evangelium
3050 5030 3062 5066 :
3108 5013 3363 5067 Dominus
3395 5011 3552 5068 Jesus
3588 5013 3841 5070 Christus

2239 5104 2349 5159 ibat
2377 5104 2443 5160 ad
2469 5104 2784 5160 visitandam
2829 5104 3236 5178 archisynagogi
3275 5105 3440 5160 ﬁliam
3462 5149 3477 5173 ,
3508 5123 3628 5178 quae
3658 5110 3840 5178 primo

2238 5197 2479 5252 nuntiata
2523 5197 2620 5252 fuit
2651 5190 2856 5252 intirma
2878 5239 2893 5264 ,
2929 5206 3112 5266 postea
3143 5206 3373 5253 mortua.
3407 5197 3502 5254 lllo
3536 5209 3799 5269 pergente
3821 5243 3838 5268 ,

2237 5305 2363 5346 ecce
2393 5289 2585 5344 mulier
2611 5288 2678 5343 de
2707 5297 3012 5343 transverso
3036 5289 3201 5356 venit,
3233 5305 3352 5359 quae
3381 5289 3526 5345 ﬂtixu
3556 5291 3841 5361 sanguinis

2237 5383 2513 5441 laborabat
2547 5397 2643 5452 per
2664 5381 2942 5436 duodecim
2971 5397 3140 5437 annos
3163 5423 3179 5448 ,
3209 5390 3264 5438 et
3301 5382 3353 5437 in
3383 5383 3604 5439 medicis
3632 5382 3840 5439 frustra

2237 5476 2545 5532 curantibus
2569 5482 2751 5530 etnon
2777 5473 3107 5538 sanantibus,
3138 5473 3315 5527 omnia
3346 5488 3442 5529 sua
3475 5488 3838 5544 consumpse-

2237 5578 2322 5627 rat
2353 5587 2366 5623 ε
2397 5568 2635 5639 dixitque
2663 5566 2717 5622 in
2745 5565 2907 5622 corde
2939 5581 3056 5633 suo,
3083 5565 3146 5621 Si
3176 5566 3381 5637 tetigero
3401 5567 3657 5637 ﬁmbriam
3682 5569 3842 5622 vcsti-

2236 5661 2388 5718 menti
2419 5663 2546 5732 ejus,
2577 5660 2715 5716 salva
2743 5675 2826 5714 ero
2853 5657 3079 5730 (Matth.
3111 5673 3168 5712 ιχ
3188 5699 3201 5722 ,
3232 5656 3358 5728 21).
3400 5657 3514 5714 Hoc
3547 5658 3721 5728 ipsum
3748 5660 3840 5713 dio

2236 5772 2381 5821 cere,
2404 5755 2513 5826 jam
2543 5763 2759 5825 tangere
2779 5753 2894 5808 fuit.
2928 5753 3166 5823 Denique
3180 5751 3301 5807 audi
3326 5752 3664 5808 sententiam.
3696 5752 3835 5808 Cum

2239 5851 2384 5909 salva
2405 5849 2541 5906 facta
2564 5855 2708 5906 esset
2733 5843 3024 5904 secundum
3053 5843 3216 5901 ﬁdem
3242 5858 3426 5913 suam,
3451 5844 3526 5900 ait
3558 5844 3832 5900 Dominus
