4070 6330
291 341 444 402 1153

297 463 458 519 Jesus
484 455 726 514 Christus
757 475 770 511 :
798 455 981 528 Tetigit
1014 469 1090 509 me
1117 453 1318 524 aliquis.
1347 439 1414 510 Et
1439 451 1685 525 discipuli
1715 473 1728 510 :
1755 453 1885 509 Tur-

297 557 377 610 ba:
416 562 464 607 te
490 551 824 623 comprimunt
842 592 857 617 ,
885 558 931 603 et
952 549 1077 603 dicis
1101 590 1114 615 ,
1150 549 1273 616 Quis
1303 565 1382 603 me
1414 549 1615 620 tetigit?
1643 549 1710 604 Et
1752 547 1842 605 ille
1870 567 1882 604 :

298 646 487 718 Tetigit
511 661 591 699 me
617 645 836 716 aliquis;
861 661 978 697 nam
1015 660 1106 714 ego
1124 643 1228 698 scio
1258 643 1487 697 virtutem
1513 644 1692 698 exiisse
1721 644 1782 698 de
1809 660 1890 699 me

297 737 457 811 (Luc.
485 754 599 802 vui,
631 734 847 808 41-46).
877 735 1055 792 Gratia
1086 735 1441 806 processit,ut
1470 734 1562 790 illa
1587 745 1882 803 sanaretur,

301 847 410 887 non
444 838 501 885 ut
533 829 622 883 ille
653 828 1006 884 minueretur.
1038 827 1232 883 Dicunt
1259 843 1416 899 ergo,
1449 828 1728 899 discipuli,
1753 829 1885 884 Pre—

294 935 452 982 munt
474 933 526 980 te
553 923 740 989 turbre;
761 932 817 978 et
841 932 895 977 tu
923 938 1086 978 unum
1116 931 1205 976 aut
1225 938 1382 976 unam
1407 922 1660 977 sensisti?
1691 931 1744 976 et
1773 922 1883 988 ille,

299 1018 483 1090 Tetigit
503 1033 582 1071 me
609 1015 792 1087 aliquis
823 1032 842 1068 :
870 1015 942 1070 illi
971 1024 1238 1085 premunt,
1271 1015 1372 1069 ista
1401 1013 1590 1085 tetigit.
1622 1012 1758 1082 Quid
1780 1022 1883 1080 est,

294 1113 374 1166 illi
429 1118 712 1180 premunt,
762 1109 863 1164 ista
907 1109 1114 1180 tetigit?
1145 1108 1313 1164 Judaei
1340 1106 1616 1188 afﬂigunt,
1649 1105 1884 1163 Ecclesia

293 1203 544 1260 credidit.
1768 1189 1776 1224 ί

367 1294 596 1352 CAPUT
639 1293 728 1351 IV.
752 1295 901 1352 —-4.
947 1293 1332 1350 Dominicorum
1371 1293 1636 1348 uerborum
1687 1309 1882 1348 sensus.

293 1389 600 1446 Secundum
630 1389 773 1447 hunc
797 1405 924 1461 ergo
952 1390 1279 1445 intellecmm
1302 1430 1317 1454 ,
1349 1403 1456 1460 quo
1493 1387 1736 1444 videmus
1769 1403 1888 1442 mu-

297 1483 485 1539 lierem
514 1482 748 1552 tetigisse
768 1523 782 1548 ,
816 1481 957 1551 quod
985 1490 1070 1536 est
1094 1479 1420 1548 credidisse,
1452 1479 1742 1535 secundum
1783 1477 1886 1534 hoc

293 1576 496 1632 dictum
523 1585 606 1632 est
632 1576 700 1631 ad
725 1575 941 1630 Mariam
968 1617 984 1644 ,
1014 1573 1140 1629 Noli
1177 1591 1254 1628 me
1295 1584 1498 1646 tangere
1521 1590 1540 1639 ;
1566 1571 1883 1640 ascendam,

291 1680 349 1726 et
390 1679 566 1740 tange.
606 1669 754 1724 Tunc
784 1669 927 1723 enim
966 1678 1122 1737 tange
1143 1709 1160 1734 ,
1190 1669 1402 1739 quando
1431 1668 1750 1740 cognoveris
1774 1709 1790 1733 ,
1818 1665 1887 1722 In

292 1764 549 1837 principio
577 1773 684 1820 erat
719 1763 931 1818 Verbum
950 1806 965 1830 ,
990 1774 1035 1818 et
1071 1761 1289 1818 Verbum
1314 1771 1421 1817 erat
1449 1761 1587 1834 apud
1613 1760 1776 1816 Deum
1794 1801 1809 1827 ,
1837 1769 1886 1816 et

295 1859 437 1914 Dens
465 1868 571 1914 erat
610 1858 825 1912 Verbum
852 1857 1042 1929 (Joan.
1072 1873 1110 1924 ι,
1140 1857 1227 1927 1).
1262 1855 1492 1910 Verbum
1518 1854 1730 1925 quidem
1757 1867 1885 1908 caro

288 1949 490 2006 factum
512 1961 620 2021 est,
650 1950 886 2006 Verbum
916 1949 1414 2014 incontaminatum,
1445 1947 1842 2002 immaculatum
1863 1986 1882 2014 ,

288 2043 622 2099 immutabile
642 2053 842 2108 manet,
861 2052 916 2098 et
938 2042 1223 2112 integrum.
1250 2040 1357 2097 Sed
1382 2041 1503 2112 quia
1527 2049 1582 2096 tu
1611 2040 1881 2096 hominem

286 2135 466 2191 solum
489 2135 659 2197 vides,
690 2133 927 2190 Verbum
953 2149 1060 2189 non
1092 2133 1275 2192 vides;
1310 2132 1436 2187 nolo
1461 2130 1650 2186 credas
1676 2131 1730 2186 in
1759 2146 1881 2185 car-

286 2245 436 2298 nem,
465 2236 522 2283 et
545 2229 815 2299 relinquas
847 2227 1103 2283 Verbum.
1136 2227 1302 2282 Totus
1323 2223 1570 2280 Christus
1591 2225 1686 2280 tibi
1713 2239 1880 2294 appa-

285 2331 436 2389 reat,
465 2322 589 2394 quia
615 2321 838 2393 aequalis
865 2328 950 2378 est
971 2320 1114 2377 Patri
1144 2321 1198 2374 in
1227 2320 1422 2375 Verbo.
1458 2318 1574 2374 Noli
1599 2334 1756 2390 ergo,
1795 2319 1880 2374 in-

285 2417 425 2486 quit,
456 2413 618 2470 modo
641 2423 857 2486 tangere
885 2431 899 2467 :
927 2413 1051 2483 quia
1071 2412 1308 2468 nondum
1335 2411 1483 2468 vides
1506 2411 1598 2482 qui
1627 2412 1750 2467 sim.
1773 2411 1879 2466 Ec-

284 2507 450 2564 clesia
479 2521 631 2576 ergo,
656 2507 808 2576 cujus
834 2504 1056 2576 ﬁguram
1083 2503 1245 2559 Maria
1264 2503 1505 2574 gerebat,
1529 2501 1709 2557 audiat
1734 2500 1878 2572 quod

283 2599 494 2655 audivit
528 2598 708 2654 Maria.
753 2597 1056 2668 Tangamus
1081 2611 1301 2661 omnes,
1331 2595 1376 2650 si
1420 2594 1720 2650 credamus.
1757 2593 1876 2648 Jam

282 2689 528 2747 ascendit
551 2689 619 2746 ad
656 2689 904 2755 Patrem,
933 2686 1087 2744 sedet
1116 2686 1183 2742 ad
1213 2686 1489 2742 dexteram
1512 2683 1704 2738 Patris.
1735 2681 1876 2738 Con-

283 2783 468 2838 litetur
497 2783 600 2837 hoc
625 2781 784 2836 hodie
803 2779 1051 2836 universa
1081 2777 1320 2833 Ecclesia
1351 2794 1363 2828 :
1399 2774 1658 2832 Ascendit
1684 2773 1736 2828 in
1763 2779 1875 2829 ete-

213 2889 216 2892 ’
279 2873 420 2939 )um,
451 2872 601 2928 sedet
622 2871 690 2926 ad
719 2871 994 2926 dexteram
1017 2870 1210 2925 Patris.
1235 2869 1348 2924 Hoc
1375 2868 1598 2923 audiunt
1637 2867 1726 2937 qui
1777 2866 1874 2920 ba-

282 2969 554 3039 ptizantur
571 2985 584 3022 :
603 2967 706 3023 hoc
721 2965 944 3021 credunt
963 2974 1246 3036 antequam
1275 2965 1630 3034 baptizentur.
1652 2961 1876 3030 Quando

282 3078 418 3134 ergo
443 3062 668 3118 credunt
686 3101 701 3123 ,
730 3060 896 3115 Maria
922 3059 1095 3130 tangit
1114 3059 1406 3115 Christum.
1453 3057 1757 3112 Intellectus
1780 3055 1876 3110 ob-

279 3167 497 3222 scurus,
519 3152 610 3208 sed
625 3166 818 3208 sanus:
838 3149 1126 3206 incredulis
1145 3150 1380 3215 clausus,
1416 3148 1520 3203 ﬁde
1543 3146 1772 3218 pulsanti
1792 3155 1877 3202 est

279 3255 523 3317 apertus.
551 3245 668 3316 Ipse
693 3260 821 3316 ergo
850 3244 1108 3300 Dominus
1133 3242 1289 3298 Jesus
1317 3241 1560 3297 Christus
1580 3250 1636 3296 et
1663 3241 1734 3296 ibi
1759 3248 1872 3304 est,

279 3348 344 3395 et
369 3339 646 3395 nobiseum
675 3348 776 3405 est;
809 3347 1008 3393 etcum
1041 3337 1196 3392 Patre
1228 3345 1328 3401 est,
1353 3344 1408 3390 et
1432 3339 1484 3388 in
1508 3334 1661 3389 nobis
1689 3342 1792 3398 est;
1821 3339 1878 3387 et

280 3430 359 3485 ab
402 3430 493 3485 illo
543 3445 649 3485 non
697 3428 932 3497 recedit,
987 3437 1043 3484 et
1075 3442 1174 3482 nos
1219 3443 1324 3484 non
1351 3426 1551 3482 deserit
1582 3442 1595 3478 :
1623 3434 1678 3480 et
1719 3439 1876 3480 orare

279 3523 491 3592 docet,
541 3533 600 3578 ut
648 3523 938 3593 magister;
1007 3530 1062 3576 et
1113 3535 1236 3577 cum
1286 3519 1445 3574 Patre
1493 3516 1762 3599 ‘exaudit,
1818 3523 1877 3570 ut

279 3615 482 3672 Filius.

745 3681 973 3740 SERMO
1007 3680 1282 3739 CCXLVI‘
1302 3680 1403 3752 (a).

697 3803 750 3846 tn
768 3795 945 3847 diebus
964 3793 1265 3844 Paschalibus
1287 3793 1330 3855 ι,
1351 3805 1466 3843 xvn.

284 3901 371 3959 De
397 3901 568 3958 eadem
596 3902 806 3956 lectione
830 3899 1093 3974 Evangelii
1111 3899 1346 3964 Joannis,
1373 3914 1488 3968 cap.
1512 3911 1603 3962 xx,
1623 3896 1658 3967 ᾗ
1681 3933 1696 3951 .
1722 3894 1872 3950 1-18.

387 4019 440 4073 1.
496 4015 936 4088 Evangelistarum
984 4015 1093 4070 sine
1143 4014 1364 4084 falsitate
1407 4012 1641 4066 varietas.
1698 4008 1874 4063 Multis

287 4108 462 4165 modis
496 4109 751 4163 Dominus
787 4107 942 4163 Jesus
984 4116 1104 4176 post
1143 4104 1587 4161 resurrectionem
1630 4100 1876 4172 apparuit

286 4200 532 4257 ﬁdelibus
577 4202 690 4256 suis
735 4216 748 4253 :
795 4199 1095 4254 habuerunt
1155 4197 1296 4252 unde
1343 4195 1637 4251 scriberent
1687 4209 1874 4249 omnes

287 4295 638 4365 Evangelistae
657 4335 673 4362 ,
714 4293 851 4348 sicut
878 4292 956 4348 eis
980 4289 1418 4348 subministrabat
1453 4288 1670 4359 spiritus
1697 4301 1875 4342 recor-

286 4387 516 4444 dationis
537 4404 712 4443 rerum
733 4402 865 4458 quas
884 4387 1197 4442 scriberent.
1223 4385 1374 4439 Alius
1394 4382 1536 4438 aliud
1557 4382 1710 4449 dixit,
1739 4382 1874 4436 alius

286 4481 451 4536 aliud.
482 4481 894 4537 Praetermittere
916 4479 1104 4548 aliquis
1125 4479 1296 4550 potuit
1314 4477 1512 4548 aliquid
1536 4491 1741 4542 verum,
1767 4491 1870 4529 non

285 4572 466 4628 dicere
509 4571 710 4642 aliquid
759 4570 970 4626 falsum.
998 4569 1186 4626 Omnia
1232 4571 1333 4624 ista
1376 4576 1677 4639 computate
1707 4581 1869 4620 unum

284 4667 485 4722 dixisse
518 4685 531 4720 :
557 4682 684 4722 vere
710 4667 852 4722 enim
883 4681 1019 4720 unus
1044 4664 1213 4729 dixit,
1246 4663 1366 4732 quia
1397 4678 1532 4716 unus
1563 4659 1792 4730 Spiritus
1819 4660 1871 4714 in

284 4760 534 4816 omnibus
561 4759 680 4814 luit.
709 4759 878 4814 Hodie
898 4758 1025 4830 quid
1049 4755 1384 4812 audivimus?
1414 4754 1567 4822 Illud,
1596 4753 1737 4826 quod
1765 4771 1870 4809 non

282 4851 575 4907 credebant
596 4850 844 4922 discipuli
871 4851 1227 4906 resurrexisse
1247 4849 1445 4904 Jesum.
1468 4847 1534 4902 Et
1557 4862 1660 4902 non
1682 4847 1730 4902 ei
1743 4850 1870 4902 cre-

284 4945 537 5000 diderunt
559 4988 576 5015 ,
625 4945 730 5001 hoc
760 4946 931 5014 ipsum
962 4951 1084 4998 ante
1128 4941 1520 5012 pramuntianti.
1553 4940 1657 4994 Res
1703 4939 1870 4994 mani-

286 5040 417 5094 festa
461 5048 584 5106 est,
630 5046 684 5095 et
727 5047 1008 5111 propterea
1056 5035 1249 5106 scripta
1286 5042 1399 5099 est,
1431 5040 1490 5090 ut
1517 5033 1628 5089 Deo
1654 5049 1871 5104 magnas

281 5132 478 5198 gratias
509 5145 727 5202 agamus
751 5171 766 5196 ,
793 5129 916 5200 quia
944 5129 996 5184 in
1041 5144 1161 5185 eum
1205 5127 1526 5184 credidimus
1548 5169 1564 5193 ,
1610 5142 1764 5196 quem
1816 5127 1868 5180 in

285 5229 428 5277 terra
476 5237 583 5277 non
629 5221 862 5277 vidimus
905 5239 920 5277 :
965 5220 1174 5275 illorum
1218 5219 1386 5274 oculis
1419 5227 1473 5275 et
1514 5218 1758 5273 manibus
1783 5217 1870 5272 vix

286 5329 600 5381 persuasum
631 5321 746 5380 est,
777 5312 922 5385 quod
949 5327 1046 5367 nos
1070 5309 1352 5366 credimus.

355 5404 410 5456 Ξ.
443 5402 698 5474 Discipuli
734 5406 946 5460 credunt
970 5403 1194 5457 ablatum
1221 5418 1404 5471 corpus
1431 5400 1655 5455 Domini.
1701 5399 1868 5456 Atidi-

284 5495 382 5551 stis
409 5497 532 5568 quia
564 5498 777 5554 intravit
807 5498 859 5552 in
889 5505 1290 5553 monumentum
1321 5493 1608 5564 discipulus
1636 5493 1751 5564 ejus
1775 5534 1790 5560 ,
1824 5503 1870 5548 et

351 5657 378 5729 ί.
396 5663 444 5729 tn
466 5659 661 5729 optimae
683 5666 810 5729 notae
830 5657 1116 5708 FIoriacensn
1138 5655 1262 5706 libro
1283 5655 1362 5707 hic
1394 5669 1555 5707 sermo
1575 5657 1867 5716 inscribitur,

285 5720 486 5784 Habitus
511 5721 676 5784 quinta
686 5720 828 5784 feria.

349 5781 598 5846 temtatus
641 5781 698 5831 ad
738 5783 768 5830 t‘.
803 5795 846 5830 r.
870 5788 908 5846 t.
936 5788 1040 5846 vet
1061 5781 1122 5846 ad
1143 5782 1281 5846 Vign.

350 5842 425 5910 (tt)
447 5843 588 5906 Alias,
613 5858 678 5894 ex
701 5845 1002 5895 Vivnerianis
1027 5845 1100 5894 19.

1611 333 1837 396 SERMO
1871 329 2132 394 CCXLVl.

3457 348 3592 415 {155

1998 453 2120 507 vidit
2141 451 2434 514 linteamina
2463 461 2624 531 posita
2642 505 2659 532 ,
2683 480 2726 521 et
2753 465 2964 524 credidit
2988 485 3007 525 :
3034 471 3257 526 nondum
3282 471 3415 527 enim
3439 491 3590 531 norev

1997 559 2079 640 rat
2101 549 2395 623 Scripturas
2417 597 2432 623 ,
2464 559 2579 628 quia
2600 565 2863 632 Oportebat
2882 583 2994 620 eum
3023 584 3055 620 a
3085 570 3292 622 mortuis
3313 585 3588 640 resurgere.

1995 638 2085 696 Sic
2125 643 2350 700 audistis
2372 687 2386 714 ,
2417 649 2496 703 sic
2523 650 2715 707 lectum
2743 665 2829 710 est
2855 673 2867 708 :
2914 655 3083 724 Vidit,
3117 669 3162 712 et
3188 659 3398 714 credidit
3420 638 3591 723 ,'_non~

1995 734 2119 789 dum
2147 737 2280 792 enim
2306 752 2508 794 noverat
2530 742 2843 814 Scripturas.
2871 747 3014 820 Ergo
3035 749 3215 804 debuit
3248 750 3347 804 dici
3380 769 3392 803 :
3429 750 3589 817 Vidit,

1995 838 2049 883 et
2090 845 2195 885 non
2225 831 2483 894 credidit;
2531 837 2767 892 nondum
2812 841 2953 895 enim
2998 852 3219 896 noverat
3268 843 3586 912 Scripluras.

1996 920 2135 989 Quid
2165 938 2292 995 ergo
2319 935 2424 993 est,
2466 926 2601 981 Vidit
2627 931 2936 998 linteamina,
2960 944 3006 988 et
3031 935 3282 989 credidit?
3307 935 3440 1002 Quid
3469 952 3585 990 crc-

1993 1017 2164 1074 didit?
2193 1019 2345 1088 Quod
2376 1023 2584 1078 dixerat
2633 1027 2864 1094 mulier,
2911 1026 3160 1083 Tulerunt
3215 1028 3485 1082 Dominum
3533 1031 3585 1081 di-

1993 1125 2332 1170 monumento.
2363 1117 2416 1172 Si
2458 1119 2600 1172 enim
2627 1120 2882 1185 audistis,
2916 1122 3022 1176 imo
3051 1123 3171 1192 quia
3203 1123 3423 1178 audistis
3443 1164 3456 1186 ,
3488 1123 3585 1178 hoc

1993 1203 2200 1260 dixerat
2226 1206 2312 1261 illa
2344 1209 2535 1263 mulier
2559 1227 2571 1262 :
2599 1209 2840 1265 Tulerunt
2863 1211 3134 1266 Dominum
3156 1214 3218 1268 de
3243 1225 3581 1279 monumento,

1993 1307 2040 1352 et
2067 1299 2232 1379 nescio
2256 1300 2341 1354 ubi
2366 1312 2642 1372 posuerunt
2673 1319 2806 1358 eum.
2838 1303 2951 1358 Hoc
2987 1305 3166 1359 audito
3189 1317 3537 1362 cucurrerunt
3569 1324 3580 1358 :

1993 1398 2048 1444 et
2071 1390 2287 1447 intravit
2310 1392 2360 1446 iu
2389 1403 2792 1449 monumentum
2813 1436 2829 1461 ,
2859 1396 2990 1450 vidit
3019 1397 3323 1452 linteamina
3346 1437 3361 1464 ,
3390 1407 3444 1452 et
3463 1415 3582 1452 cre-

1991 1480 2124 1536 didit
2149 1483 2288 1553 quod
2319 1484 2528 1540 dixerat
2554 1477 2747 1541 mulmr
2771 1527 2784 1550 ,
2808 1487 3044 1541 ablatum
3075 1503 3192 1543 esse
3219 1489 3486 1544 Christum
3516 1488 3582 1542 de

1993 1585 2357 1630 monumento.
2386 1577 2561 1643 Quare
2589 1576 2815 1632 credidit
2859 1578 3091 1632 ablatum
3122 1594 3242 1632 esse
3267 1587 3322 1634 et
3353 1580 3578 1633 furatum

1991 1665 2258 1722 Christum
2288 1669 2355 1723 de
2387 1670 2770 1724 monumento?
2793 1670 2996 1741 quare?
3029 1669 3272 1724 Nondum
3314 1673 3443 1726 enim
3484 1690 3577 1726 no-

1991 1771 2127 1814 uerat
2153 1761 2448 1832 Scripturas
2468 1806 2483 1830 ,
2511 1764 2629 1834 quia
2655 1764 2909 1835 oportebat
2953 1781 3068 1819 eum
3093 1781 3126 1816 a
3163 1766 3372 1819 mortuis
3413 1783 3580 1820 resur-

1991 1871 2124 1925 gere.
2177 1855 2506 1925 Intraverat,
2551 1873 2659 1912 non
2708 1859 2999 1914 invenerat.
3051 1859 3430 1915 ltesurrexisse
3458 1876 3577 1915 eum

1989 1946 2210 2003 credere
2237 1947 2452 2014 debuit,
2481 1964 2586 2003 non
2614 1949 2842 2004 furatum
2872 1967 3009 2006 esse.

2061 2038 2114 2093 '5.
2147 2040 2417 2110 Apparitio
2439 2040 2624 2095 Christi
2651 2041 2992 2112 Magdalenen.
3018 2043 3153 2110 Quid
3175 2043 3274 2098 sibi
3296 2059 3423 2114 ergo
3444 2042 3579 2098 vult?

1989 2130 2236 2186 Solemus
2264 2133 2413 2188 vobis
2444 2133 2566 2188 inde
2607 2134 2751 2188 omni
2790 2150 2930 2190 anno
2955 2135 3118 2205 loqui.
3151 2135 3256 2190 Sed
3284 2135 3442 2190 lectio
3464 2137 3577 2206 ipsa

1989 2223 2299 2278 solemniter
2326 2225 2536 2294 legitur,
2564 2235 2615 2280 et
2638 2241 2815 2281 sermo
2835 2227 2950 2296 ipse
2976 2228 3282 2297 solemniter
3301 2227 3572 2282 reddatur.

1988 2315 2167 2383 Quare
2187 2317 2321 2371 dixit
2343 2317 2598 2372 Dominus
2616 2319 2855 2376 Christus
2883 2321 3091 2375 mulieri
3109 2320 3218 2390 jam
3241 2323 3572 2391 agnoscenti.

1987 2405 2169 2461 Primo
2197 2408 2337 2461 enim
2360 2407 2593 2474 dixerat,
2627 2409 2783 2476 Quem
2821 2411 3049 2482 quceris?
3075 2411 3198 2482 quid
3235 2410 3406 2482 ploras
3425 2412 3453 2467 .9
3480 2412 3574 2466 Illa

1986 2507 2164 2554 autem
2192 2500 2409 2568 putabat
2433 2516 2557 2555 eum
2601 2515 2721 2557 esse
2751 2502 3108 2558 hortulanum.
3153 2503 3222 2558 Et
3261 2519 3443 2558 revera
3469 2546 3484 2570 ,
3527 2504 3574 2558 si

1985 2589 2291 2646 consideres
2317 2591 2584 2662 quomodo
2613 2593 2756 2647 olera
2802 2593 2967 2663 ipsius
3012 2593 3180 2650 simus
3203 2635 3218 2658 ,
3261 2594 3574 2650 hortulanus

1983 2692 2066 2740 est
2094 2683 2354 2740 Christus.
2386 2686 2572 2742 Nonne
2600 2695 2682 2742 est
2719 2687 3028 2742 hortulanus
3051 2728 3068 2754 ,
3112 2687 3203 2758 qui
3233 2688 3409 2758 posuit
3449 2703 3574 2757 gra-

1983 2792 2111 2832 num
2139 2779 2340 2848 sinapis
2368 2779 2417 2832 in
2449 2778 2606 2834 horto
2630 2782 2767 2835 suo?
2793 2780 2843 2834 id
2873 2789 2984 2846 est,
3015 2796 3197 2837 semen
3219 2780 3496 2836 minimum
3519 2790 3576 2836 et

1981 2869 2243 2926 fervidum
2278 2880 2374 2926 :et
2415 2874 2585 2928 crevit
2625 2883 2678 2928 et
2726 2875 3004 2942 ascendit,
3047 2883 3102 2929 et
3148 2873 3273 2929 fecit
3324 2873 3571 2930 arborem

1984 2969 2181 3016 tantam
2204 3001 2221 3028 ,
2254 2971 2311 3017 ut
2338 2965 2498 3017 etiam
2529 2964 2771 3019 volucres
2796 2965 2917 3018 coeli
2946 2965 3348 3032 requiescerent
3387 2965 3438 3018 in
3483 2981 3573 3019 ra-

1980 3055 2084 3109 mis
2107 3054 2242 3125 ejus.
2275 3056 2336 3111 Si
2360 3056 2651 3121 habueritis,
2681 3057 2794 3126 ipse
2823 3056 2970 3124 dicit,
2992 3057 3174 3126 ﬁdem,
3203 3058 3331 3112 sicut
3356 3075 3573 3130 granum

1979 3149 2173 3221 sinapis
2203 3150 2415 3220 (Matth.
2464 3168 2606 3217 xvii,
2652 3151 2764 3221 19).
2797 3152 3058 3206 Modicum
3091 3153 3301 3208 videtur
3346 3168 3569 3224 granum

1981 3241 2182 3312 sinapis
2205 3284 2222 3310 ,
2265 3243 2396 3298 nihil
2442 3245 2892 3314 eontemptibilius
2934 3255 3190 3314 aspectu;
3219 3245 3350 3299 nihil
3382 3243 3570 3300 fortius

1982 3344 2161 3404 gustu.
2192 3334 2344 3402 Quod
2371 3335 2495 3404 quid
2522 3345 2607 3391 est
2634 3336 2796 3399 aliud,
2827 3337 2925 3390 nisi
2944 3337 3203 3391 maximus
3221 3335 3382 3391 ardor
3409 3345 3464 3392 et
3492 3336 3572 3391 in-

1983 3425 2109 3480 tima
2140 3426 2218 3480 vis
2261 3426 2381 3481 ﬁdei
2410 3428 2462 3480 in
2509 3427 2787 3481 Ecclesia?
2817 3428 2954 3497 Ergo
2985 3429 3174 3483 merito
3199 3428 3402 3498 putavit
3445 3443 3568 3483 eum

1983 3514 2342 3581 hortulanum;
2365 3527 2420 3572 et
2445 3519 2517 3571 ait
2539 3518 2632 3581 illi,
2662 3517 2896 3584 Domine,
2928 3519 3345 3574 honoriﬁcentia:
3372 3534 3567 3573 causa:

1984 3608 2106 3678 quia
2133 3608 2445 3663 beneﬁcium
2473 3609 2718 3680 petebat,
2763 3609 2881 3664 ideo
2927 3611 3204 3663 Dominum
3235 3607 3474 3664 vocabat.
3506 3607 3570 3663 Si

1983 3710 2038 3756 tu
2063 3701 2310 3756 abstulisti
2334 3719 2472 3766 eum,
2503 3703 2698 3772 inquit,
2726 3704 2929 3756 ostende
2948 3702 3070 3756 mihi
3090 3702 3175 3755 ubi
3189 3702 3400 3774 posuisti
3428 3717 3564 3769 eum,

1983 3801 2029 3846 et
2050 3809 2141 3864 ego
2157 3809 2271 3846 eum
2292 3794 2486 3847 tollam.
2512 3794 2669 3862 Quasi
2696 3794 2893 3850 diceret
2919 3813 2931 3848 ε
2961 3795 3087 3848 Mihi
3115 3791 3447 3848 necessarius
3462 3801 3563 3857 eat,

1985 3885 2076 3940 tibi
2103 3902 2230 3940 non.
2273 3886 2316 3940 0
2357 3886 2548 3940 mulier
2595 3887 2952 3941 necessarium
2985 3886 3076 3940 tibi
3108 3893 3261 3955 putas
3299 3893 3562 3938 mortuum

1983 3979 2250 4035 Christum
2282 3999 2294 4034 :
2328 3982 2501 4035 vivum
2527 3996 2775 4051 agnosce.
2808 3981 2886 4035 Tu
2915 3991 3179 4034 mortuum
3205 3977 3437 4048 quaeris:
3469 3975 3565 4031 sed

1983 4072 2098 4144 ipse
2135 4084 2310 4128 tecum
2335 4073 2488 4127 vivus
2508 4072 2756 4142 loquitur.
2779 4071 2920 4126 Nihil
2948 4080 3122 4126 autem
3144 4069 3294 4124 nobis
3324 4076 3563 4123 mortuus

1983 4164 2276 4234 prodesset,
2307 4163 2408 4218 nisi
2437 4180 2464 4216 a
2485 4163 2705 4218 mortuis
2728 4163 3125 4218 resurrexisset.
3154 4160 3325 4231 thui
3355 4175 3562 4230 quaere-

1981 4255 2136 4310 hatur
2175 4264 2444 4321 mortuus,
2475 4256 2651 4310 vivum
2681 4271 2739 4310 se
2763 4254 3013 4310 ostendit.
3043 4253 3318 4321 Quomodo
3347 4249 3564 4307 vivum?

1979 4348 2202 4418 Proprie
2241 4349 2454 4402 nomine
2485 4350 2652 4417 ipsam
2701 4345 2982 4416 appellavit
3015 4362 3027 4397 :
3061 4343 3248 4398 Maria.
3283 4341 3352 4397 Et
3388 4341 3562 4398 conti-

1979 4457 2084 4496 nuo
2110 4441 2197 4496 illa
2225 4441 2439 4496 nomine
2464 4455 2562 4494 suo
2589 4439 2797 4502 audito,
2832 4437 3085 4501 Rubboni,
3115 4434 3404 4505 respondit.
3437 4433 3565 4488 llor—

1981 4535 2191 4589 tulanus
2229 4533 2372 4588 enim
2403 4532 2569 4602 potuit
2607 4530 2784 4585 dicere
2807 4571 2822 4595 ,
2872 4528 3029 4594 Quem
3051 4525 3276 4594 quieris?
3302 4523 3425 4597 quid
3451 4523 3564 4596 plo-

1977 4628 2103 4680 ras?
2125 4623 2295 4679 Maria
2320 4666 2335 4690 ,
2365 4640 2468 4678 non
2499 4630 2680 4694 posset
2707 4620 2884 4676 dicere
2906 4619 3005 4674 nisi
3036 4619 3307 4674 Dominus.
3337 4615 3563 4670 Nomine

1980 4720 2094 4790 ipse
2123 4717 2427 4788 appellavit,
2461 4715 2548 4786 qui
2579 4715 2643 4770 ad
2667 4729 2886 4784 regnum
2913 4713 3169 4768 cozlorum
3197 4708 3422 4764 vocavit.
3453 4708 3563 4762 Hoc

1980 4827 2173 4866 nomen
2195 4809 2364 4874 dixit,
2397 4808 2536 4878 quod
2567 4807 2616 4861 in
2654 4807 2788 4862 libro
2815 4822 2912 4862 suo
2941 4805 3053 4875 ipse
3081 4801 3408 4872 scripserat,
3440 4798 3562 4854 illa-

1977 4902 2072 4955 ria.
2107 4901 2176 4955 Et
2204 4900 2293 4955 illa
2317 4941 2331 4966 ,
2373 4897 2602 4953 Rabboni
2631 4913 2651 4951 :
2679 4896 2820 4967 quod
2857 4904 2938 4951 est
2964 4893 3233 4963 magister.
3261 4891 3438 4962 Ipsum
3469 4906 3560 4944 co-

1977 5001 2251 5064 gnoverat,
2279 5007 2309 5044 a
2345 5006 2450 5060 quo
2479 5001 2536 5045 ut
2563 4996 2975 5060 cognosceretur
2995 4983 3388 5039 illuminabatur
3417 4980 3560 5051 :jam

1977 5087 2066 5156 qui
2117 5085 2260 5154 prius
2305 5084 2621 5138 hortulanus
2647 5081 2929 5152 putabatur
2948 5120 2963 5144 ,
2993 5077 3236 5134 Christus
3259 5073 3553 5130 videbatur.

1978 5181 2045 5236 Et
2075 5180 2327 5234 Dominus
2351 5177 2418 5232 ad
2439 5177 2580 5232 illam
2604 5217 2620 5242 ,
2653 5173 2779 5229 Noli
2803 5188 2882 5227 me
2907 5181 3152 5243 tangere;
3177 5168 3403 5224 nondum
3427 5166 3559 5222 enim

1977 5273 2180 5329 ascendi
2199 5273 2266 5326 ad
2290 5272 2498 5327 Patrem
2517 5286 2703 5325 meum.

2045 5369 2100 5424 4.
2133 5367 2394 5434 Quomodo
2422 5360 2751 5434 intelligenda
2783 5359 2929 5415 verba
2966 5357 3154 5416 Christi
3197 5356 3269 5412 ad
3295 5355 3565 5430 Magdale-

1976 5480 2115 5519 nam.
2148 5461 2376 5532 Tangere
2399 5459 2516 5529 ﬁde.
2550 5455 2685 5524 Quid
2713 5456 2812 5512 sibi
2843 5455 2944 5510 hoc
2977 5454 3128 5522 vult,
3168 5451 3298 5508 Noli
3333 5467 3414 5506 me
3451 5461 3563 5504 tan-

1976 5573 2127 5628 gere;
2153 5554 2375 5608 nondum
2399 5551 2530 5605 enim
2555 5548 2759 5604 arcendi
2782 5549 2848 5602 ad
2876 5547 3081 5601 Patrem
3117 5544 3320 5600 meum?
3357 5543 3416 5600 Si
3459 5559 3560 5596 non

1977 5650 2126 5703 illum
2154 5656 2359 5718 poterat
2387 5655 2602 5714 tangere
2641 5642 2690 5696 in
2722 5653 2861 5697 terra
2900 5649 3126 5696 stantem
3152 5681 3167 5706 ,
3196 5645 3405 5708 poterat
3443 5644 3564 5688 tan-

1977 5757 2104 5814 gere
2133 5739 2186 5796 in
2207 5738 2344 5793 caelo
2376 5735 2685 5791 sedentem?
2705 5733 2977 5805 Tanquam
3003 5733 3202 5788 diceret
3237 5747 3250 5784 :
3280 5727 3435 5784 Modo
3459 5726 3563 5779 noli

1977 5859 2062 5898 me
2095 5845 2345 5905 tangere.
2380 5847 2500 5887 tunc
2542 5851 2624 5888 me
2669 5846 2851 5896 tanges
2879 5850 2995 5886 eum
3033 5828 3322 5884 usreiitlero
3351 5819 3418 5876 atl
3462 5817 3567 5874 Pa-
