4070 6330
435 288 445 309 ~
542 266 680 341 ηδε

539 406 695 455 trem.
722 395 942 454 Recolat
986 392 1230 452 Charitas
1253 402 1427 450 vestra
1457 394 1758 450 hesternam
1800 394 2078 449 lectionem
2100 437 2115 463 ,

537 490 749 563 quando
771 488 1014 560 apparuit
1039 486 1311 558 discipulis
1341 486 1616 553 Dominus,
1649 495 1700 542 et
1725 493 2036 556 putaverunt
2060 498 2119 540 se

535 581 778 652 spiritum
822 572 1003 636 videre
1037 596 1048 632 :
1082 578 1173 635 ille
1214 584 1389 634 autem
1418 578 1602 633 volens
1644 579 1721 632 eis
1751 577 1889 633 hunc
1933 574 2118 633 tollerc

534 684 768 729 errorem
794 714 810 741 ,
860 670 1083 744 praebuit
1121 688 1178 728 se
1226 666 1570 743 tangendum.
1615 671 1750 739 Quid
1795 664 1962 726 dixit?
1991 658 2115 725 Heri

532 763 725 819 lectum
751 774 832 819 est
865 782 877 817 :
912 758 1034 819 inde
1060 760 1247 819 Sermo
1288 760 1408 817 fuit.
1457 757 1590 828 Quid
1632 756 1815 817 turbati
1854 756 2003 829 estis,
2036 760 2118 816 in-

530 854 680 924 quit,
721 863 767 907 et
794 855 1117 925 cogitationes
1142 856 1417 908 ascendunt
1443 850 1494 906 in
1534 862 1621 906 cer
1648 846 1904 907 vestrum?
1944 842 2115 905 Videte

530 962 709 1001 manus
749 961 883 999 meas
921 954 969 999 et
1015 946 1163 1016 pedes
1206 954 1341 1000 nieos
1378 946 1629 1015 :palpaie
1670 954 1715 998 et
1759 942 1918 998 ridete
1959 940 2110 1013 (an.

532 1053 657 1092 xxiv
683 1080 697 1102 ,
729 1036 939 1108 37-39).
968 1030 1231 1105 Numquid
1263 1038 1370 1107 jam
1402 1033 1713 1091 ascenderat
1751 1032 1818 1089 ad
1858 1030 2066 1089 Patrem
2091 1075 2107 1101 ,

525 1130 739 1200 quando
764 1126 993 1197 dicebat,
1026 1122 1241 1200 Palpate
1269 1134 1315 1183 et
1341 1124 1537 1182 videte?
1565 1127 1774 1182 Praebet
1802 1140 1859 1181 se
1887 1134 2110 1195 tangen-

527 1220 650 1273 dum
679 1218 953 1287 discipulis
982 1218 1111 1286 suis,
1147 1226 1250 1273 non
1283 1210 1624 1288 iungendum,
1648 1215 1739 1272 sed
1767 1213 2106 1286 palpattdum,

528 1320 582 1364 ut
603 1308 733 1365 fides
761 1309 850 1364 flat
878 1318 1020 1365 vera:
1049 1308 1243 1377 carnis,
1270 1308 1379 1364 veri
1411 1308 1649 1378 corporis
1670 1348 1684 1372 ,
1717 1315 1774 1361 ut
1796 1306 2110 1361 exltibeatur

523 1402 682 1457 etiam
726 1400 950 1457 tactibus
998 1401 1241 1457 humanis
1289 1400 1527 1485 soliditas
1573 1399 1808 1454 veritatis
1850 1415 1862 1453 :
1905 1398 2110 1485 praebet

524 1507 651 1563 ergo
676 1504 734 1547 se
758 1492 1077 1563 palpandum
1100 1488 1342 1548 maniths
1368 1491 1746 1562 discipulorum
1770 1505 1785 1557 ;
1818 1496 1872 1545 et
1897 1484 2106 1546 mulieri

520 1585 683 1652 dicit,
715 1580 841 1639 Noli
878 1600 955 1641 me
992 1596 1194 1657 tangere
1214 1628 1229 1653 ,
1261 1584 1483 1640 nondum
1521 1582 1650 1638 enim
1674 1582 1877 1637 escendi
1901 1582 1969 1636 ad
1998 1579 2109 1637 Pa~

521 1688 645 1733 trem
674 1696 857 1733 meum.
886 1676 1021 1748 Quid
1051 1678 1151 1733 sibi
1182 1676 1332 1732 vult?
1360 1676 1469 1733 Viri
1500 1692 1602 1732 non
1653 1682 1939 1746 potuerunt
1981 1686 2101 1729 eum

521 1780 735 1844 tangere
764 1768 863 1827 nisi
889 1773 941 1827 in
984 1776 1143 1839 terra,
1173 1766 1422 1826 mulieres
1449 1782 1571 1825 eum
1604 1767 1865 1823 habebant
1887 1770 2103 1837 tangere

519 1866 572 1921 in
599 1865 777 1922 casio?
802 1865 937 1934 Quid
984 1868 1068 1920 est
1108 1874 1233 1937 ergo
1262 1866 1477 1935 tangere
1499 1907 1512 1929 ,
1544 1862 1643 1919 nisi
1683 1862 1945 1917 credere?
1972 1860 2102 1915 Fide

517 1959 660 2016 enim
700 1958 964 2029 tangimus
992 1958 1257 2013 Christum
1293 1962 1388 2012 :et
1428 1955 1617 2011 melius
1662 1962 1743 2011 εει
1790 1962 1948 2009 manu
1994 1962 2099 2007 tton

518 2060 752 2123 tangere,
776 2060 830 2107 et
861 2049 962 2106 ﬁde
993 2058 1208 2120 tangere
1228 2092 1243 2117 ,
1266 2058 1423 2120 quam
1450 2056 1607 2102 manu
1637 2046 1885 2117 palpare,
1915 2054 1969 2101 et
1991 2045 2098 2101 fide

515 2159 622 2201 non
666 2152 902 2215 tangere.
948 2143 1061 2198 Non
1090 2150 1336 2214 magnum
1364 2140 1464 2196 fuit
1487 2148 1646 2195 manu
1685 2138 1952 2195 Christum
1980 2146 2097 2193 tan-

511 2250 658 2307 gere.
686 2233 855 2291 Judtei
884 2234 1168 2306 tetigerunt
1184 2228 1396 2304 quando
1422 2229 1941 2302 contprehcnderuut
1961 2271 1976 2296 ,
2012 2239 2097 2285 te-

512 2328 748 2399 tigerunt
783 2320 994 2397 quando
1041 2325 1375 2397 ligaverunt,
1425 2324 1708 2395 tetigerunt
1750 2323 1963 2394 quando
2002 2328 2095 2378 stt-

512 2418 839 2489 spenderunt
866 2436 880 2473 :
909 2419 1214 2488 tetigerunt,
1237 2424 1291 2473 et
1316 2417 1455 2473 male
1481 2414 1743 2488 tangendo
1764 2459 1778 2484 ,
1801 2416 1941 2487 quod
1968 2416 2094 2472 teti-

510 2520 719 2583 gerunt,
746 2510 1110 2584 perdiderunt.
1133 2506 1421 2582 Tangendo
1441 2508 1566 2579 fide,
1589 2522 1622 2566 ο
1653 2508 1888 2567 Ecclesia
1908 2509 2096 2567 catho-

509 2601 643 2672 lica,
674 2602 806 2659 fides
830 2612 882 2660 te
923 2600 1120 2659 salvam
1149 2602 1291 2659 facit.
1318 2603 1397 2658 Tu
1425 2608 1625 2658 tantum
1664 2600 1768 2658 fide
1806 2610 1992 2674 tange,
2039 2601 2093 2659 id

508 2704 624 2765 est,
656 2692 884 2753 fideliter
929 2693 1123 2753 accede
1167 2704 1220 2753 et
1273 2695 1495 2752 firmiter
1518 2695 1694 2751 crede.
1741 2695 1797 2751 Si
1824 2694 2090 2751 Christum

509 2782 874 2843 tantummodo
900 2782 1165 2843 hominem
1196 2786 1482 2859 putaveris,
1514 2787 1569 2841 in
1599 2796 1738 2842 terra
1765 2787 2001 2858 tetigisti.
2031 2786 2091 2844 Si

506 2877 776 2934 Christum
804 2878 970 2934 Deum
999 2877 1291 2935 credideris
1318 2880 1572 2949 arqualem
1611 2876 1754 2934 Patri
1776 2921 1791 2944 ,
1823 2888 1947 2935 tunc
1971 2877 2090 2934 teti-

506 2968 626 3040 gisti
655 2964 866 3040 quando
894 2966 1131 3025 ascendit
1156 2969 1223 3024 ad
1266 2966 1496 3025 Patrem.
1538 2968 1676 3040 Ergo
1714 2970 1957 3025 ascendit
1993 2982 2092 3025 nos

506 3062 589 3117 his
609 3104 623 3130 ,
654 3062 867 3133 quando
902 3063 1046 3116 illum
1073 3064 1219 3118 recte
1247 3058 1607 3134 intelligimus.
1636 3060 1815 3118 Semel
1844 3072 1970 3117 tunc
1995 3061 2088 3118 illo

506 3155 559 3208 in
590 3161 827 3224 tempore
855 3152 1129 3220 ascendit,
1158 3154 1251 3208 sed
1273 3151 1432 3208 modo
1470 3153 1702 3223 quotidie
1738 3153 1998 3209 ascendit.
2040 3153 2088 3209 0

505 3256 662 3317 quam
694 3243 871 3300 multis
901 3244 1126 3301 necdum
1155 3245 1425 3311 ascendit,
1456 3254 1510 3301 et
1527 3254 1685 3316 quam
1715 3245 1895 3300 multis
1913 3244 2087 3301 adhuc

504 3338 557 3393 in
588 3346 725 3393 terra
747 3336 912 3408 jacet?
926 3338 1094 3405 Quam
1111 3338 1260 3393 multi
1285 3338 1464 3394 dicunt
1491 3352 1505 3391 :
1533 3337 1705 3393 Homo
1724 3337 1822 3393 fuit
1840 3338 2087 3410 magnust

502 3430 671 3502 Quam
712 3430 863 3486 multi
887 3431 1109 3487 dicunt:
1143 3431 1405 3503 Propheta
1436 3426 1576 3487 fuit?
1603 3432 1771 3500 Quam
1801 3431 1953 3487 multi
1986 3444 2084 3488 an-

502 3524 727 3581 tichristi
747 3522 1085 3591 exstiterunt,
1110 3525 1201 3597 qui
1224 3522 1481 3593 dicerent,
1503 3533 1563 3579 ut
1582 3522 1839 3580 Photinus
1865 3542 1879 3580 :
1912 3523 2084 3582 Homo

499 3614 634 3683 fuit,
673 3614 791 3686 plus
833 3614 967 3671 nihil
996 3614 1216 3683 habuit;
1263 3616 1357 3671 sed
1384 3628 1573 3671 omnes
1600 3612 1846 3672 homines
1879 3617 1995 3687 pios
2028 3622 2085 3674 et

498 3712 710 3764 sanctos
746 3706 1059 3763 escellentla
1102 3707 1375 3777 sapientia:
1417 3712 1471 3763 et
1508 3705 1726 3777 iustitiae
1753 3708 2024 3777 superavit
2063 3720 2080 3764 :

497 3810 620 3857 nam
647 3791 786 3855 Deus
811 3810 917 3854 non
944 3792 1062 3854 fuit.
1084 3796 1129 3854 Ο
1155 3796 1399 3865 Photlne,
1427 3798 1480 3853 in
1502 3806 1642 3854 terra
1669 3798 1903 3869 tetigisti,
1929 3797 2081 3853 festi-

495 3889 633 3947 nasti
662 3898 897 3963 tangere,
927 3886 1268 3961 praecipitasti
1290 3896 1342 3945 te
1372 3900 1385 3945 :
1413 3897 1468 3946 et
1497 3887 1617 3946 ideo
1641 3889 1707 3945 ad
1728 3891 1951 3960 patriam
1971 3900 2081 3948 non

496 3978 824 4055 pervenisti,
854 3982 976 4055 quia
1002 3982 1057 4037 in
1082 3981 1165 4038 via
1198 3979 1386 4038 errasti
1417 3982 1455 4036 ί.

565 4072 620 4130 5.
649 4070 754 4130 Cur
777 4072 1003 4130 Christus
1027 4068 1258 4128 distincte
1282 4072 1434 4139 dicit,
1470 4071 1677 4128 Patrem
1716 4086 1881 4129 meum
1909 4081 1955 4129 et
1981 4088 2077 4146 po-

497 4176 622 4241 trem
666 4172 913 4234 vestrum,
960 4175 1065 4222 etc.
1099 4163 1300 4222 Deinde
1346 4164 1508 4221 verba
1561 4164 1728 4236 ipsius
1778 4165 2074 4221 audiamus.

494 4256 724 4315 Ascendo
763 4256 832 4312 ad
870 4250 1080 4311 Patrem
1116 4270 1281 4311 meum
1309 4258 1354 4311 et
1392 4254 1602 4311 Patrem
1626 4264 1841 4311 vestrum
1864 4297 1879 4323 ,
1910 4254 2077 4312 Deum

494 4344 731 4405 meamet
761 4340 924 4403 Deum
952 4359 1189 4405 vestram.
1229 4348 1407 4416 Quare
1446 4360 1586 4417 non,
1617 4347 1699 4403 Ad
1729 4347 1938 4403 Patrem
1978 4360 2076 4404 no-

492 4451 662 4498 strum
700 4446 757 4497 et
800 4434 966 4497 Deum
996 4442 1273 4507 nostrum;
1303 4434 1398 4496 sed
1422 4450 1541 4496 eum
1567 4440 1908 4497 distinctione
1926 4480 1942 4508 ,
1968 4438 2076 4495 Pe.

491 4544 614 4589 trem
645 4550 807 4593 meum
833 4534 882 4588 et
923 4526 1130 4588 Patrem
1169 4543 1384 4588 oestrum
1410 4534 1435 4588 Ρ
1463 4532 1671 4588 Patrem
1707 4544 1875 4589 meum
1898 4576 1913 4603 ,
1951 4534 2073 4607 quia

490 4626 676 4681 unicus
705 4634 821 4681 sum
867 4640 879 4679 :
914 4616 1124 4680 Patrem
1169 4633 1417 4694 vestrum,
1458 4627 1659 4698 gratia,
1709 4640 1815 4683 non
1858 4636 2069 4688 natura.

494 4719 699 4777 Patrem
720 4730 887 4775 meum
913 4720 1034 4792 quia
1082 4718 1181 4775 hoc
1208 4730 1421 4791 semper
1444 4720 1520 4776 fhi
1548 4736 1563 4775 :
1597 4720 1805 4778 Patrem
1829 4732 2066 4795 vestrum,

486 4812 606 4884 quia
654 4824 753 4887 ego
796 4826 891 4868 vos
932 4806 1302 4883 elegi.’Deum
1345 4826 1505 4866 meum
1535 4814 1581 4867 et
1633 4811 1790 4868 Deum
1831 4819 2066 4872 vestr-tim.

488 4904 639 4962 Unde
686 4898 824 4961 Dens
868 4900 1063 4960 Christi
1096 4902 1492 4960 Paterl'Pater
1533 4904 1667 4975 ejus,
1717 4907 1840 4977 quia
1885 4909 2070 4979 genuit

483 5013 625 5053 cum.
653 4988 805 5055 Unde
843 4994 982 5053 Deus
1013 4992 1164 5067 ejus?
1188 4994 1319 5064 Quia
1363 5003 1419 5051 et
1454 4994 1670 5051 ereavit.
1714 4997 1906 5055 Genuit
1942 5010 2067 5057 eum

488 5084 721 5145 Verbum
768 5088 1133 5160 unigenitum;
1164 5087 1367 5144 creavit
1391 5096 1514 5144 eum
1553 5100 1618 5145 ex
1657 5091 1861 5147 semine
1900 5091 2066 5149 David

485 5176 777 5238 secundum
814 5190 1049 5238 carnem.
1086 5178 1223 5253 Ergo
1250 5189 1305 5238 et
1355 5179 1513 5239 Pater
1541 5182 1776 5253 Christi,
1825 5192 1881 5241 et
1924 5186 2065 5244 Deus

483 5272 680 5329 Christi
710 5290 723 5327 :
752 5272 911 5329 Pater
947 5272 1147 5328 Christi
1171 5315 1187 5343 ,
1213 5272 1503 5330 secundum
1530 5274 1893 5344 divinitatem;
1924 5279 2065 5337 Deus

483 5362 722 5433 Christi,
775 5360 1067 5421 secundum
1120 5362 1499 5424 infirmitatem.
1551 5370 1688 5426 Audi
1734 5372 1876 5428 unde
1922 5373 2063 5433 Deus

482 5452 717 5525 Christi,
771 5456 1035 5513 Psalmum
1086 5458 1472 5534 interrogemus
1508 5479 1522 5517 :
1559 5461 1639 5518 De
1678 5470 1847 5521 ventre
1886 5470 2064 5524 utan-is

483 5568 642 5622 view,
684 5548 885 5623 inquit,
929 5550 1067 5607 Deus
1092 5562 1232 5608 meus
1258 5566 1309 5609 es
1332 5564 1385 5609 ω
1414 5553 1583 5629 (Ptol.
1612 5572 1701 5621 xxi
1726 5600 1740 5626 ,
1787 5559 1895 5633 li).
1924 5563 2063 5619 Ante

544 5690 561 5721 ⁸
587 5688 1042 5762 Flatgcensisﬁs"
1399 5688 1713 5757 ρνωεὶρίιαδῑὶ
1728 5707 1746 5756 ;
1781 5695 1849 5750 ad
1895 5699 2063 5752 verita.

544 5765 575 5804 n
594 5758 725 5803 Pam
745 5746 946 5805 aqualis
968 5762 1060 5802 non
1074 5749 1306 5805 pervadit
1331 5786 1343 5802 .
1368 5752 1547 5805 Dehtde
1568 5755 1727 5805 verba.
1755 5764 1849 5805 etc.

479 5758 575 5804 tem
594 5749 725 5803 Patri
745 5746 946 5816 aqualis
968 5746 1060 5802 non
1074 5746 1343 5816 pereatis".
1368 5746 1741 5817 meum;
1755 5746 1849 5811 etc.

1777 276 1834 336 S.
1874 268 2234 347 AUCUSTINI
2272 274 2570 347 EPISCOPI

3164 232 3173 236 ι
3206 232 3247 243 ..τ
3304 231 3313 238 ι

3671 290 3806 364 1158

2226 406 2464 454 ventrem
2505 398 2690 455 matris
2716 414 2850 457 mea:
2888 400 3050 457 Pater
3085 417 3271 472 meus,
3297 402 3367 461 de
3407 413 3595 463 ventre
3622 411 3804 467 matris

2224 494 2358 543 mem
2387 488 2524 543 Deus
2553 505 2720 545 meus.
2750 490 2923 559 Quare
2958 507 3084 563 ergo
3109 500 3164 550 et
3201 493 3273 549 ibi
3302 494 3571 553 distinctio
3596 540 3612 567 ,
3642 509 3761 571 puta
3784 543 3799 568 ,

2226 577 2433 634 Patrem
2470 598 2635 636 meum
2664 588 2710 637 et
2733 581 2938 638 Patrem
2964 584 3222 642 vestrum!
3249 588 3346 644 Est
3369 587 3662 661 distinctio,
3682 588 3799 664 Quid

2222 667 2376 725 aliter
2404 671 2558 727 Pater
2583 670 2838 744 unigenitl
2871 670 2988 730 Filii
3013 717 3027 741 ,
3056 676 3210 732 aliter
3229 672 3390 734 Pater
3408 690 3592 737 uoster
3617 701 3632 737 :
3664 678 3803 740 illius

2222 759 2379 815 Pater
2406 776 2500 832 per
2526 772 2769 819 naturam
2794 807 2808 831 ,
2850 774 3031 821 noSter
3054 776 3151 841 per
3176 766 3422 840 gratiam.
3460 769 3653 829 Debuit
3678 782 3802 845 ergo

2218 848 2416 915 dicere,
2449 853 2518 907 ad
2541 848 2750 910 Patrem
2770 868 2933 911 meum
2959 867 3006 912 et
3031 850 3240 915 Patrem
3268 871 3510 933 vestrum,
3532 875 3608 933 et,
3636 866 3800 923 Deum

2218 948 2479 999 nostrum.
2509 946 2642 1012 Quia
2675 945 2812 1003 Deus
2839 958 3100 1005 creatura:
3123 993 3138 1017 ,
3167 952 3212 1007 si
3243 953 3312 1009 sit
3358 953 3497 1011 Deus
3520 998 3535 1021 ,
3582 962 3638 1013 et
3682 958 3799 1013 ideo

2216 1026 2447 1102 Christi,
2475 1034 2597 1104 quia
2625 1042 2681 1090 et
2718 1046 2963 1093 creatura
3004 1037 3250 1097 Christus
3290 1045 3581 1100 secundum
3630 1047 3799 1102 hmni~

2215 1128 2339 1177 nem
2373 1141 2385 1177 :
2419 1124 2576 1181 Pater
2600 1125 2798 1184 Christi
2822 1129 3099 1200 distincte,
3128 1140 3251 1203 quta
3278 1146 3488 1190 creator
3512 1138 3756 1194 Chrisnis
3784 1159 3796 1205 ;

2214 1212 2355 1270 Deus
2379 1213 2577 1272 Christi
2601 1260 2615 1285 ,
2643 1235 2809 1289 quare
2829 1221 3075 1280 distincte
3097 1265 3113 1291 ,
3145 1240 3266 1280 cum
3295 1229 3586 1282 secundum
3620 1229 3797 1285 homi-

2212 1308 2335 1359 nem
2380 1312 2622 1364 creatum
2647 1310 2891 1368 Christus
2914 1355 2929 1380 ,
2962 1318 3204 1370 θηριων
3229 1304 3285 1373 et
3324 1318 3461 1374 nos?
3491 1321 3793 1377 Secundum

2212 1394 2483 1452 hominem
2506 1396 2750 1456 Christus
2794 1403 2975 1473 utique
3003 1418 3193 1461 servus
3213 1446 3230 1473 ,
3264 1410 3481 1478 [bunum
3504 1413 3634 1465 servi
3659 1414 3794 1466 acci-

2209 1488 2383 1558 piens,
2408 1490 2558 1559 juxta
2602 1492 2916 1563 Apostolum
2943 1495 3206 1567 (Philipp.
3233 1510 3271 1552 tt
3294 1538 3309 1564 ,
3358 1501 3433 1570 'f).
3464 1501 3642 1569 Quare
3670 1520 3798 1577 ergo

2210 1579 2373 1634 Deum
2401 1594 2565 1636 meum
2590 1593 2637 1638 et
2665 1583 2829 1639 Deum
2854 1597 3069 1641 vestrum
3097 1588 3165 1644 ibi
3209 1589 3494 1647 distincte?
3535 1594 3796 1651 Distincte

2208 1673 2386 1742 plane.
2431 1675 2538 1731 Nos
2564 1677 2705 1732 enim
2731 1692 2918 1733 omnes
2945 1680 3087 1735 Deus
3112 1690 3293 1737 noster
3322 1697 3419 1753 per
3447 1688 3793 1757 propaginem

2206 1766 2409 1834 peccati
2446 1766 2692 1823 formavit
2725 1788 2738 1824 :
2765 1770 2854 1825 ille
2878 1779 2933 1825 et
2976 1772 3138 1827 homo
3173 1774 3330 1828 aliter
3370 1773 3541 1832 factus
3567 1791 3670 1833 est.
3697 1778 3795 1835 ille

2205 1856 2273 1912 dc
2301 1858 2505 1929 virgine
2542 1871 2697 1917 natus
2736 1872 2819 1918 est
2849 1864 2865 1894 ⁸
2900 1882 2914 1917 :
2943 1863 3092 1919 illum
3135 1865 3330 1921 mulier
3370 1880 3477 1923 non
3505 1874 3793 1941 concupis-

2204 1949 2408 2015 cendo,
2444 1952 2538 2006 sed
2556 1953 2834 2008 erodendo
2861 1956 3123 2025 concepit.
3155 1956 3250 2012 ille
3278 1960 3621 2029 propaginem
3662 1978 3791 2032 pec-
3850 2002 3857 2007 μ

2203 2041 2305 2095 cati
2348 2055 2413 2098 eis
2443 2043 2610 2099 Adam
2657 2060 2760 2100 non
2791 2048 2969 2102 traxit.
2997 2047 3107 2103 Nos
3144 2060 3334 2106 omnes
3378 2067 3472 2121 per
3513 2064 3790 2123 portentum

2202 2134 2312 2188 nati
2337 2148 2522 2191 sumus
2548 2154 2560 2191 :
2591 2137 2680 2193 ille
2708 2139 2823 2194 sine
2847 2151 3068 2209 peccato
3096 2150 3255 2198 natus
3278 2152 3399 2210 est,
3438 2148 3529 2216 qui
3571 2162 3789 2217 peccata

2199 2226 2491 2282 mandavit.
2521 2229 2661 2300 Ergo
2688 2237 2743 2287 et
2760 2228 2832 2287 ibi
2851 2231 3142 2299 distinctio,
3164 2234 3328 2289 Deam
3356 2248 3521 2299 mi
3547 2249 3598 2293 et
3625 2240 3790 2296 Deum

2198 2325 2435 2373 vestrum.
2463 2319 2545 2375 Ex
2581 2322 2788 2379 semine
2819 2326 2963 2379 enim
2982 2327 3145 2381 creati
3171 2333 3304 2383 estis
3324 2366 3340 2393 ,
3369 2344 3434 2391 es
3464 2335 3709 2389 amulo
3733 2346 3789 2389 ct

2196 2406 2415 2477 femina,
2441 2426 2508 2467 es
2535 2414 2963 2484 concupiscentia
2989 2418 3168 2474 urnis
3196 2420 3415 2476 vetustis
3438 2432 3560 2476 cum
3592 2438 3789 2494 propa-

2196 2498 2319 2572 gine
2370 2505 2610 2572 peccati,
2652 2505 3073 2578 quibuscumque
3099 2508 3370 2581 Scriptum
3419 2513 3551 2569 dicit
3595 2532 3610 2567 :
3660 2514 3789 2579 auis

2196 2593 2414 2648 mundus
2437 2594 2491 2648 in
2514 2606 2781 2666 compecti:
2805 2607 2890 2651 tuo
2906 2599 2932 2651 ?
2960 2598 3071 2653 Nec
3093 2600 3264 2669 inim
3285 2636 3301 2668 ,
3339 2604 3484 2671 cujus
3508 2605 3661 2659 unius
3683 2605 3789 2661 diei

2194 2688 2388 2740 estvita
2412 2700 2563 2758 super
2586 2698 2771 2743 ternm
2801 2688 2942 2762 (Job.
2964 2706 3074 2757 xiv,
3104 2692 3160 2758 6,
3181 2708 3283 2748 see.
3320 2694 3510 2766 LXX).
3544 2696 3790 2768 Denique

2194 2789 2319 2835 eum
2359 2778 2644 2836 infantibus
2686 2781 2952 2850 curritur,
2982 2792 3041 2838 ut
3081 2784 3324 2840 solvatur
3369 2787 3473 2842 illis
3500 2790 3645 2858 quod
3674 2806 3787 2845 non

2192 2870 2420 2926 vivendo
2459 2872 2808 2941 addiderunt,
2839 2875 2935 2931 sed
2982 2877 3127 2946 quod
3171 2879 3441 2934 nascendo
3485 2889 3785 2938 traxerunt.

2192 2959 2310 3017 Non
2359 2962 2439 3018 sic
2480 2962 2741 3020 Christus.
2790 2963 2959 3020 Deum
3000 2983 3170 3022 meum
3212 2977 3261 3023 et
3306 2968 3471 3025 Deum
3514 2983 3737 3028 oestrum
3766 2992 3787 3029 r
3896 3045 3902 3051 _

2195 3051 2359 3107 Desint
2399 3070 2567 3109 meum
2587 3094 2604 3124 ,
2651 3064 2865 3127 propter
2897 3058 3302 3116 similitudinem
3330 3063 3509 3119 carnis
3528 3067 3783 3135 peccati;

2189 3144 2355 3203 Deum
2382 3158 2615 3216 uestrum,
2647 3161 2865 3221 propter
2889 3166 3104 3208 cautem
3127 3155 3351 3223 peccati.

2260 3241 2315 3297 ϐ.
2343 3240 2629 3297 Conettuio.
2652 3241 2939 3314 ﬂuensque
2956 3244 3025 3300 de
3051 3246 3280 3303 lectione
3305 3250 3634 3321 evangelica,
3661 3266 3783 3322 qua

2189 3336 2419 3405 pertinet
2455 3335 2521 3392 ad
2569 3338 3015 3394 resurrectionem
3059 3339 3306 3408 Domini,
3358 3358 3516 3412 quam
3566 3347 3785 3416 scripsit

2186 3425 2421 3483 Joannes
2465 3430 2785 3500 evangelista
2808 3470 2824 3498 ,
2869 3442 3172 3489 sermonem
3216 3431 3409 3491 fouisse
3457 3436 3778 3493 suffecerit:

2185 3527 2467 3590 propterea
2499 3521 2620 3591 quia
2666 3522 2905 3592 legenda:
2949 3534 3107 3579 erunt
3147 3524 3267 3579 alia
3313 3525 3572 3584 lectiones
3609 3529 3782 3599 ipsius

2186 3610 2460 3682 Evangelii
2519 3612 2739 3669 Joannis
2793 3615 2861 3670 de
2918 3616 3032 3686 ipsa
3095 3619 3489 3677 resurrectione
3539 3621 3778 3679 Domini.

2184 3704 2354 3761 Nemo
2390 3707 2530 3762 enim
2560 3707 2629 3763 de
2668 3710 3058 3767 resurrectione
3086 3715 3204 3780 eius
3231 3714 3501 3785 copiosius
3540 3721 3778 3774 narravit

2184 3812 2343 3867 quam
2374 3809 2587 3854 sanctus
2609 3799 2861 3870 Joannes,
2890 3802 2961 3858 ita
2982 3812 3044 3859 ut
3062 3816 3171 3860 uno
3192 3805 3281 3862 die
3306 3808 3406 3879 logi
3429 3825 3536 3881 non
3562 3813 3735 3881 possit
3757 3830 3774 3868 :

2183 3888 2278 3944 sed
2306 3889 2496 3961 legitur
2521 3899 2577 3948 et
2603 3891 2729 3960 alio,
2755 3893 2947 3965 legitur
2971 3904 3028 3952 et
3052 3898 3230 3966 tertio,
3254 3880 3531 3972 quousque
3556 3880 3780 3963 finiatur

2182 3980 2439 4051 quidquid
2466 3990 2521 4039 et
2546 3981 2779 4042 Joannes
2804 3995 3020 4049 sanctus
3049 3987 3117 4049 de
3145 3989 3353 4057 Domini
3379 3995 3774 4057 resurrectione

2181 4071 2417 4143 scripsit.

2646 4187 2883 4246 sentio
2919 4190 3192 4253 ccxnvn
3217 4193 3313 4266 (α).

2596 4305 2649 4351 tn
2668 4301 2847 4354 diebus
2866 4303 3183 4367 Pssdtslibu,
3207 4316 3339 4359 xm.

2250 4402 2330 4461 De
2354 4394 2459 4461 alia
2485 4405 2695 4463 lectione
2713 4404 2978 4483 Evangelii
2994 4409 3231 4482 Joannis,
3254 4424 3368 4485 cap.
3392 4422 3483 4483 xx,
3512 4415 3693 4475 19-81.

2252 4539 2304 4595 1.
2319 4539 2635 4598 Resurrectio
2649 4544 2712 4597 ea:
2724 4554 2937 4615 quatuor
2948 4544 3237 4619 Evangelii:
3254 4549 3480 4605 recitata.
3497 4551 3768 4612 Resurre-

2176 4632 2281 4690 ctio
2294 4633 2502 4691 Domini
2516 4636 2681 4691 nostri
2693 4635 2816 4692 Jesu
2830 4634 3024 4693 Christi
3039 4639 3329 4703 secundum
3344 4644 3623 4707 veritatem
3641 4662 3770 4719 qua-

2174 4734 2298 4781 tuor
2309 4726 2762 4797 Evangelistarum
2784 4728 3037 4787 hesterno
3059 4730 3147 4789 die
3171 4732 3500 4793 videturesse
3523 4740 3768 4808 comple-

2174 4816 2431 4873 ta.Primo
2450 4818 2591 4875 enim
2602 4818 2689 4875 die
2710 4819 2848 4877 lecta
2873 4831 2956 4875 est
2981 4825 3303 4885 resurrectio
3316 4826 3611 4889 secundum
3625 4829 3708 4885 Ma
3718 4841 3765 4885 t-

2174 4911 2392 4976 thoeum,
2414 4911 2520 4968 alio
2536 4911 2619 4967 die
2639 4912 2930 4969 secundum
2943 4914 3161 4984 Lucam,
3184 4920 3338 4977 tertio
3355 4920 3442 4983 die
3458 4923 3761 4985 secundum

2176 5003 2434 5072 Marcum,
2457 5015 2669 5077 quarto,
2695 5007 2745 5063 id
2766 5017 2847 5065 est
2875 5008 3127 5069 hesterno
3151 5011 3443 5079 secundum
3468 5010 3758 5073 Joannem.

2172 5094 2276 5152 Sed
2299 5098 2546 5168 quoniam
2562 5098 2795 5159 Joannes
2808 5110 2862 5161 et
2876 5098 3047 5161 Lucas
3061 5102 3129 5163 de
3148 5102 3263 5179 ipsa
3284 5098 3682 5169 resurrectione
3704 5119 3765 5166 et

2172 5203 2290 5260 qua:
2303 5190 2640 5263 contigerunt
2660 5200 2778 5264 post
2796 5196 3263 5269 resurrectionem,
3277 5197 3504 5269 plurima
3523 5201 3766 5277 scripse-

2228 5392 2247 5427 ί
2263 5399 2383 5445 Tres
2401 5399 2672 5456 sequentes
2692 5407 2720 5444 v
2878 5430 2893 5455 ,
2918 5397 3005 5458 qui
3026 5395 3077 5444 γ’
3149 5396 3254 5447 crio
3278 5395 3591 5459 exciderant.
3614 5411 3760 5449 men.

2228 5469 2336 5505 smn
2376 5455 2500 5505 forte
2537 5405 3043 5505 exemtimszenti.
3062 5408 3176 5505 ﬂe
3208 5466 3499 5505 revocantur
3518 5495 3533 5505 .
3557 5458 3759 5505 alianue

2165 5454 2336 5525 desum
2376 5454 2500 5525 forte
2537 5455 2787 5525 exemplar
2823 5454 3043 5521 legenti,
3082 5454 3533 5525 huc_revoatutur,
3557 5454 3759 5525 aliaque

2164 5519 2341 5581 passim
2366 5524 2525 5567 errata
2548 5519 2852 5580 corriguntur
2875 5519 2939 5568 ex
2963 5521 3311 5581 manuscriptis.

2228 5579 2300 5643 (α)
2325 5581 2584 5642 Augustino
2618 5579 2891 5644 resututus
2915 5594 3044 5644 nunc
3078 5579 3283 5644 primum
3306 5595 3370 5632 ex
3395 5584 3553 5634 veteri
3583 5584 3756 5634 codice

2164 5643 3019 5720 PR-,Fi$i¢?95?9§i‘!i¥',9;9@..m-
3040 5643 3326 5720 ³⁴ἓτυει¹θὲης
3352 5646 3420 5697 αθ
3456 5648 3597 5720 ξληὶε·
3645 5650 3755 5698 “‘9‘

2164 5703 2278 5753 olim
2302 5707 2428 5777 inter
2450 5698 2980 5777 Semnonesrulgentti,
2999 5706 3087 5777 sed
3105 5720 3226 5777 nova
3241 5698 3437 5757 demum
3456 5698 3608 5777 ip§ius
3628 5722 3726 5773 opu

2165 5722 2278 5753 OlllIl
2302 5722 2428 5777 mter
2450 5722 2704 5754 bCl‘lllOllBS
2726 5722 2980 5777 rutgenut,
2999 5722 3087 5756 $80
3105 5722 3226 5777 μονα
3241 5722 3437 5757 uentum
3456 5722 3471 5756 ι
3551 5722 3595 5759 ω

2165 5780 2273 5817 rum
2295 5766 2506 5816 editione
2527 5763 2787 5816 collocatur
2809 5779 2861 5817 tn
2888 5770 3297 5833 supposihtiorum
3319 5722 3595 5835 Appenliisllw
