4070 6330
285 297 421 358 1157

286 421 428 478 runt,
451 424 569 481 qure
589 423 693 464 non
713 412 932 478 possunt
948 417 1048 457 una
1065 400 1293 456 lectione
1306 395 1516 452 recitari
1536 411 1549 460 ;
1566 402 1618 449 ct
1634 391 1751 447 heri
1765 405 1859 445 au-

287 503 515 560 divinius
526 499 724 570 aliquid
741 488 1028 554 secundum
1042 495 1324 560 Joannem,
1347 499 1400 545 et
1424 487 1602 554 hodie,
1621 493 1675 541 et
1690 483 1861 537 adhuc

286 597 402 651 alim
432 595 684 650 lectiones
713 599 933 647 reStant.
974 585 1140 643 Hodie
1181 595 1308 655 ergo
1354 580 1480 653 quid
1525 571 1862 634 audivimus?

289 689 417 756 Quia
466 687 582 756 ipso
624 683 710 738 die
751 697 855 754 quo
901 679 1226 742 resurrexit,
1260 676 1310 730 id
1343 681 1424 730 est
1461 670 1728 727 dominico
1752 666 1856 731 die,

287 798 405 838 cum
424 795 546 835 sero
565 778 758 833 factum
787 786 948 843 esset,
972 781 1027 831 et
1046 781 1224 828 essent
1243 767 1487 839 discipuli
1515 767 1569 821 in
1597 781 1701 818 uno
1721 763 1859 828 loco,

287 881 340 928 et
367 873 500 928 ostia
533 871 709 925 clausa
748 871 930 924 essent
973 875 1186 936 propter
1225 863 1471 918 timorem
1516 851 1860 918 Judteorum.

288 966 530 1037 apparuit
574 963 830 1019 Dominus
857 965 908 1015 in
945 958 1120 1015 medio
1167 965 1372 1013 eorum.
1421 949 1541 1023 Ipso
1587 963 1714 1019 ergo
1754 947 1860 1037 die,

288 1035 424 1114 sicut
453 1055 774 1126 evangelista
795 1053 1024 1108 Joannes
1054 1050 1204 1105 teritis
1230 1055 1348 1115 est,
1393 1047 1474 1101 bis
1517 1039 1759 1113 apparuit
1785 1035 1867 1091 di-

289 1148 506 1220 scipulis
536 1148 668 1213 suis,
698 1153 852 1200 mane
875 1152 932 1198 et
957 1153 1096 1198 sero.
1129 1142 1209 1196 Ex
1239 1151 1304 1195 eo
1333 1136 1473 1208 quod
1512 1145 1670 1189 mane
1697 1141 1864 1200 appa-

289 1244 415 1310 ruit,
446 1239 602 1296 etiam
631 1240 741 1308 ipsa
769 1237 924 1293 lectio
957 1236 1177 1291 recitata
1202 1237 1281 1287 est
1309 1249 1323 1286 :
1350 1228 1491 1300 quod
1521 1235 1648 1280 vero
1674 1222 1862 1278 eodem

288 1333 375 1389 die
403 1346 527 1388 sero
568 1341 752 1384 rursus
791 1326 1124 1398 apparuerit,
1172 1321 1334 1378 modo
1376 1328 1498 1374 cum
1541 1315 1858 1371 recitaretur

289 1425 606 1482 audivimus.
653 1423 768 1480 Non
799 1433 932 1492 Opus
963 1427 1078 1476 erat
1105 1427 1213 1473 uta
1245 1427 1330 1470 me
1359 1415 1456 1468 ista
1484 1417 1870 1466 commemora-

291 1530 495 1586 rentur,
527 1519 619 1574 sed
649 1527 759 1573 uta
787 1513 939 1572 vobis
985 1513 1388 1568 adverterentur
1423 1527 1436 1561 :
1475 1507 1692 1576 propter
1731 1513 1866 1569 quo-

289 1611 532 1668 mmdam
572 1624 700 1666 vero
741 1609 999 1664 minorem
1026 1601 1429 1674 intelligentiam
1475 1596 1562 1652 vel
1611 1592 1868 1663 majorem

289 1705 660 1775 negligentiam
687 1700 923 1771 oportuit
945 1703 1398 1759 commemorare,
1439 1699 1496 1744 ut
1538 1686 1718 1742 sciatis
1762 1691 1868 1736 non

289 1774 460 1852 solum
482 1793 606 1864 quid
631 1789 873 1857 audistis,
903 1789 997 1846 sed
1017 1787 1175 1844 etiam
1203 1785 1270 1841 de
1296 1798 1398 1856 qua
1425 1778 1696 1850 Scriptura
1719 1774 1868 1831 vobis

292 1888 484 1958 legitur
507 1884 648 1956 quod
674 1883 914 1938 audistis.
1270 1931 1282 1938 .

361 1981 417 2036 ἓ.
435 1978 619 2034 Christi
636 1977 702 2030 ad
721 1973 995 2044 discipulos
1016 1988 1105 2043 per
1125 1970 1251 2025 ostia
1267 1968 1438 2022 clausa
1461 1962 1697 2019 intrantis
1716 1958 1871 2012 mira-

289 2075 463 2130 c'ttlnm
484 2087 546 2126 ex
566 2069 680 2125 aliis
698 2067 953 2122 miraculis
991 2065 1250 2120 suadetur.
1277 2059 1562 2116 Videamus
1589 2063 1718 2126 ergo
1746 2051 1872 2124 quid

292 2167 448 2224 nobis
467 2165 529 2220 ad
549 2162 866 2235 loquendum
887 2157 1139 2215 hodierna
1159 2157 1384 2212 lectione
1407 2152 1734 2225 proponitur.
1755 2148 1870 2218 Ipsa

292 2257 489 2328 quippe
514 2255 669 2309 lectio
695 2253 943 2306 admonet
970 2263 1087 2314 nos,
1114 2257 1168 2303 ct
1193 2247 1422 2318 quodam
1453 2243 1611 2300 modo
1640 2239 1873 2311 loquitur

291 2346 470 2412 nobis,
502 2355 558 2400 ut
596 2341 792 2412 aliquid
831 2342 1100 2404 dicamus,
1129 2336 1575 2409 quemadmodum
1619 2332 1873 2387 Dominus

292 2437 384 2509 qui
413 2437 463 2492 In
491 2449 551 2492 ea
579 2436 844 2491 soliditate”
872 2433 1110 2505 corporis
1137 2427 1448 2494 resurresit,
1478 2436 1534 2480 ut
1565 2433 1668 2481 non
1700 2423 1874 2479 solum

291 2530 566 2586 videretur
593 2545 621 2583 a
649 2527 920 2597 discipulis
939 2569 953 2592 ,
981 2525 1074 2581 sed
1101 2525 1259 2580 etiam
1295 2523 1618 2591 tangeretnr,
1648 2517 1877 2588 potuerit

296 2623 404 2677 illis
430 2635 684 2691 apparere
709 2619 862 2674 ostiis
889 2618 1104 2673 clausis.
1136 2613 1382 2670 Nonnulli
1408 2612 1549 2666 enim
1591 2610 1656 2665 de
1698 2610 1795 2664 hac
1820 2615 1878 2663 re

298 2715 370 2769 ita
399 2721 702 2780 moventur,
733 2717 788 2765 ut
819 2721 954 2780 pene
979 2705 1358 2778 periclitentur,
1382 2703 1661 2758 afferentes
1696 2705 1876 2754 contra

301 2805 558 2862 miracula
589 2803 765 2858 divina
797 2798 1100 2873 prtejudicia
1140 2796 1599 2853 ratiocinationum
1641 2799 1876 2847 suarum.

297 2895 388 2953 Sic
399 2897 538 2951 enim
553 2894 823 2963 disputant
839 2911 850 2944 :
866 2891 922 2947 Si
935 2903 1130 2960 corpus
1152 2897 1287 2953 erat,
1301 2887 1346 2941 si
1372 2901 1496 2941 caro
1510 2893 1561 2939 et
1576 2892 1694 2937 ossa
1708 2883 1877 2947 erant,

297 2990 343 3045 si
371 2989 473 3046 hoc
517 2986 747 3043 surrexit
777 2985 844 3041 de
874 2985 1136 3055 sepulcro,
1170 2981 1311 3053 quod
1348 2979 1596 3051 pependit
1625 2977 1676 3032 in
1706 2976 1878 3048 ligno;

300 3083 568 3155 quomodo
611 3097 708 3153 per
746 3079 924 3136 clausa
954 3078 1088 3134 ostia
1118 3077 1314 3132 intrare
1345 3073 1544 3146 potuit?
1573 3074 1626 3130 Si
1655 3085 1758 3127 non
1788 3077 1885 3142 po-

303 3175 419 3236 tuit,
453 3173 660 3238 dicunt,
689 3173 804 3226 Non
831 3179 910 3227 est
943 3169 1159 3225 factum.
1186 3168 1243 3224 Si
1273 3167 1472 3238 potuit,
1497 3161 1762 3236 quomodo
1791 3171 1886 3236 po-

301 3269 435 3322 tttit?
459 3267 512 3324 Si
545 3266 953 3338 comprehendis
979 3265 1193 3320 modum
1213 3306 1227 3330 ,
1257 3278 1361 3317 non
1406 3268 1487 3316 est
1530 3255 1880 3314 miraculum:

303 3369 356 3414 et
384 3359 428 3415 si
460 3359 768 3414 miraculum
795 3352 885 3412 tibi
916 3372 1017 3412 non
1047 3355 1273 3419 videtur,
1296 3353 1620 3424 propinquas
1647 3349 1704 3406 ut
1722 3355 1886 3421 neges

303 3453 424 3522 quia
455 3463 506 3507 et
533 3452 598 3507 de
629 3451 874 3521 Sepulcro
901 3447 1210 3503 resurrexit.
1238 3444 1462 3514 ilcSpice
1501 3445 1568 3497 ah
1607 3443 1758 3498 initio
1787 3442 1888 3497 mi-

303 3544 479 3598 racula
499 3542 705 3596 Domini
731 3542 824 3607 tui,
843 3551 895 3596 et
922 3538 1083 3594 redde
1105 3535 1232 3592 mihi
1261 3535 1327 3590 de
1353 3533 1572 3604 singulis
1599 3534 1881 3589 rationem.

303 3633 400 3689 V'ir
429 3647 534 3687 non
563 3633 805 3696 accessit,
839 3639 891 3685 et
915 3631 1062 3698 virgo
1088 3626 1348 3696 concepit.
1377 3619 1560 3679 Redde
1586 3623 1844 3677 rationem
1868 3664 1883 3690 ,

302 3722 572 3794 quomodo
601 3721 715 3776 sine
741 3719 976 3774 masculo
1002 3719 1149 3788 virgo
1169 3716 1490 3786 conceperit.
1511 3711 1611 3770 Ubi
1634 3712 1889 3768 defecerit

301 3816 460 3879 ratio,
491 3813 561 3868 ibi
602 3821 684 3867 est
728 3811 848 3867 fidei
894 3809 1194 3865 aedificatio.
1235 3807 1378 3864 Ecce
1417 3807 1581 3861 habes
1621 3821 1784 3860 unum
1832 3803 1888 3860 in

305 3905 514 3961 Domini
559 3911 816 3972 conceptu
863 3897 1362 3956 miraculumzaudi
1401 3899 1560 3954 etiam
1608 3897 1659 3952 in
1708 3905 1886 3967 partu.

306 3997 469 4069 Virgo
499 3998 720 4068 peperit,
751 4004 806 4051 et
828 3995 977 4064 virgo
1000 3993 1311 4066 permansit.
1343 3991 1457 4047 Jam
1484 4002 1606 4046 tunc
1630 3989 1888 4045 Dominus

308 4100 590 4159 antequam
638 4095 982 4159 resurgeret,
1035 4093 1128 4157 per
1172 4087 1350 4141 clausa
1399 4082 1533 4139 ostia
1581 4095 1734 4138 natus
1780 4087 1885 4138 est.

310 4168 514 4249 Quaeris
539 4195 568 4234 a
592 4195 678 4236 me
705 4187 758 4235 et
783 4179 914 4235 dicis
936 4177 1019 4235 :Si
1041 4185 1134 4248 per
1163 4177 1340 4232 clausa
1369 4176 1500 4231 ostia
1529 4175 1772 4241 intrarit,
1797 4174 1888 4230 ubi

310 4281 393 4328 est
433 4271 670 4343 corporis
715 4269 946 4327 modus?
984 4270 1050 4324 Et
1091 4279 1189 4339 ego
1235 4267 1534 4338 respondeo
1577 4285 1589 4320 :
1631 4265 1685 4322 Si
1729 4275 1890 4336 scper

311 4378 457 4418 mare
491 4362 810 4429 ambulavit,
844 4359 931 4415 ubi
974 4368 1055 4415 est
1097 4359 1333 4430 corporis
1364 4357 1608 4428 pondUs?
1633 4357 1736 4414 Sed
1767 4355 1890 4414 fecit

312 4456 440 4514 illud
471 4455 722 4510 Dominus
752 4461 998 4523 tanquam
1030 4449 1302 4507 Dominus.
1332 4450 1593 4521 Numquid
1621 4463 1746 4520 ergo
1766 4463 1889 4505 cum

309 4546 622 4610 resurrexit,
655 4544 855 4600 destitit
895 4559 1012 4598 esse
1058 4541 1346 4598 Dominus?
1379 4542 1512 4612 Quid
1538 4541 1676 4613 quod
1713 4551 1764 4597 et
1785 4541 1887 4598 Pe-

313 4651 451 4694 trum
481 4637 602 4693 fecit
622 4635 895 4690 ambulare
919 4643 1080 4705 super
1113 4647 1259 4689 mare
1287 4633 1496 4707 (Matth.
1529 4645 1636 4699 xiv,
1661 4633 1890 4706 25-29)?

309 4730 461 4799 Quod
482 4731 530 4784 in
550 4730 638 4785 illo
651 4727 897 4783 divinitas
927 4726 1182 4797 potuit,in
1213 4727 1314 4781 Isto
1339 4720 1468 4781 fides
1498 4726 1753 4797 implevit.
1786 4726 1890 4782 Sed

310 4822 582 4885 Christus,
615 4819 735 4889 quia
763 4819 961 4889 potuit;
994 4817 1216 4880 Petrus,
1250 4818 1369 4886 quia
1399 4814 1639 4872 Christus
1670 4817 1887 4887 adjuvit.

313 4913 368 4967 Si
413 4923 540 4982 ergo
569 4910 794 4981 coeperis
817 4910 834 4941 ⁵
862 4909 1092 4963 humano
1122 4921 1279 4962 sensu
1308 4905 1680 4961 miraculorum
1709 4907 1890 4962 discu-

312 5012 426 5057 tere
472 5001 766 5068 rationem,
794 5000 952 5055 timeo
998 5009 1064 5053 ne
1104 4997 1293 5066 perdas
1321 4995 1499 5051 fidem.
1529 4997 1711 5052 Nescis
1757 4998 1889 5053 nihil

314 5107 432 5150 esse
464 5094 788 5164 impossibile
819 5091 962 5147 Deo?
987 5090 1314 5159 Quicumque
1355 5097 1480 5159 ergo
1523 5089 1617 5145 tibi
1663 5088 1887 5157 dixerit,

315 5187 370 5242 Si
399 5187 612 5242 intravit
635 5202 727 5257 per
747 5185 881 5240 ostia
907 5184 1103 5247 clausa,
1125 5194 1229 5237 non
1249 5190 1366 5238 erat
1383 5191 1574 5250 corpus
1594 5199 1606 5235 :
1625 5182 1891 5254 responde

313 5287 370 5333 tu
398 5279 469 5332 illi
501 5294 530 5331 a
558 5277 858 5343 contrario,
892 5275 1002 5331 ltno
1042 5276 1084 5331 si
1114 5283 1282 5329 tactus
1311 5281 1422 5340 εει,
1456 5287 1646 5345 corpus
1672 5283 1814 5340 erat;
1846 5275 1891 5330 si

315 5369 672 5434 manducavit,
702 5383 896 5439 corpus
923 5373 1037 5423 erat
1064 5385 1076 5420 :
1107 5375 1159 5422 et
1179 5365 1302 5422 fecit
1327 5366 1453 5421 illud
1482 5361 1756 5435 miraculo,
1786 5381 1892 5423 non

316 5469 526 5516 natura.
575 5460 762 5517 Nonne
811 5459 1150 5516 admirandus
1199 5468 1280 5516 εει
1328 5459 1662 5530 quotidianus
1705 5475 1892 5516 cursus

316 5552 434 5623 ipse
467 5555 710 5608 naturae?
735 5553 923 5609 Omnia
953 5553 1221 5609 miraculis
1257 5553 1409 5623 plena
1451 5563 1572 5607 sunt
1600 5569 1612 5606 :
1640 5555 1732 5608 sed
1759 5553 1893 5608 assi-

316 5642 519 5700 duitate
547 5645 831 5701 viluerunt.
868 5645 1050 5702 Redde
1093 5644 1220 5700 mihi
1261 5646 1518 5700 rationem
1547 5664 1560 5700 :
1590 5646 1784 5718 aliquid
1813 5647 1895 5703 in-

379 5755 403 5796 ί
424 5758 565 5813 Alias.
586 5760 788 5814 coneris.

1642 266 1868 334 SERMO
1903 269 2168 330 CCLVIII.

3400 249 3540 321 “58

1970 395 2181 456 tcrrogo
2205 383 2270 439 de
2292 383 2557 438 consuetis
2576 397 2630 437 et
2654 380 2824 438 smilis
2848 399 2860 436 :
2888 378 3052 435 redde
3072 377 3354 442 rationem,
3381 391 3545 448 quare

1971 493 2076 536 tam
2116 494 2319 549 magum
2359 477 2564 534 arboris
2595 475 2674 532 lici
2702 489 2882 530 semen
2915 483 3020 528 tam
3047 471 3311 549 modicum
3338 480 3454 538 est,
3486 477 3546 526 ut

1968 573 2134 628 videri
2171 573 2255 626 vix
2287 571 2484 640 possit,
2529 578 2584 625 et
2630 567 2840 622 humilis
2886 565 3155 621 cucurbita
3198 572 3304 618 tam
3345 561 3548 633 grando

1970 675 2151 719 semen
2177 663 2332 732 parit.
2363 663 2419 717 In
2446 663 2534 716 illo
2567 671 2740 715 tamen
2769 674 2935 730 grano
2962 657 3182 713 seminis
3207 656 3430 726 exiguo,
3459 653 3546 708 vix

1969 757 2161 812 visibili
2181 797 2192 821 ,
2214 755 2260 810 si
2289 754 2594 810 consideres
2632 754 2836 816 animo,
2875 765 2980 805 non
3010 749 3210 814 oculis;
3239 747 3293 801 in
3321 747 3410 801 illa
3435 747 3546 801 exi-

1969 851 2188 922 guitate,
2218 849 2322 904 illis
2351 848 2626 918 angustiis.
2652 854 2708 900 et
2738 845 2885 900 radix
2915 844 3072 910 latet,
3101 850 3156 897 et
3187 840 3351 896 robur
3381 840 3550 894 inser-

1973 951 2083 998 tum
2111 949 2194 997 est
2213 983 2227 1009 ,
2258 950 2312 996 ct
2337 939 2460 995 folia
2493 940 2663 994 iutura
2691 938 2901 1008 alligata
2933 937 2950 968 ί
2983 944 3125 999 sunt,
3155 941 3207 988 et
3237 933 3435 986 fructus
3461 931 3548 1000 qui

1972 1035 2246 1106 apparebit
2272 1034 2322 1087 iu
2353 1032 2542 1087 arbore
2565 1071 2577 1094 ,
2602 1031 2710 1100 jam
2739 1038 2818 1084 est
2849 1027 3156 1098 praemissus
3189 1025 3210 1058 ⁸
3235 1023 3290 1078 in
3320 1024 3545 1079 semine.

1971 1127 2087 1183 Non
2118 1135 2250 1196 opus
2278 1133 2360 1179 est
2387 1123 2552 1177 multa
2581 1133 2928 1192 percurrere:
2955 1119 3023 1173 de
3047 1116 3366 1193 quotidiauis
3393 1115 3553 1168 rebus

1973 1230 2131 1274 nemo
2175 1217 2351 1272 reddit
2393 1216 2684 1280 rationem,
2714 1223 2768 1268 et
2795 1213 2962 1282 exigis
2986 1225 3017 1265 a
3039 1225 3128 1266 me
3168 1209 3234 1264 de
3281 1208 3554 1263 miraculis

1974 1311 2257 1366 mtionem.
2285 1307 2629 1377 Evangelium
2661 1319 2786 1376 ergo
2811 1304 2948 1374 lege,
2977 1310 3031 1358 et
3054 1302 3214 1358 crede
3245 1301 3384 1356 facta
3431 1314 3549 1369 qua:

1975 1403 2108 1456 mira
2137 1411 2279 1456 sunt.
2309 1401 2434 1455 Plus
2475 1407 2557 1454 est
2592 1397 2734 1467 quod
2779 1395 2906 1452 fecit
2936 1395 3106 1460 Deus,
3137 1403 3192 1448 et
3235 1409 3342 1447 non
3391 1393 3555 1445 mira-

1975 1495 2051 1550 ris
2076 1494 2219 1565 quod
2243 1492 2452 1549 excedit
2479 1491 2655 1547 omnia
2682 1503 2844 1560 opera
2872 1503 2887 1543 :
2915 1485 3045 1542 nihil
3072 1495 3214 1553 erat,
3241 1492 3298 1541 et
3323 1483 3554 1540 mundus

1975 1592 2075 1640 est.

2043 1678 2100 1733 5.
2133 1673 2478 1747 Con/innatar-
2505 1691 2568 1730 ea:
2591 1674 2725 1728 dicto
2757 1671 2962 1728 Domini
3002 1671 3064 1724 de
3103 1667 3313 1735 cameio,
3341 1667 3427 1736 qui
3452 1664 3560 1721 Deo

1977 1770 2190 1840 faciente
2211 1777 2370 1839 potest
2390 1769 2583 1822 intrare
2604 1783 2691 1837 per
2707 1770 2933 1838 foramen
2954 1779 3093 1817 acus.
3114 1761 3219 1818 Sed
3241 1776 3345 1815 non
3367 1759 3558 1829 potuit,

1978 1863 2172 1934 inquis,
2207 1863 2451 1932 corporis
2475 1862 2643 1916 moles
2671 1859 2898 1916 transire
2929 1871 3022 1928 per
3046 1857 3179 1910 ostia
3196 1895 3209 1920 ,
3238 1869 3358 1925 quae
3382 1853 3563 1907 clausa

1979 1964 2150 2012 erant.
2177 1955 2379 2024 Quanta
2407 1965 2524 2010 erat
2555 1956 2642 2009 illa
2669 1954 2837 2010 moles
2857 1993 2870 2017 ,
2897 1961 3027 2022 rogo
3052 1951 3139 2006 te?
3165 1949 3331 2004 Tanta
3359 1948 3561 2017 utique,

1978 2057 2173 2119 quanta
2200 2055 2282 2102 est
2309 2047 2362 2102 in
2388 2047 2634 2102 omnibus
2662 2043 2954 2116 :numquid
2983 2051 3152 2110 tanta,
3184 2049 3379 2112 quanta
3409 2047 3492 2094 est
3511 2039 3565 2091 in

1980 2137 2228 2196 camelo?
2257 2139 2372 2195 Non
2417 2141 2598 2210 utique
2648 2148 2814 2193 tanta.
2845 2137 2984 2208 Lege
3029 2137 3378 2206 Evangelium
3401 2177 3416 2202 ,
3445 2131 3567 2188 audi

1980 2231 2152 2301 ipsum
2177 2247 2192 2285 :
2222 2227 2586 2286 difficultatem
2629 2229 2807 2286 divitis
2836 2230 3081 2285 intrantis
3117 2230 3170 2283 in
3203 2239 3424 2298 regnum
3455 2241 3568 2280 ete-

1981 2324 2154 2378 lorutn
2183 2338 2306 2379 eum
2337 2325 2595 2378 voluisset
2635 2321 2949 2387 ostendere,
2991 2323 3099 2389 ait,
3141 2319 3371 2373 Facilius
3411 2319 3568 2372 intrat

1985 2417 2206 2471 cantatas
2235 2429 2323 2488 per
2343 2421 2569 2488 foramen
2595 2431 2734 2482 actis,
2769 2423 2921 2486 quam
2951 2413 3084 2468 dives
3103 2414 3156 2468 in
3175 2419 3388 2484 regnant
3411 2411 3567 2465 caelo-

1984 2525 2120 2564 rum.
2150 2509 2263 2564 Hoc
2288 2509 2468 2564 audito
2488 2509 2769 2579 discipuli,
2794 2507 3196 2563 considerantes
3228 2505 3373 2561 nullo
3410 2503 3571 2560 modo

1987 2601 2100 2656 ﬁeri
2124 2609 2282 2671 posse
2304 2609 2364 2656 ut
2386 2601 2623 2656 eameius
2650 2613 2746 2671 per
2768 2599 3004 2655 foramen
3028 2609 3154 2653 acus
3179 2599 3420 2661 intraret,
3445 2609 3573 2651 con-

1987 2695 2179 2750 tristati
2206 2703 2330 2748 sunt
2353 2693 2489 2764 apud
2513 2707 2590 2758 se,
2617 2692 2856 2748 dicentes
2886 2708 2900 2744 :
2931 2691 2992 2746 Si
3016 2691 3087 2744 ita
3114 2692 3456 2761 est,quisnam
3481 2701 3572 2760 po-

1989 2785 2100 2838 terit
2127 2784 2322 2838 salvere
2341 2783 2698 2854 semetipsum?
2718 2782 2776 2838 Si
2804 2781 3010 2838 facilius
3039 2781 3196 2836 intrat
3226 2781 3458 2836 camelos
3479 2795 3575 2850 per

1988 2872 2234 2930 foramen
2263 2888 2390 2929 acus
2415 2883 2574 2944 quam
2597 2873 2748 2930 dives
2773 2873 2824 2927 in
2851 2881 3075 2942 regnum
3103 2871 3360 2926 ctelorum
3385 2887 3398 2936 ;
3429 2871 3574 2925 nullo

1989 2968 2150 3024 modo
2171 2975 2347 3037 potest
2363 2968 2600 3023 eamelus
2622 2967 2821 3022 intrare
2842 2979 2938 3037 per
2959 2964 3194 3020 foramen
3217 2973 3374 3030 acus;
3399 2963 3574 3019 nullus

1990 3074 2116 3132 ergo
2140 3060 2359 3114 divitum
2380 3060 2571 3114 salvari
2597 3068 2793 3130 potest.
2819 3057 3113 3128 Respondit
3137 3057 3389 3112 Dominus
3413 3074 3426 3110 :
3450 3056 3577 3121 Quae

1992 3153 2280 3209 hominibus
2319 3153 2649 3224 impossibilia
2692 3163 2844 3218 sunt,
2890 3151 2996 3206 Deo
3042 3151 3217 3222 facilia
3262 3160 3377 3204 sunt
3425 3143 3573 3219 (an.

1992 3261 2151 3311 xvm,
2195 3245 2414 3317 25-21).
2451 3246 2632 3302 Potest
2661 3246 2800 3302 Deus
2827 3251 2882 3300 et
2904 3243 3163 3300 camelnm
3202 3255 3298 3312 per
3340 3241 3575 3296 foramen

1992 3353 2121 3396 acus
2149 3341 2418 3410 trajicere,
2447 3347 2502 3395 et
2528 3340 2744 3396 divitem
2773 3338 3115 3394 introducere
3137 3337 3188 3390 in
3216 3343 3435 3406 regnum
3463 3347 3576 3389 cte-

1994 3433 2186 3488 lorum.
2217 3433 2354 3500 Quid
2385 3432 2516 3486 mihi
2545 3431 2611 3486 de
2639 3433 2789 3486 ostiis
2815 3431 3008 3485 clausis
3032 3426 3407 3483 calumniaris?
3427 3425 3577 3480 Ostia

1965 3520 2170 3580 clausa
2203 3525 2400 3580 habent
2426 3525 2510 3579 vel
2537 3525 2724 3580 rimam
2752 3539 2764 3576 :
2790 3537 3038 3594 compara
3080 3523 3269 3577 rimam
3315 3520 3574 3574 ostiorum

1993 3614 2242 3671 foramini
2264 3629 2412 3684 acus,
2427 3627 2674 3687 compara
2697 3616 2891 3669 molem
2917 3614 3091 3669 carnis
3109 3613 3355 3667 humanae
3376 3608 3578 3678 magni-

1996 3706 2167 3762 tudini
2195 3707 2521 3764 eamelorum
2543 3722 2558 3773 ;
2581 3713 2636 3762 et
2659 3705 2769 3762 noli
2795 3704 3107 3762 calumniari
3131 3703 3388 3760 divinitati
3416 3701 3576 3757 mira-
3633 3764 3636 3768 ,

1995 3799 2256 3856 ειιιοηιηιε

2418 3869 2648 3928 saeuo
2685 3867 3025 3926 ccxevur
3055 3869 3154 3941 (α).

2423 3989 2474 4034 In
2497 3983 2673 4034 diebus
2693 3981 3021 4044 Paschalibus,
3044 3994 3147 4032 xix.

1997 4085 2074 4141 De
2118 4085 2334 4142 lectione
2372 4085 2634 4158 Evangelii
2669 4087 2917 4153 Joannis,
2960 4103 3074 4156 cap.
3103 4091 3228 4150 XXI,
3252 4081 3381 4137 I-M
3407 4099 3419 4136 :
3442 4085 3490 4136 et
3517 4077 3581 4135 de

2070 4178 2264 4234 duabus
2292 4179 2672 4251 piscationibus,
2700 4187 2801 4233 una
2820 4187 2936 4233 ante
2964 4178 3267 4249 passionem,
3290 4173 3448 4229 altera
3469 4179 3579 4245 post

2067 4271 2480 4326 resurrectionem
2505 4270 2579 4342 (b)
2592 4312 2605 4325 .

2068 4361 2294 4419 CAPUT
2324 4361 2608 4419 PRIMUM.
2632 4393 2702 4404 -—
2724 4363 2774 4418 Ι.
2807 4359 3031 4416 Piscatio
3052 4360 3121 4414 ad
3145 4373 3282 4415 mare
3300 4355 3580 4413 Tiberiadis

1996 4471 2098 4511 non
2145 4459 2252 4512 sine
2295 4457 2552 4530 mysterio.
2587 4451 2652 4511 In
2682 4455 3039 4528 putationibus
3066 4453 3258 4509 duabus
3285 4453 3452 4522 ﬁgura
3483 4449 3580 4504 Er—

1995 4547 2160 4603 clest'a:
2185 4551 2442 4619 praetentis
2469 4565 2528 4603 ac
2557 4553 2762 4621 j‘uturte.
2793 4548 2860 4602 Et
2884 4546 3044 4603 hodie
3068 4547 3225 4601 lectio
3251 4543 3464 4599 recitata
3497 4547 3577 4596 est

1995 4640 2062 4696 de
2105 4640 2186 4696 his
2225 4657 2342 4712 quae
2387 4640 2523 4697 facta
2563 4649 2686 4696 sunt
2728 4643 2848 4711 post
2888 4639 3335 4695 resurrectimiem
3366 4633 3575 4690 Domini

1997 4734 2286 4791 secundum
2317 4733 2690 4808 evangelistam
2727 4734 3008 4790 Joannem.
3045 4725 3259 4787 Audivit
3299 4728 3575 4783 nobiscum

1997 4827 2240 4882 Charitas
2275 4835 2447 4883 vestra
2471 4869 2484 4893 ,
2524 4825 2803 4884 Dominum
2832 4827 3012 4884 Jcsum
3045 4821 3310 4880 Christum
3339 4821 3402 4875 ad
3432 4837 3580 4875 mare

1999 4917 2293 4973 Tiberiadis
2340 4919 2641 4976 ostendisse
2683 4936 2739 4975 se
2788 4918 3061 4988 discipulis
3102 4916 3239 4982 suis;
3273 4925 3326 4970 et
3354 4913 3440 4986 qui
3488 4929 3580 4967 eos

1993 5009 2103 5080 jam
2149 5009 2347 5063 fecerat
2392 5007 2679 5078 piscatores
2723 5005 3026 5074 hominum,
3059 5007 3262 5062 invenit
3289 5020 3382 5061 eos
3409 5003 3582 5058 adhuc

1999 5101 2287 5171 piseatorcs
2308 5099 2552 5171 piscium.
2578 5101 2677 5155 Per
2701 5110 2864 5155 totam
2899 5108 3107 5154 noctem
3137 5096 3265 5151 nihil
3285 5103 3578 5167 ceperunt:

1997 5193 2112 5248 viso
2140 5195 2316 5248 autem
2348 5192 2608 5259 Domino,
2659 5199 2712 5246 et
2749 5208 2813 5247 eo
2847 5185 3066 5262 jubente
3110 5190 3241 5245 retia
3285 5188 3579 5256 mittentes,

2064 5330 2085 5398 ξ
2109 5327 2248 5398 alias,
2270 5325 2476 5398 occulta.

2067 5389 2087 5421 ει
2116 5389 2256 5447 Alias,
2282 5389 2561 5454 promissus.

2062 5454 2080 5470 ·
2102 5445 2389 5515 secognitus
2409 5457 2486 5500 est
2516 5452 2564 5499 in
2595 5447 2735 5515 libris
2772 5453 2809 5499 t.
2836 5455 2934 5497 am.
2957 5451 3033 5496 Er.
3066 5456 3169 5498 Par.
3193 5452 3303 5498 tm.
3333 5447 3455 5498 etin
3475 5445 3585 5496 Fata

2000 5516 2155 5587 getttii
2171 5511 2389 5587 gqperulm
2413 5511 2705 5587 ytpendice:

2084 5577 2133 5634 (ι)
2160 5571 2298 5632 Alias,
2323 5575 2386 5624 de
2417 5571 2654 5634 Tempore
2681 5571 2786 5624 148.

2081 5634 2132 5698 b)
2157 5643 2207 5685 in
2229 5636 2426 5685 Possidii
2443 5634 2668 5695 Ianiculo,
2683 5643 2790 5698 cap.
2805 5635 2856 5696 Β,
2883 5636 3112 5687 tractatus
3135 5637 3228 5686 istc
3252 5635 3358 5685 sive
3375 5642 3589 5698 sequen-

2000 5698 2078 5773 tes
2100 5698 2418 5773 {renouatus
2439 5698 2620 5773 verbis
2635 5712 2668 5773 εγ
2693 5715 2716 5745 α
2747 5707 2815 5769 pe
2841 5708 3040 5752 centum
3061 5700 3409 5764 quinquaginta
3430 5698 3589 5749 tribus

2002 5761 2230 5823 uiscibus,
2249 5774 2313 5812 ex
2329 5759 2586 5824 Evangelio
2600 5760 2808 5816 Joannis.
2825 5777 2847 5808 ιι
