4056 6432
525 376 664 434 1159

525 500 782 562 ceperunt
824 498 1077 560 quantum
1117 503 1399 545 numerum
1426 484 1666 543 audistis.
1692 486 1973 558 Nunquam
2004 487 2107 545 hoc

528 583 784 638 Dominus
805 581 1045 651 jubet-et,
1079 581 1180 635 nisi
1205 580 1403 652 aliquid
1431 579 1730 651 signiﬁcare
1755 580 1932 646 vellet,
1964 578 2109 651 quod

523 674 679 729 nobis
717 688 877 728 nosse
904 674 1198 743 expediret.
1228 673 1366 740 Quid
1404 689 1532 744 ergo
1574 689 1668 743 pro
1705 688 1898 744 magno
1937 672 2110 743 potuit

521 767 589 820 ad
626 765 810 822 Jesum
850 765 1118 821 Christum
1149 768 1450 836 pertinere,
1480 767 1526 821 si
1556 765 1730 836 pisces
1765 774 2106 836 caperentur,

523 870 613 910 aut
641 859 688 912 si
721 874 825 913 non
855 859 1210 928 caperentur?
1238 857 1344 915 Sed
1369 859 1457 914 illa
1487 859 1726 929 piscatio,
1771 870 1952 916 nostra
1990 867 2108 915 erat

522 950 858 1019 signiﬁcatio.
895 952 1216 1007 Recolamus
1255 967 1382 1022 ergo
1425 952 1702 1008 vobiscum
1725 951 1856 1008 duas
1883 952 2000 1006 illas
2026 952 2108 1021 pi-

523 1045 787 1098 scationes
827 1044 1210 1114 discipulorum
1252 1045 1418 1100 factas
1447 1044 1669 1115 jubente
1712 1045 1937 1099 Domino
1979 1042 2108 1099 Jesu

521 1137 758 1202 Christo,
789 1152 948 1190 unam
979 1145 1102 1192 ante
1131 1137 1434 1205 passionem
1453 1179 1468 1202 ,
1496 1137 1722 1191 alteram
1765 1144 1886 1206 post
1923 1151 2107 1190 resur-

524 1229 832 1284 rectionem.
867 1229 922 1284 ln
947 1229 1030 1285 his
1056 1245 1185 1300 ergo
1209 1229 1414 1284 duabus
1438 1230 1817 1299 piscationibus
1845 1238 1952 1284 tota
1973 1228 2107 1300 ﬁgu-

525 1333 668 1377 ratur
702 1323 937 1378 Ecclesia
957 1366 973 1390 ,
1003 1335 1057 1380 et
1084 1324 1252 1395 qualis
1282 1332 1365 1378 est
1401 1325 1581 1390 modo,
1612 1333 1666 1379 et
1697 1323 1869 1395 qualis
1907 1325 2009 1378 erit
2054 1323 2106 1378 in

523 1415 912 1470 resurrectione
938 1423 1288 1470 mortuorum.
1317 1414 1472 1469 Modo
1501 1414 1646 1489 enim
1680 1414 1840 1468 habet
1867 1413 1982 1468 sine
2011 1429 2111 1467 nu-

522 1519 669 1558 mero
699 1505 915 1572 multos,
939 1515 994 1560 et
1018 1506 1186 1560 bonos
1205 1515 1259 1562 et
1283 1507 1485 1562 malos:
1514 1516 1635 1576 post
1656 1507 2106 1562 resurrectionem

520 1609 696 1654 autem
732 1601 943 1654 habebit
967 1609 1115 1654 certo
1141 1616 1362 1655 numero
1391 1599 1535 1654 solos
1563 1601 1752 1655 bonos.

591 1689 818 1746 CAPUT
847 1689 910 1744 ll.
934 1721 1003 1732 —
1021 1689 1076 1743 2.
1101 1689 1324 1746 Piscatio
1365 1692 1547 1759 prima.
1581 1691 1950 1746 Recordamini
1978 1704 2108 1761 ergo

521 1781 746 1850 primam
777 1781 1122 1850 piscationem
1141 1823 1154 1846 ,
1189 1783 1278 1836 ubi
1309 1782 1588 1837 videamus
1616 1782 1906 1838 Ecclesiam
1936 1781 2108 1851 qualis

519 1881 604 1928 est
632 1873 684 1927 in
715 1876 816 1928 isto
839 1883 1097 1944 tempore.
1132 1876 1385 1930 Dominus
1415 1875 1573 1931 Jesus
1593 1877 1793 1931 invenit
1818 1876 2107 1945 discipulos

519 1979 646 2019 suos
677 1966 942 2034 piscantes
963 2008 978 2034 ,
1007 1966 1220 2037 quando
1257 1967 1486 2035 primum
1529 1982 1622 2023 eos
1665 1967 1904 2031 vocavit,
1938 1975 1996 2022 ut
2023 1981 2109 2022 se-

519 2067 810 2126 querentur
833 2073 978 2113 eum.
1002 2059 1152 2114 Tunc
1197 2066 1306 2114 tota
1347 2068 1501 2116 nocte
1548 2059 1678 2113 nihil
1719 2068 1995 2130 ceperunt.
2028 2059 2108 2114 Eo

518 2157 698 2202 autem
727 2150 866 2214 viso,
897 2150 1181 2205 audierunt
1203 2151 1272 2206 ab
1302 2152 1413 2218 illo,
1449 2151 1638 2207 Mittite
1675 2153 1820 2207 retia.
1862 2151 2102 2218 Domine,

520 2238 785 2308 inquiunt,
813 2257 906 2310 per
926 2251 1082 2295 totam
1116 2253 1311 2297 noctem
1341 2243 1468 2297 nihil
1495 2244 1754 2314 cepimus;
1780 2244 1867 2299 sed
1907 2261 2016 2299 ecce
2050 2245 2128 2324 in,

517 2333 663 2386 verba
689 2342 775 2387 tuo
794 2344 897 2389 rete
915 2336 1180 2397 mittimus.
1209 2337 1486 2405 Miserum,
1516 2338 1735 2408 jubente
1759 2339 2108 2410 Omnipoten-

521 2433 591 2478 te.
623 2424 759 2492 Quid
789 2427 963 2496 potuit
997 2427 1142 2484 aliud
1172 2429 1319 2494 ﬁeri,
1356 2430 1459 2485 nisi
1497 2429 1638 2499 quod
1682 2431 1770 2486 ille
1811 2431 2106 2487 voluisset?

517 2513 622 2570 Sed
653 2524 830 2571 tamen
856 2516 1046 2573 eodem
1088 2518 1206 2588 ipso
1247 2517 1390 2574 facto
1425 2519 1625 2589 aliquid
1657 2519 1846 2588 nobis,
1875 2529 1933 2576 ut
1957 2521 2102 2590 dixi,

517 2606 661 2675 quod
699 2623 858 2664 nosse
896 2609 1185 2678 expediat,
1215 2610 1515 2682 signiﬁcare
1543 2611 1788 2682 dignatus
1815 2621 1916 2668 est.
1946 2613 2103 2669 Missa

517 2706 642 2752 sunt
666 2699 819 2753 retia.
848 2689 1323 2756 Adhuc'Dominus
1343 2702 1582 2758 nondum
1602 2713 1718 2758 erat
1739 2719 1946 2773 passus,
1972 2720 2106 2761 non-

516 2787 646 2842 dum
671 2801 1056 2846 resurrexerat.
1090 2792 1248 2846 Missa
1272 2802 1396 2847 sunt
1425 2795 1556 2848 retia
1581 2811 1596 2848 :
1617 2802 1873 2863 ceperunt
1903 2803 2104 2850 tantum

519 2879 765 2948 piscium,
787 2891 846 2937 ut
869 2881 976 2936 duo
1003 2882 1211 2953 navigia
1241 2883 1610 2953 implerentur,
1637 2892 1693 2939 et
1717 2885 1831 2955 ipsa
1852 2887 1982 2941 retia
2009 2902 2102 2943 ea-

516 2973 638 3028 dem
669 2973 890 3043 piscium
919 2975 1256 3031 multitudine
1272 2977 1644 3049 scinderentur
1668 2976 1820 3047 (Luc.
1843 2994 1897 3046 v,
1924 2979 2098 3051 1-H).

519 3063 784 3120 Tuncillis
799 3065 960 3121 dixit:
989 3066 1159 3121 Venite
1174 3078 1219 3121 et
1233 3069 1421 3139 faciam
1443 3085 1529 3122 uos
1550 3070 1821 3139 piscatores
1842 3072 2101 3126 hominum

518 3153 731 3229 (Matth.
757 3171 830 3220 tv,
861 3156 975 3228 i9).
1008 3159 1340 3227 Acceperunt
1384 3160 1451 3214 ab
1495 3159 1586 3214 illo
1634 3163 1764 3215 retia
1794 3161 1940 3216 verbi
1969 3162 2098 3231 Dei,

516 3245 777 3300 miserunt
807 3245 858 3300 in
891 3247 1144 3302 mundum
1185 3259 1434 3318 tanquam
1464 3249 1516 3304 in
1544 3267 1694 3305 mare
1733 3251 2052 3322 profundum
2081 3271 2096 3309 :

515 3348 774 3408 ceperunt
815 3352 1066 3409 quantam
1113 3341 1500 3398 multitudinem
1525 3342 1954 3400 Christianorum
1983 3361 2102 3403 cer-

514 3432 691 3487 nimus
718 3441 773 3488 et
799 3433 1071 3488 miramur.
1104 3434 1216 3488 Duo
1241 3444 1418 3490 autem
1449 3436 1538 3489 illa
1563 3437 1766 3507 navigia
1787 3479 1802 3504 ,
1831 3438 1966 3494 duos
2006 3455 2101 3510 po-

516 3527 670 3595 pulos
694 3527 1080 3597 signiﬁcabant,
1098 3527 1401 3584 Judaeorum
1424 3537 1481 3584 et
1507 3529 1778 3596 Gentium,
1806 3532 2100 3604 Synagogze

513 3626 570 3672 et
599 3616 1306 3685 Ecclesiae,circumcisionis
1332 3629 1386 3674 et
1419 3623 1679 3690 praeputii.
1710 3623 1925 3679 Illorum
1953 3625 2098 3680 enim

514 3709 740 3764 duorum
789 3710 1152 3780 navigiorum,
1182 3721 1428 3781 tanquam
1473 3712 1696 3768 duorum
1741 3717 1999 3784 parietum
2029 3716 2097 3772 de

513 3800 724 3857 diverso
777 3802 1146 3867 venientium,
1200 3803 1334 3874 lapis
1405 3804 1672 3874 angularis
1723 3815 1806 3861 est
1857 3805 2097 3862 Christus

515 3892 728 3965 (Ephes.
758 3910 828 3958 ιι,
864 3893 1076 3966 11-22).
1108 3893 1213 3949 Sed
1243 3895 1368 3964 quid
1397 3895 1735 3952 audivimus?
1774 3897 1848 3951 lbi
1888 3913 2096 3968 preme-

515 3984 706 4038 bantur
733 3985 936 4054 navigia
970 4001 1077 4054 pra:
1107 3987 1460 4041 multitudine.
1509 3987 1598 4041 Sic
1629 3988 1688 4041 lit
1717 3988 1875 4042 modo
1903 4006 1915 4040 :
1943 3989 2092 4043 ntulti

512 4073 786 4129 christiani
807 4077 895 4146 qui
923 4077 1060 4131 male
1085 4078 1285 4140 vivunt,
1305 4067 1592 4132 Ecclesiam
1618 4088 1881 4147 premunt.
1900 4079 2092 4135 Parum

512 4176 596 4222 est
619 4170 738 4239 quia
767 4179 1013 4238 premunt
1036 4188 1050 4201 ο
1075 4178 1129 4224 et
1156 4170 1290 4224 retia
1315 4169 1670 4240 disrumpunt.
1717 4169 1850 4225 Nam
1896 4172 1940 4225 si
1986 4189 2092 4229 non

513 4270 695 4317 essent
719 4263 848 4317 retia
877 4263 1064 4329 scissa,
1095 4262 1382 4317 schismata
1409 4277 1512 4316 non
1533 4271 1712 4317 essent
1737 4263 2042 4318 commissa.

582 4351 808 4410 CAPUT
848 4351 933 4408 lll.
963 4383 1036 4394 —
1077 4355 1130 4409 5.
1177 4353 1413 4409 Secunda
1457 4354 1684 4422 piscatio.
1739 4355 2093 4410 Transeamus

511 4461 640 4517 ergo
668 4447 736 4501 ab
775 4446 874 4502 ista
905 4446 1197 4516 piscatione
1226 4463 1383 4518 quam
1415 4447 1721 4512 toleramus,
1763 4457 1817 4504 et
1852 4447 1918 4502 ad
1947 4449 2089 4503 illam

511 4539 784 4594 veniamus
839 4553 995 4607 quam
1046 4538 1297 4594 ardenter
1338 4549 1582 4610 Optamus
1625 4549 1680 4594 et
1725 4539 1956 4595 ﬁdeliter
1992 4554 2088 4593 ex-

508 4638 776 4700 optamus.
809 4627 945 4683 Ecce
972 4628 1230 4683 Dominus
1247 4641 1487 4684 mortuus
1513 4629 1722 4695 est,sed
1751 4630 2040 4684 resurrexit
2068 4645 2084 4682 :

507 4721 749 4791 apparuit
777 4719 844 4776 ad
875 4735 1020 4775 mare
1049 4721 1321 4789 discnpulis
1348 4727 1476 4784 suis,
1505 4721 1656 4790 jubet
1683 4736 1777 4776 eos
1806 4721 1938 4774 retia
1961 4720 2086 4774 mit-

509 4823 640 4878 tere,
671 4828 779 4868 non
811 4812 1324 4883 quomodocumque.
1360 4812 1638 4866 lntendite.
1669 4811 1802 4866 Nam
1833 4814 1884 4866 in
1918 4812 2086 4882 prima

507 4905 800 4971 piscatione
824 4919 928 4958 non
959 4904 1062 4958 illis
1100 4902 1252 4970 dixit,
1300 4903 1485 4957 Mittite
1513 4903 1643 4957 retia
1674 4904 1729 4958 in
1773 4903 2045 4959 dexteram
2065 4945 2083 4972 ,

504 5004 593 5048 aut
623 4995 672 5049 in
707 4996 999 5050 sinistram.
1040 4994 1174 5062 Quia
1217 4995 1261 5049 si
1301 4993 1533 5061 diceret,
1564 4994 1621 5048 In
1651 4993 1954 5062 sinistram;
1985 4995 2084 5050 soli

505 5089 626 5144 mali
672 5088 1098 5160 signiﬁcarentur
1138 5105 1152 5142 :
1194 5087 1238 5143 si
1275 5085 1508 5154 diceret,
1546 5087 1604 5142 ln
1631 5087 1943 5152 dexteram;
1985 5086 2085 5142 soli

503 5181 624 5235 boni
658 5181 1032 5252 ﬁgurarentur.
1060 5179 1182 5236 Ideo
1223 5195 1327 5235 non
1365 5179 1518 5246 dixit,
1547 5179 1655 5246 vel,
1689 5178 1744 5234 In
1769 5178 2040 5233 dexteram
2063 5217 2080 5244 ,

503 5272 609 5340 vel,
640 5271 696 5328 In
725 5273 992 5329 sinistram
1016 5313 1032 5338 ,
1074 5273 1194 5342 quia
1238 5273 1485 5341 permixti
1511 5281 1662 5327 erant
1690 5271 1933 5340 capiendi
1957 5270 2083 5326 boni

503 5381 623 5419 cum
653 5365 827 5420 malis.
859 5363 976 5419 Jam
1001 5362 1160 5420 modo
1181 5373 1299 5434 post
1325 5363 1772 5418 resurrectionem
1794 5363 1964 5434 qualis
1983 5363 2082 5418 erit

504 5458 762 5525 Ecclesia,
805 5457 1008 5525 audite,
1057 5457 1364 5524 discernite,
1391 5457 1637 5527 gaudete,
1668 5466 1898 5526 sperate,
1929 5471 2080 5512 com-

505 5549 834 5619 prehendite.
866 5549 1070 5614 Mittite,
1100 5549 1288 5620 inquit,
1317 5549 1446 5604 retia
1482 5549 1534 5602 in
1571 5547 1826 5602 dexteram
1866 5557 2076 5616 portent.

503 5642 620 5696 Jam
647 5642 852 5698 dexteri
877 5643 1159 5712 capiuntur
1196 5657 1212 5695 :
1257 5641 1388 5695 nulli
1432 5640 1555 5695 mali
1594 5640 1896 5695 timeantur.
1921 5639 2079 5695 Scitis

503 5749 643 5790 enuu
673 5735 793 5804 quia
823 5733 955 5788 dixit
984 5749 1042 5788 se
1067 5742 1431 5804 separaturum
1469 5746 1589 5788 esse
1626 5747 1754 5788 oves
1781 5732 1848 5787 ab
1872 5733 2074 5796 Inedis;

503 5842 630 5885 oves
662 5827 959 5900 positurum
1005 5829 1072 5886 ad
1103 5827 1370 5889 dexteram
1391 5870 1405 5889 .
1447 5826 1635 5885 haedos
1661 5823 1728 5881 ad
1765 5825 2030 5883 sinistram
2057 5844 2071 5882 :

1756 371 1814 428 S.
1855 367 2219 428 AUGUSTINI
2261 369 2562 429 EPlSCOPl

3673 371 3808 434 “00

2215 490 2446 546 sinistris
2475 489 2740 544 dicturum
2763 530 2776 554 ,
2817 485 2896 544 Ite
2935 489 2990 544 in
3030 490 3196 562 ignem
3239 501 3514 559 internum,
3570 492 3804 550 dexteris

2213 583 2501 650 dicturum,
2531 583 2754 654 Accipite
2779 601 2989 656 regnum
3020 583 3235 658 (Matth.
3269 602 3394 652 xxv,
3411 588 3499 653 41,
3520 587 3637 657 54).
3669 587 3802 645 Ecce

2217 675 2379 744 unde,
2412 675 2599 730 Mittite
2622 678 2749 731 retia
2775 677 2829 731 in
2862 676 3125 732 dexteram
3152 688 3367 749 partem.
3398 679 3683 748 Miserum,
3714 697 3801 737 ce-

2217 778 2412 840 perunt
2461 788 2478 824 :
2527 778 2704 826 certus
2742 780 2826 825 est
2868 785 3159 836 numerus;
3193 786 3352 826 nemo
3394 781 3479 828 est
3529 771 3604 827 ibi
3642 789 3802 844 super

2215 876 2498 916 numerum
2529 859 2906 934 (Psal.xxx1x,
2933 861 3007 934 6).
3039 862 3196 918 Modo
3221 872 3396 919 autem
3425 866 3611 935 quanti
3646 881 3800 937 super

2217 966 2495 1007 numerum
2520 952 2778 1008 accedunt
2803 953 2869 1008 ad
2895 954 3082 1018 altare,
3112 955 3165 1010 in
3192 956 3386 1025 pepulo
3407 957 3500 1012 Dei
3534 957 3802 1025 videntur,

2215 1050 2271 1096 et
2307 1044 2357 1096 in
2389 1043 2525 1098 libro
2551 1044 2672 1098 vita:
2700 1060 2806 1099 non
2842 1045 3164 1100 scribuntur.
3211 1044 3288 1100 lbi
3331 1063 3456 1118 ergo
3487 1057 3672 1103 certus
3702 1065 3802 1103 nu-

2214 1151 2394 1191 merus
2422 1146 2524 1192 est.
2562 1136 2643 1197 De
2683 1137 2874 1207 quibus
2911 1137 3146 1207 piscibus
3183 1147 3239 1194 et
3262 1153 3356 1194 vos
3374 1155 3495 1195 esse
3515 1140 3802 1205 atl‘ectate;

2213 1241 2320 1281 non
2355 1226 2620 1282 audiendo
2660 1237 2863 1282 tantum
2907 1237 2963 1284 et
2994 1229 3258 1284 laudando
3281 1272 3297 1297 ,
3337 1231 3430 1285 sed
3457 1232 3806 1302 intelligendo

2213 1329 2269 1372 et
2315 1317 2452 1372 bene
2489 1318 2734 1372 vivendo.
2787 1319 3065 1374 Mittuntur
3117 1336 3246 1392 ergo
3285 1323 3414 1376 retia
3443 1362 3462 1388 ,
3518 1324 3808 1394 capiuntur

2214 1409 2388 1478 pisces
2414 1411 2610 1481 magni.
2645 1411 2774 1478 Quis
2795 1421 2878 1466 est
2905 1413 3044 1466 enim
3090 1413 3159 1468 ibi
3189 1423 3313 1468 tunc
3338 1429 3557 1484 parvus,
3589 1416 3808 1486 quando

2213 1511 2372 1556 erunt
2409 1503 2645 1573 aequales
2685 1503 2900 1574 Angelis
2940 1505 3030 1560 Dei
3072 1503 3283 1578 (Matth.
3338 1523 3470 1572 xxn,
3521 1508 3658 1580 30)?
3700 1507 3806 1562 Ca-

2214 1593 2431 1662 piuntur
2462 1610 2590 1666 ergo
2616 1597 2789 1666 pisces
2823 1598 3021 1668 magni,
3068 1609 3281 1653 centum
3319 1601 3702 1670 quinquaginta
3753 1611 3812 1658 et

2214 1695 2342 1741 tres.
2372 1688 2521 1745 Dicet
2557 1690 2688 1743 mihi
2717 1691 2928 1760 aliquis,
2963 1689 3030 1745 Et
3063 1701 3139 1746 tot
3161 1702 3316 1746 erunt
3339 1694 3507 1748 sancti
3531 1693 3554 1746 ?
3580 1694 3740 1748 Absit
3769 1709 3802 1748 a

2212 1779 2368 1834 nobis
2400 1793 2456 1834 ut
2482 1789 2682 1835 tantam
2727 1783 3045 1851 paucitatem
3069 1797 3190 1838 esse
3218 1791 3527 1838 sanctorum
3548 1791 3604 1838 et
3625 1784 3681 1838 in
3714 1784 3806 1839 illo

2213 1885 2378 1941 regno
2417 1869 2717 1928 futurorum
2756 1875 2915 1928 etiam
2941 1873 3009 1930 de
3037 1875 3152 1930 sola
3175 1874 3274 1930 ista
3301 1875 3536 1932 Ecclesia
3558 1876 3807 1946 suspice-

2212 1976 2354 2015 mur.
2393 1961 2583 2017 Certus
2625 1979 2880 2019 numerus
2915 1965 3054 2020 erit:
3081 1965 3176 2020 sed
3204 1965 3370 2020 millia
3391 1966 3618 2020 millium
3648 1977 3807 2023 erunt

2211 2050 2280 2106 de
2307 2052 2504 2122 populo
2533 2051 2836 2109 Israelitico.
2877 2053 3110 2111 Joannes
3153 2066 3368 2110 sanctus
3392 2056 3448 2110 in
3476 2057 3807 2128 Apocalypsi

2211 2141 2281 2198 de
2309 2143 2424 2198 solo
2452 2145 2649 2214 populo
2682 2145 2844 2200 Israel
2877 2145 3163 2203 duodecies
3189 2147 3432 2203 duodena
3476 2148 3647 2204 millia
3674 2149 3807 2206 dicit

2211 2233 2417 2290 futuros
2437 2276 2452 2302 ,
2483 2235 2576 2306 qui
2603 2251 2662 2290 se
2681 2251 2800 2291 cum
2828 2237 3137 2293 mulieribus
3163 2254 3271 2293 non
3297 2240 3760 2310 conquinaverunt
3783 2258 3800 2308 ;

2213 2328 2444 2396 virgines
2487 2330 2632 2384 enim
2681 2340 3107 2400 permanserunt.
3162 2333 3228 2386 At
3280 2348 3406 2388 vero
3459 2332 3528 2388 de
3585 2336 3803 2390 czeteris

2210 2418 2454 2488 gentibus
2486 2420 2669 2475 venire
2706 2419 2833 2474 dicit
2873 2434 2995 2475 cum
3048 2420 3199 2475 stolis
3249 2421 3384 2477 albis
3433 2431 3578 2477 tanta
3630 2424 3802 2478 millia

2211 2509 2515 2579 hominum,
2563 2527 2684 2582 quae
2722 2527 3002 2568 numerare
3053 2527 3209 2568 nemo
3263 2523 3436 2584 potest
3468 2513 3678 2587 (Apoc.
3725 2531 3801 2572 vn

2209 2611 2258 2656 et
2293 2601 2426 2673 xtv).

2279 2691 2507 2749 CAPUT
2532 2691 2622 2748 IV.
2655 2723 2728 2734 —
2761 2695 2814 2748 4.
2862 2693 3117 2749 Numerus
3158 2695 3369 2765 piscium
3408 2696 3533 2767 quid
3570 2699 3804 2769 mysterii

2208 2785 2410 2841 habeat.
2458 2783 2720 2857 Praecpta
2753 2786 2924 2841 nullus
2965 2786 3173 2857 implet,
3210 2787 3307 2841 nisi
3351 2787 3562 2860 adjutus
3605 2792 3797 2862 gratia.

2208 2877 2439 2948 Aliquod
2465 2893 2594 2948 ergo
2620 2877 2828 2949 signum
2859 2879 2969 2932 vult
3009 2879 3108 2934 iste
3147 2895 3397 2935 numerus
3417 2922 3433 2949 ,
3464 2891 3517 2936 et
3543 2883 3800 2939 anniver-

2211 2971 2349 3026 saria
2376 2971 2714 3027 solemnitate
2739 2973 3001 3028 sermonis
3029 2974 3183 3043 hujus
3202 2990 3625 3032 commemorare
3646 2979 3800 3035 vobis

2208 3060 2380 3116 debeo
2399 3102 2412 3126 ,
2443 3062 2585 3131 quod
2615 3064 2758 3117 omni
2785 3079 2926 3117 anno
2947 3065 3129 3119 soletis
3155 3065 3358 3121 audire.
3387 3067 3616 3122 Centum
3640 3070 3800 3141 quin-

2207 3155 2454 3224 quaginta
2484 3163 2538 3209 et
2561 3163 2668 3209 tres
2692 3157 2886 3227 pisces,
2917 3172 3169 3211 numerus
3191 3167 3273 3213 est
3295 3159 3602 3229 signiﬁcans
3625 3163 3794 3219 millia

2206 3244 2434 3300 millium
2471 3255 2776 3301 sanctorqu
2807 3257 2964 3317 atque
2989 3247 3242 3303 ﬁdelium.
3275 3251 3449 3318 Quare
3471 3264 3654 3309 autem
3691 3255 3796 3311 isto

2208 3351 2430 3390 numero
2449 3345 2524 3390 tot
2544 3337 2728 3405 millia,
2751 3354 2871 3408 qua:
2900 3338 3070 3393 lutura
3095 3350 3218 3394 sunt
3239 3341 3292 3395 in
3320 3357 3481 3412 regno
3505 3346 3792 3416 caelorum,

2206 3430 2462 3485 Dominus
2487 3431 2782 3501 signiﬁcare
2807 3431 3052 3502 dignatus
3072 3433 3400 3490 est?Audite
3421 3453 3609 3506 quare.
3633 3439 3794 3496 Scitis

2205 3521 2401 3592 Legem
2452 3522 2632 3576 datam
2683 3537 2804 3578 esse
2838 3539 2938 3594 per
2969 3524 3185 3597 Moysen
3227 3528 3420 3598 populo
3466 3530 3585 3595 Dei,
3629 3541 3687 3587 et
3739 3534 3792 3588 in

2203 3614 2315 3684 ipsa
2367 3614 2506 3685 Lege
2544 3615 2871 3687 praecipuum
2911 3620 3316 3674 commemorari
3360 3621 3707 3694 Decalogum,
3738 3626 3792 3682 id

2203 3714 2318 3771 est,
2361 3705 2547 3762 decem
2579 3717 2843 3778 prmeepta
2871 3708 3049 3780 Legis.
3081 3709 3314 3778 Quorum
3343 3723 3425 3769 est
3453 3731 3620 3770 unum
3651 3733 3793 3787 prat-

2202 3810 2413 3868 ceptum
2438 3799 2506 3855 de
2530 3800 2754 3856 colendo
2793 3817 2899 3856 uno
2931 3803 3072 3867 Deo;
3106 3805 3392 3860 secundum
3419 3821 3746 3879 prreccptum
3769 3849 3788 3876 ,

2204 3889 2287 3944 Ne
2315 3892 2534 3960 accipias
2559 3908 2736 3946 nomen
2763 3892 2969 3946 Domini
3001 3893 3098 3947 Dei
3126 3896 3197 3948 tui
3226 3895 3279 3949 in
3310 3913 3534 3962 vanum;
3568 3901 3786 3956 tertium

2202 3994 2522 4053 prmceptum
2550 3984 2617 4039 de
2645 3985 3016 4041 observatione
3056 3987 3281 4053 sabbati,
3322 3989 3462 4058 quod
3493 3990 3788 4046 Christiani

2201 4075 2543 4144 spiritualiter
2567 4075 2872 4139 observant,
2909 4077 3076 4132 Judazi
3105 4079 3389 4135 carnaliter
3429 4082 3651 4136 violant.
3682 4083 3788 4140 lsta

2202 4167 2300 4220 tria
2339 4176 2601 4237 praecepta
2624 4166 2692 4222 ad
2723 4169 2887 4222 Deum
2917 4168 3208 4238 pertinent,
3233 4169 3432 4238 reliqua
3478 4185 3691 4242 septem
3715 4171 3785 4229 ad

2199 4257 2442 4313 homines
2472 4276 2484 4312 :
2521 4268 2734 4329 propter
2763 4259 2852 4313 illa
2877 4259 2980 4314 duo
3005 4261 3334 4330 principalia,
3365 4260 3562 4333 Diliges
3603 4265 3784 4318 Domi-

2199 4365 2318 4402 num
2341 4347 2506 4402 Deum
2527 4359 2666 4403 tuum
2689 4350 2740 4402 in
2764 4358 2864 4403 toto
2885 4349 3036 4404 corde
3059 4359 3164 4414 tuo,
3189 4360 3233 4406 et
3260 4367 3324 4404 ea:
3345 4360 3448 4404 tota
3468 4355 3642 4408 anima
3671 4364 3781 4423 tua,

2197 4449 2242 4496 et
2267 4459 2330 4497 ex
2356 4452 2459 4496 tota
2489 4451 2648 4496 mente
2675 4451 2800 4507 tua;
2848 4452 2894 4495 et
2931 4442 3111 4512 diliges
3152 4443 3438 4512 proximum
3479 4455 3628 4498 tuum
3672 4456 3773 4499 tan-

2195 4552 2348 4607 quam
2378 4545 2423 4588 te
2448 4535 2632 4604 ipsunt.
2664 4533 2731 4588 In
2754 4534 2832 4588 Itis
2860 4534 3054 4589 duobus
3083 4537 3334 4590 mandatis
3352 4577 3365 4600 ,
3400 4547 3505 4590 tota
3531 4537 3640 4594 Lex
3662 4556 3774 4609 pen-

2195 4629 2277 4680 det
2307 4636 2353 4680 et
2383 4625 2650 4698 Propheta:
2685 4624 2897 4697 (Matth.
2944 4642 3082 4692 xxn,
3117 4627 3326 4700 3740).
3357 4629 3490 4697 Quia
3521 4647 3651 4701 ergo
3674 4631 3770 4686 dus

2193 4727 2318 4773 sunt
2347 4718 2444 4771 ista
2476 4725 2765 4787 praecepta,
2793 4717 2845 4771 in
2873 4717 2965 4772 illo
2998 4717 3256 4788 Decalogo
3285 4721 3382 4774 tria
3414 4726 3684 4790 pertinent
3709 4721 3772 4778 ad

2193 4811 2532 4867 dilectionem
2573 4810 2694 4875 Dei,
2722 4819 2780 4865 et
2805 4820 3010 4880 septem
3039 4811 3105 4865 ad
3148 4811 3484 4868 dilectionem
3526 4817 3773 4884 proximi.

2193 4903 2322 4972 Quae
2358 4912 2484 4958 sunt
2525 4910 2730 4972 septem
2769 4903 3082 4972 pertinentia
3109 4902 3176 4958 ad
3207 4904 3514 4959 hominem?
3569 4905 3777 4960 Honora

2193 5007 2387 5066 patrem
2413 5005 2554 5048 tuum
2579 5002 2624 5048 et
2649 5003 2876 5060 matrem,
2899 4994 3018 5048 Non
3038 4995 3379 5062 mwchaberis,
3401 4994 3526 5050 Non
3558 4997 3776 5062 occides,

2194 5086 2316 5141 Non
2347 5085 2627 5156 furaberis,
2661 5083 2784 5140 Non
2812 5087 2996 5157 falsum
3023 5088 3359 5142 testimonium
3392 5089 3620 5156 dixeris,
3651 5087 3778 5142 Non

2191 5179 2514 5247 concupisces
2538 5193 2744 5230 uxorem
2773 5175 2988 5247 proximi
3014 5177 3112 5242 tui,
3148 5175 3272 5232 Non
3303 5179 3629 5250 concupisces
3666 5195 3776 5232 rem

2192 5269 2408 5339 proximi
2429 5268 2504 5322 tui
2531 5267 2721 5342 (Exod.
2752 5283 2842 5333 xx,
2871 5267 3046 5337 1-17).

2259 5361 2485 5418 CAPUT
2527 5361 2590 5415 V.
2617 5390 2690 5400 —
2714 5360 2838 5415 Haec
2865 5359 3051 5415 decem
3089 5370 3350 5430 praecepta
3389 5378 3550 5419 nemo
3589 5363 3779 5434 implet

2187 5454 2369 5510 vribus
2408 5453 2518 5508 suis
2537 5495 2552 5518 ,
2582 5453 2683 5508 nisi
2713 5453 2995 5521 adjuvetur
3013 5453 3181 5523 gratia
3213 5453 3326 5507 Dei.
3358 5453 3414 5508 Si
3439 5471 3570 5526 ergo
3596 5457 3774 5526 legem

2187 5563 2345 5602 nemo
2382 5547 2567 5616 implet
2601 5546 2801 5601 viribus
2843 5545 2974 5611 suis,
3019 5546 3121 5600 nisi
3159 5545 3296 5600 Deus
3325 5546 3542 5616 adjuvet
3567 5550 3776 5619 Spiritu

2187 5654 2316 5704 suo;
2364 5639 2475 5708 jam
2523 5638 2741 5693 recolite
2785 5635 3229 5706 quemadmodum
3273 5635 3506 5706 Spiritus
3552 5649 3776 5698 sanctos

2185 5731 2487 5801 septenario
2521 5744 2741 5784 numero
2769 5727 3202 5792 commendatur,
3229 5730 3384 5784 sicuti
3405 5741 3616 5787 sanctus
3637 5748 3777 5802 pro-

2188 5824 2343 5899 pheta
2373 5823 2536 5889 dicit,
2584 5821 2903 5892 implendum
2943 5820 3207 5878 hominem
3255 5821 3454 5892 Spiritu
3501 5825 3623 5896 Dei,
3668 5839 3775 5883 83-
