4056 6440
322 432 451 495 1161

320 553 530 624 ρίοηιίω
558 561 615 611 et
640 554 955 624 intellectus,
985 555 1189 614 consilii
1215 568 1269 615 et
1294 560 1631 633 fortitudinis,
1662 568 1900 624 scientias

317 652 368 700 et
396 645 637 715 pietatis,
680 645 878 716 Spiritu
923 648 1128 704 timoris
1156 650 1248 706 Dei
1282 651 1437 723 (Isai.
1477 671 1553 723 χι,
1580 656 1638 724 2,
1670 657 1748 727 5).
1778 658 1899 715 Ista:

315 738 888 808 septem‘opcrationes
915 742 1290 798 commendant
1333 749 1637 817 septenario
1676 766 1898 808 numero

312 830 567 901 Spiritum
597 842 842 888 sanctum
864 875 878 899 ,
910 836 999 905 qui
1038 838 1189 906 quasi
1218 838 1545 897 descendens
1571 842 1636 897 ad
1666 859 1782 911 nos,
1815 845 1897 900 in-

308 924 433 994 cipit
460 940 489 978 a
519 926 776 995 sapientia
799 968 812 992 ,
853 925 967 981 ﬁnit
993 927 1059 981 ad
1089 930 1353 985 timorem.
1377 931 1484 987 Nos
1506 942 1681 989 autem
1704 950 1893 991 ascen-

307 1015 497 1071 dentes
545 1017 825 1086 incipimus
861 1035 889 1072 a
932 1020 1157 1086 timore,
1201 1023 1505 1091 perlicimur
1530 1027 1581 1080 in
1612 1028 1889 1097 sapientia.

305 1106 521 1163 Initium
546 1110 689 1165 enim
715 1111 973 1182 sapientia:
1001 1113 1149 1167 timor
1175 1113 1376 1169 Domini
1412 1116 1593 1186 (Eccli.
1623 1135 1661 1185 ι,
1692 1119 1803 1190 16).
1835 1121 1892 1177 Si

303 1216 432 1271 ergo
469 1200 670 1271 Spiritu
701 1218 835 1272 opus
860 1212 940 1259 est
964 1212 1025 1258 ut
1053 1204 1133 1260 lex
1163 1206 1331 1275 possit
1366 1207 1605 1278 impleri,
1637 1210 1891 1266 accedant

302 1303 507 1365 septem
538 1295 604 1349 ad
631 1295 845 1360 decem,
895 1296 951 1351 lit
992 1313 1241 1353 numerus
1280 1299 1462 1355 decem
1494 1310 1549 1356 et
1580 1312 1801 1372 septem.
1832 1303 1888 1359 Si

300 1396 581 1457 computes
622 1387 689 1441 ab
731 1402 835 1442 uno
883 1402 1051 1459 usque
1089 1388 1154 1443 ad
1197 1390 1380 1446 decem
1408 1400 1462 1447 et
1490 1402 1722 1464 septem,
1757 1395 1890 1450 liunt

300 1486 518 1533 centum
552 1478 930 1549 quinquaginta
976 1488 1031 1535 et
1073 1488 1200 1536 tres.
1253 1481 1369 1537 Non
1412 1499 1546 1555 Opus
1584 1493 1666 1540 est
1708 1487 1887 1542 omnia

298 1584 444 1627 nunc
473 1584 777 1638 numerare,
806 1571 947 1641 apud
974 1588 1071 1628 VOS
1097 1584 1376 1630 numerate
1408 1593 1420 1629 Ζ
1449 1576 1527 1630 sic
1554 1585 1883 1648 computate,

295 1683 461 1722 unum
488 1675 543 1722 et
566 1666 674 1722 duo
693 1676 747 1723 et
772 1668 869 1722 tria
895 1677 949 1722 et
975 1676 1202 1738 quatuor
1225 1679 1350 1724 sunt
1375 1670 1579 1726 decem.
1605 1672 1886 1740 Quomodo

295 1760 483 1817 decem
514 1769 640 1816 sunt
658 1776 822 1816 unum
844 1770 897 1817 et
916 1761 1021 1816 duo
1042 1771 1094 1818 et
1124 1763 1221 1817 tria
1255 1772 1309 1818 et
1347 1773 1593 1835 quatuor,
1645 1765 1722 1820 sic
1748 1765 1885 1821 adde

294 1863 523 1910 caeteros
566 1869 816 1910 numeros
857 1870 1025 1925 usque
1049 1855 1115 1909 ad
1144 1856 1329 1912 decem
1354 1866 1407 1913 et
1431 1868 1634 1928 septem
1672 1876 1685 1912 :
1716 1868 1769 1915 et
1804 1859 1886 1913 in-

295 1946 449 2001 venis
474 1959 757 2000 numerum
786 1960 994 2021 sacrum
1026 1946 1258 2005 ﬁdelium
1286 1956 1447 2020 atque
1485 1960 1789 2006 sanctorum
1829 1951 1882 2008 in

296 2038 605 2097 caelestibus
636 2055 758 2097 cum
785 2040 1011 2096 Domino
1041 2040 1359 2098 futurorum.

743 2196 973 2253 ssnno
1009 2196 1262 2253 ccxux
1289 2201 1308 2221 ο
1339 2197 1439 2271 (α).

743 2316 791 2359 In
814 2310 988 2360 diebus
1009 2311 1326 2372 Paschalibus,
1351 2324 1437 2361 xx.

419 2415 499 2471 De
522 2415 697 2471 eadem
738 2416 943 2468 lectione
972 2424 1017 2470 et
1054 2416 1117 2469 de
1144 2416 1338 2471 duabus
1368 2417 1744 2487 piscationious.

365 2553 418 2607 1.
463 2550 690 2605 Piscatio
724 2554 873 2622 jussu
908 2549 1114 2605 Domini
1152 2555 1287 2623 facta
1314 2553 1521 2622 duplex.
1560 2553 1875 2612 Audivimus

296 2642 682 2713 Evangelium,
730 2641 1175 2711 quemadmodum
1220 2642 1473 2699 Dominus
1519 2644 1714 2711 Jesus,
1757 2654 1879 2716 post

293 2735 742 2791 resurrectionem
808 2734 1050 2804 apparuit
1107 2734 1379 2805 discipulis
1433 2736 1759 2806 piscantibus
1808 2739 1878 2795 ad

292 2843 440 2883 mare
460 2826 775 2883 Tiberiadis.
799 2826 1022 2894 Quando
1043 2842 1137 2882 eos
1162 2828 1367 2882 vocavit
1391 2830 1640 2899 primum,
1668 2831 1877 2888 dixerat

290 2919 370 2974 eis
401 2936 415 2973 :
458 2917 635 2973 Venite
659 2928 767 2989 post
796 2934 891 2985 me,
923 2928 969 2972 et
995 2919 1180 2990 faciam
1208 2936 1294 2973 vos
1323 2921 1592 2991 piscatores
1619 2924 1876 2979 hominum

290 3008 505 3079 (lauit.
534 3024 609 3076 IV,
638 3008 749 3080 19).
780 3009 848 3063 Et
877 3018 1000 3065 tunc
1024 3010 1235 3080 quidem
1265 3012 1476 3082 quando
1505 3014 1675 3069 vocati
1704 3027 1827 3071 sunt
1855 3059 1871 3084 ,

288 3099 354 3154 ad
379 3101 500 3169 ejus
528 3099 748 3154 verbum
794 3100 1062 3154 mittentes
1110 3100 1242 3155 retia
1266 3143 1281 3168 ,
1332 3114 1587 3172 ceperunt
1628 3121 1873 3177 magnam

288 3193 685 3249 multitudinem
725 3194 980 3262 piscium;
1012 3192 1105 3248 sed
1137 3211 1388 3251 numerus
1416 3212 1522 3253 non
1558 3208 1641 3254 est
1676 3199 1869 3257 dictus.

288 3285 495 3341 Deinde
542 3287 594 3339 in
642 3285 754 3355 ipsa
799 3285 1088 3356 piscatione
1118 3287 1311 3356 prima,
1346 3305 1449 3344 non
1495 3290 1572 3346 eis
1615 3292 1868 3362 dixerat,

288 3376 479 3431 Hittite
503 3386 606 3430 rete
632 3377 685 3429 in
715 3376 969 3430 dexteram
996 3386 1189 3447 partem
1213 3395 1230 3433 :
1258 3378 1351 3433 sed
1383 3388 1586 3436 tantum
1617 3382 1867 3453 dixerat,

288 3465 513 3531 Mittite;
545 3482 665 3534 nec,
714 3466 767 3520 ln
811 3466 1085 3521 dexteram
1130 3467 1293 3533 dixit;
1341 3485 1458 3537 nec,
1489 3470 1544 3526 ln
1576 3473 1865 3530 sinistram.

284 3557 487 3628 Captus
515 3566 598 3613 est
635 3570 812 3613 autem
844 3566 1020 3614 tantus
1062 3559 1284 3629 piscium
1322 3576 1594 3629 numerus,
1636 3572 1694 3619 ut
1726 3574 1869 3622 esset

284 3648 401 3705 sine
424 3664 671 3715 numero,
698 3658 753 3704 et
775 3658 994 3704 onerata
1027 3658 1151 3704 sunt
1177 3650 1378 3721 navigia
1408 3666 1613 3707 eorum.
1644 3654 1711 3709 Et
1738 3670 1870 3726 quo-

283 3740 446 3795 modo
469 3748 687 3795 onerata
708 3739 869 3794 sunt?
897 3739 984 3795 Sic
1012 3740 1243 3810 loquitur
1264 3742 1629 3814 Evangelium,
1661 3744 1729 3800 Ut
1744 3764 1869 3817 pene

282 3840 627 3902 mergerentur
656 3829 803 3899 (Luc.
827 3845 877 3896 v,
909 3832 1088 3900 1-11).
1112 3832 1263 3887 Tunc
1288 3834 1366 3889 eis
1393 3835 1530 3889 dixit
1554 3837 1695 3908 quod
1715 3853 1865 3894 com-

281 3923 597 3989 memoravi,
638 3920 811 3977 Venite
848 3933 961 3994 post
1009 3941 1084 3979 me
1107 3967 1123 3991 ,
1172 3935 1219 3979 et
1258 3926 1441 3996 faciam
1478 3945 1564 3984 vos
1596 3932 1867 4001 piscatores

282 4014 563 4069 hominum.
598 4014 678 4069 Ad
717 4015 831 4085 ipsa
860 4016 991 4070 retia
1033 4016 1381 4085 pertinemus,
1424 4034 1609 4075 sumus
1650 4024 1865 4092 quidem

278 4106 389 4163 illis
429 4107 634 4162 retibus
662 4107 834 4177 capti;
871 4107 964 4163 sed
1004 4123 1108 4163 non
1139 4124 1475 4171 remanemus
1503 4115 1718 4183 captivi.
1748 4115 1865 4173 Non

280 4197 466 4253 timeat
493 4198 611 4267 capi
642 4197 801 4253 homo
838 4215 851 4251 :
884 4199 928 4253 si
963 4200 1079 4269 capi
1109 4209 1302 4270 potest,
1330 4201 1501 4271 decipi
1530 4220 1639 4260 non
1667 4215 1862 4276 potest.

277 4286 383 4343 Sed
405 4287 534 4356 quid
556 4288 655 4343 sibi
684 4289 795 4343 vult
818 4289 914 4344 ista
944 4298 1210 4359 postrema
1233 4292 1472 4361 piscatio,
1493 4295 1561 4351 de
1581 4312 1683 4366 qua
1705 4297 1863 4355 hodie

277 4376 474 4434 lectum
505 4387 590 4433 est
616 4378 1003 4449 Evangelinm?
1043 4382 1302 4451 Apparuit
1343 4383 1598 4440 Dominus
1628 4387 1861 4457 piscato-

273 4472 425 4528 ribus
459 4480 610 4544 stans
638 4471 691 4524 in
719 4471 918 4537 littore,
952 4481 1006 4527 et
1029 4474 1271 4543 quaesivit
1296 4475 1363 4530 ab
1389 4476 1466 4531 eis
1498 4488 1671 4534 utrum
1701 4479 1863 4538 habe-

272 4572 397 4619 rent
446 4563 874 4633 pulmentarium.
918 4562 1174 4619 Dixerunt
1220 4580 1279 4622 se
1320 4581 1426 4622 non
1472 4568 1704 4639 habere;
1732 4573 1861 4630 nihil

272 4657 419 4708 enim
443 4661 697 4722 ceperant
723 4662 831 4708 tota
857 4662 1033 4709 nocte.
1060 4654 1126 4710 Et
1144 4657 1215 4710 ait
1244 4656 1369 4724 illis,
1402 4657 1589 4716 Mittite
1616 4664 1668 4717 in
1689 4664 1861 4720 dexte-

272 4760 385 4798 ram
413 4750 609 4819 partem
633 4757 653 4797 :
674 4742 813 4814 quod
850 4752 973 4800 tunc
1011 4759 1114 4799 non
1140 4744 1365 4801 dixerat.
1400 4749 1463 4804 Et
1495 4750 1772 4820 fecerunt;
1805 4765 1860 4812 et

269 4847 378 4887 non
417 4841 659 4903 poterant
683 4835 894 4910 trahere
922 4834 1055 4889 retia
1088 4852 1194 4905 pra:
1224 4838 1563 4897 multitudine
1610 4844 1855 4913 piscium.

267 4923 479 4981 Inventi
513 4933 636 4980 sunt
664 4933 839 4981 autem
866 4926 1038 4997 pisces
1068 4936 1279 4983 centum
1318 4932 1695 5004 quinquaginta
1725 4946 1852 4993 tres.

263 5016 336 5073 Et
365 5018 617 5088 quoniam
645 5018 698 5072 in
726 5018 812 5073 illa
837 5018 1005 5089 prima
1044 5019 1333 5090 piscatione
1357 5022 1557 5078 dictum
1583 5036 1698 5081 erat
1732 5031 1855 5099 quia

261 5123 382 5181 prze
409 5109 747 5165 multitudine
778 5110 997 5181 piscium
1020 5113 1151 5167 retia
1174 5115 1571 5184 rumpebantur,
1603 5120 1856 5186 pertinuit

260 5200 337 5256 ad
373 5215 557 5257 curam
601 5202 948 5273 Evangelista:
989 5204 1041 5259 in
1084 5205 1184 5261 ista
1222 5206 1512 5277 piscatione
1546 5209 1761 5280 dicere,
1789 5213 1855 5269 Et

256 5309 381 5347 cum
413 5302 517 5348 tam
540 5295 713 5364 magni
738 5304 916 5364 essent,
949 5312 1049 5351 non
1077 5306 1152 5352 est
1177 5299 1387 5354 scissum
1412 5310 1541 5356 rete.

338 5383 395 5439 2.
429 5382 745 5441 Piscationes
775 5387 891 5442 dum
924 5396 1113 5442 statum
1139 5388 1383 5446 Ecclesiae
1406 5396 1666 5465 prwsenlis
1692 5406 1739 5452 et
1762 5398 1850 5467 fu-

175 5499 182 5533 l
254 5487 398 5534 tam:
427 5479 750 5535 adumbrant.
799 5480 1181 5537 Donatistarum
1207 5485 1444 5541 schisma.
1476 5488 1851 5548 Discernamns

248 5568 588 5641 piscationes
608 5570 772 5639 duas;
794 5587 955 5628 unam
985 5582 1107 5629 ante
1131 5576 1598 5645 resurrectionem,
1629 5581 1850 5639 alteram

246 5668 388 5733 post
415 5663 882 5720 resurrectionem.
911 5663 969 5721 In
999 5665 1089 5721 illa
1112 5667 1393 5725 mittuntur
1430 5672 1627 5742 passim
1667 5676 1799 5732 retia
1829 5694 1844 5735 :
2017 5727 2035 5760 ι
2054 5731 2211 5785 Forte,
2233 5727 2643 5789 mnam,

320 5839 636 5911 jgasttgams
653 5848 729 5911 est
759 5841 820 5891 ad
839 5842 887 5911 d.
906 5856 951 5911 r_.
976 5850 1078 5911 tLv.
1105 5850 1158 5896 et
1177 5845 1391 5911 advign.

318 5899 399 5969 (α)
422 5899 565 5962 aliis,
590 5914 655 5953 ex
998 5905 1076 5955 2t.

214 6004 221 6010 '
539 5982 763 6064 Silver.
792 5988 1070 6064 Angusr.
1098 5991 1176 6058 V.

1652 445 1883 509 SERMO
1916 452 2191 515 CCXLIX.

3451 472 3594 538 MOI

2010 586 2117 629 non
2164 575 2466 633 nominatur
2502 576 2757 651 dextera,
2799 596 2872 640 ne
2913 578 3273 658 intelligantur
3297 590 3398 646 soli
3421 591 3591 669 boni;

2008 680 2112 720 non
2157 669 2462 726 nominatur
2498 673 2742 741 sinistra,
2765 692 2834 732 ne
2871 677 3233 751 intelligantur
3266 683 3369 739 soli
3416 686 3589 743 mali:

2006 772 2133 828 ergo
2163 761 2410 828 permixti
2451 764 2575 821 boni
2604 777 2659 823 et
2684 769 2831 824 mali.
2863 770 2930 826 Et
2958 774 3090 828 retia
3120 790 3228 845 pne
3252 778 3592 838 multitudine

2006 852 2404 921 rumpebantur.
2447 856 2619 928 Rupta
2663 862 2795 916 retia
2838 862 3141 934 significant
3167 869 3589 927 scliismata.Vi-

2002 940 2210 1011 demus,
2243 946 2320 1001 sic
2345 954 2444 1011 est,
2477 949 2555 1004 sic
2584 950 2661 1005 fit.
2692 952 2982 1023 Implentur
3008 958 3213 1028 navigia
3238 960 3344 1015 duo
3370 971 3587 1033 propter

2001 1036 2225 1103 populos
2256 1036 2390 1092 duos
2428 1037 2494 1094 de
2522 1042 2926 1102 circumcisione
2961 1056 3011 1102 et
3052 1052 3312 1120 pricputio
3353 1072 3366 1107 :
3410 1063 3464 1109 et
3505 1056 3585 1111 sic

2001 1125 2321 1197 implentur,
2363 1141 2419 1186 ut
2455 1146 2799 1203 premantur,
2847 1147 2902 1195 et
2938 1156 3073 1211 pene
3112 1154 3437 1215 mergantur.
3470 1148 3585 1204 Hoc

1997 1221 2137 1289 quod
2184 1223 2461 1293 significat,
2492 1230 2810 1297 gemendum
2853 1242 2954 1288 est.
3002 1234 3446 1294 Turba'turbavit
3472 1241 3582 1296 Ec-

1997 1310 2233 1367 clesiam.
2259 1314 2427 1380 Quam
2455 1334 2703 1388 magnum
2742 1338 3022 1380 numerum
3057 1327 3296 1384 fecerunt
3327 1333 3467 1387 male
3496 1334 3580 1387 vi—

1996 1412 2200 1470 ventes,
2235 1419 2533 1476 prementes
2557 1420 2611 1465 et
2633 1422 2907 1482 gementes
2939 1416 2998 1469 ίῖ
3027 1416 3130 1473 Sed
3159 1430 3376 1491 propter
3404 1423 3582 1493 pisces

1996 1493 2166 1550 bonos
2210 1512 2315 1553 non
2359 1510 2483 1555 sunt
2520 1517 2695 1558 mersa
2733 1496 2963 1577 navigia.
3011 1508 3342 1568 Disseramus
3383 1516 3403 1545 ¹
3430 1514 3577 1569 illam

1994 1585 2342 1654 piscationem
2371 1592 2709 1648 novissimam
2760 1605 2882 1666 post
2920 1601 3385 1658 resurrectionem.
3407 1603 3579 1661 Malus

1994 1678 2063 1733 ibi
2095 1681 2301 1749 nullus,
2348 1700 2536 1755 magna
2566 1688 2845 1757 securitas,
2882 1689 2976 1746 sed
3006 1690 3049 1746 si
3076 1690 3246 1748 bonus
3269 1696 3395 1750 eris.
3432 1696 3581 1753 inter

1993 1773 2162 1827 malos
2186 1782 2357 1831 estote
2382 1777 2504 1832 boni
2526 1821 2541 1848 ,
2582 1788 2638 1835 et
2675 1782 2826 1837 eritis
2865 1783 2984 1840 sine
3018 1786 3176 1842 malis
3209 1787 3353 1844 boni.
3386 1789 3444 1844 1n
3473 1791 3577 1847 ista

1990 1865 2281 1932 piscatione
2309 1877 2389 1923 est
2412 1871 2554 1940 quod
2580 1876 2897 1931 moveamini
2928 1894 2941 1931 :
2975 1878 3113 1934 inter
3153 1882 3321 1937 malos
3358 1884 3505 1939 estis.
3528 1882 3578 1941 Ο

1989 1956 2081 2025 qui
2108 1956 2334 2013 ﬁdeliter
2358 1976 2443 2016 me
2468 1962 2684 2031 auditis,
2708 1980 2741 2020 ο
2763 1982 2857 2021 vos
2882 1968 2949 2023 ad
2971 1984 3106 2039 quos
3136 1986 3243 2027 non
3270 1973 3409 2042 perit
3430 1971 3576 2044 quod

1989 2045 2130 2115 dico,
2162 2063 2196 2103 ο
2222 2065 2315 2105 vos
2340 2052 2531 2122 quibus
2550 2055 2773 2112 verbum
2801 2073 2906 2114 non
2934 2075 3030 2130 per
3058 2077 3217 2119 aures
3241 2064 3449 2131 transit,
3476 2064 3578 2121 sed

1989 2141 2041 2196 in
2068 2157 2162 2197 cor
2186 2143 2481 2215 descendit,
2513 2164 2546 2202 ο
2583 2165 2679 2205 vos
2719 2152 2809 2222 qui
2851 2153 2969 2222 plus
2995 2154 3192 2211 timetis
3229 2158 3366 2213 male
3393 2158 3576 2215 vivere

1985 2247 2145 2302 quam
2174 2235 2312 2291 male
2337 2237 2473 2292 mori
2501 2255 2516 2293 :
2539 2240 2660 2310 quia
2686 2241 2731 2296 si
2757 2241 2891 2299 bene
2914 2244 3125 2313 vixeris,
3148 2246 3287 2302 male
3306 2249 3442 2303 mori
3462 2263 3575 2305 non

1986 2326 2187 2394 poteris
2227 2328 2248 2359 ³
2292 2347 2305 2382 :
2350 2344 2446 2385 vos
2475 2345 2603 2403 ergo
2632 2334 2725 2402 qui
2762 2350 2849 2391 me
2876 2336 3070 2392 auditis
3093 2378 3109 2405 ,
3160 2348 3218 2394 ut
3258 2354 3363 2395 non
3394 2340 3572 2396 solum

1985 2420 2235 2488 credatis,
2259 2421 2353 2477 sed
2377 2423 2536 2479 etiam
2558 2424 2695 2481 bene
2718 2419 2907 2483 vivatis
2925 2430 3129 2493 ;'vivite
3155 2431 3292 2487 bene
3311 2474 3326 2499 ,
3349 2441 3403 2488 et
3427 2434 3571 2489 inter

1984 2512 2155 2568 malos
2194 2514 2353 2569 vivite
2378 2512 2514 2571 bene
2532 2559 2548 2585 ,
2575 2519 2705 2573 retia
2731 2519 2896 2576 nolite
2920 2521 3271 2592 disrumpere.
3303 2524 3403 2592 Qui
3432 2525 3571 2581 mul-

1984 2612 2095 2659 tum
2120 2606 2223 2661 sibi
2246 2608 2590 2678 placuerunt,
2617 2619 2674 2667 et
2706 2613 2858 2683 quasi
2887 2614 3056 2671 malos
3085 2616 3350 2673 sustinere
3377 2617 3570 2673 nolue-

1982 2705 2108 2751 runt
2128 2738 2144 2764 ,
2184 2700 2317 2754 retia
2343 2710 2628 2770 ruperunt,
2663 2702 2715 2757 in
2742 2704 2876 2759 mari
2902 2705 3190 2777 perierunt.
3217 2706 3390 2762 Vivite
3426 2707 3570 2763 inter

1972 2790 2153 2847 'malos
2182 2792 2339 2862 bene,
2368 2784 2473 2850 non
2502 2784 2654 2853 vobis
2676 2798 2935 2855 suadeant
2970 2801 3094 2855 mali
3119 2802 3393 2861 christiani
3426 2802 3568 2859 male

1980 2883 2179 2939 vivere.
2222 2884 2339 2940 Non
2382 2886 2522 2942 dicat
2557 2903 2653 2943 cor
2679 2898 2825 2945 tuum
2857 2908 2869 2944 :
2900 2876 3015 2961 Ego
3049 2893 3197 2948 solus
3223 2907 3341 2949 sum
3365 2894 3563 2951 bonus.

1980 2972 2036 3029 Si
2057 2976 2283 3045 cmperis
2310 2992 2427 3032 esse
2454 2979 2656 3045 bonus;
2682 2980 2840 3036 crede
2865 2996 2984 3038 esse
3022 2991 3078 3039 et
3099 2983 3262 3051 alios,
3291 2984 3334 3038 si
3364 2992 3420 3039 tu
3442 2977 3565 3041 esse

1979 3068 2236 3136 potueris.
2267 3068 2344 3125 Ne
2370 3071 2700 3141 adulteretis,
2724 3089 2791 3131 ne
2819 3073 3150 3131 fornicemini
3172 3118 3187 3143 ,
3217 3091 3285 3132 ne
3322 3056 3565 3134 fraudem

1976 3157 2184 3215 faciatis
2206 3203 2222 3229 ,
2264 3177 2331 3217 ne
2365 3162 2633 3231 furemini,
2657 3181 2724 3222 ne
2748 3166 2935 3223 falsum
2960 3168 3324 3224 testimonium
3349 3170 3561 3238 dicatis,

1976 3266 2046 3307 ne
2075 3251 2267 3308 falsum
2291 3254 2517 3324 juretis,
2549 3272 2616 3312 ne
2646 3257 3014 3326 inebriemini,
3058 3275 3127 3315 ne
3168 3261 3563 3317 commodatum

1976 3343 2212 3412 negetis,
2258 3360 2327 3399 ne
2370 3345 2641 3403 inventum
2668 3348 2892 3419 alicujus
2920 3349 2974 3404 in
3012 3349 3129 3406 vico
3155 3365 3259 3405 non
3305 3340 3560 3407 reddatis.

1975 3432 2103 3489 Hasc
2138 3444 2192 3490 et
2234 3436 2356 3490 talia
2392 3436 2580 3505 facile,
2619 3440 2792 3494 securi
2834 3440 2974 3495 inter
3002 3441 3170 3497 malos
3198 3442 3391 3511 pisces.
3416 3442 3563 3509 Intra
3612 3508 3613 3511 η

1974 3526 2161 3581 eadem
2193 3528 2325 3583 retia
2364 3530 2590 3594 natalis;
2626 3530 2721 3586 sed
2748 3532 2972 3587 venietis
3000 3532 3067 3587 ad
3099 3532 3267 3601 littus,
3302 3541 3422 3603 post
3464 3548 3557 3589 re-

1974 3620 2358 3675 surrectionem
2394 3621 2446 3676 in
2486 3621 2703 3677 dextera
2752 3623 3109 3680 inveniemini.
3151 3624 3225 3679 lbi
3273 3625 3447 3681 nullus
3473 3633 3559 3681 est

1972 3710 2166 3766 malus.
2194 3712 2330 3781 Quid
2356 3713 2517 3779 enim,
2560 3713 2681 3784 quia
2712 3713 2882 3784 legem
2913 3716 3101 3781 nostis,
3133 3715 3255 3785 quia
3284 3716 3375 3771 Dei
3403 3711 3557 3773 man?

1971 3801 2095 3859 data
2117 3804 2455 3873 eOgnoscitis,
2482 3806 2603 3875 quia
2630 3804 2777 3860 scitis
2797 3806 2923 3876 quid
2949 3806 3018 3860 sit
3041 3807 3238 3861 bonum
3256 3816 3310 3862 et
3328 3804 3553 3875 malum,

1971 3894 2099 3966 quid
2116 3895 2265 3950 vobis
2281 3896 2515 3964 prodest,
2539 3897 2584 3952 si
2603 3911 2707 3951 non
2722 3896 2950 3951 faciatis?
2972 3896 3089 3952 Non
3105 3912 3172 3951 ne
3198 3898 3310 3967 ipsa
3331 3896 3553 3954 scientia

1970 3986 2187 4056 punitur
2218 3987 2584 4043 conscientia?
2612 3988 2699 4044 Sic
2723 3988 2930 4053 discite,
2958 3998 3014 4043 ut
3040 3987 3265 4045 faciatis.

2043 4077 2098 4132 5.
2126 4075 2372 4132 Mandata
2419 4077 2511 4133 Dei
2537 4080 2737 4136 nonnisi
2763 4096 2852 4150 per
2873 4080 3089 4149 gratiam
3116 4080 3338 4151 itnpleri,
3364 4080 3553 4136 intelli-

1969 4168 2105 4240 gitur
2128 4170 2183 4224 in
2222 4187 2429 4225 numero
2455 4172 2666 4242 piscium
2709 4181 2992 4243 captorum.
3030 4172 3277 4253 Mandata
3307 4173 3399 4230 Dei
3428 4190 3555 4244 pro-

1970 4270 2089 4331 pter
2108 4277 2357 4334 magnum
2384 4264 2724 4332 perfectionis
2753 4265 3062 4336 mysterium
3091 4266 3351 4338 Decalogo
3377 4269 3549 4323 conti—

1970 4361 2183 4408 nentur.
2210 4354 2405 4409 Decem
2435 4366 2696 4427 przecepta
2716 4356 2875 4427 Legis
2897 4368 3023 4413 sunt
3046 4342 3243 4429 scripta
3276 4360 3329 4415 in
3357 4360 3548 4416 tabulis

1969 4444 2189 4515 lapideis
2234 4446 2399 4518 digito
2452 4450 2566 4517 Dei,
2617 4450 2718 4505 hoc
2768 4458 2851 4505 est
2873 4450 3072 4522 Spiritu
3110 4462 3335 4509 sancto:
3365 4454 3418 4507 in
3444 4470 3548 4508 una

1968 4536 2168 4605 tabula,
2196 4550 2457 4611 praecepta
2487 4557 2604 4612 quae
2642 4541 2709 4597 ad
2737 4542 2902 4599 Deum
2930 4544 3227 4614 pertinent;
3275 4544 3327 4599 in
3354 4544 3543 4612 altera,

1967 4616 2083 4699 qua:
2111 4629 2178 4683 ad
2221 4629 2492 4688 hominem
2522 4635 2807 4704 pertinent.
2834 4635 3010 4703 Quare
3050 4636 3189 4691 hoc?
3218 4636 3348 4703 Quia
3377 4636 3428 4690 in
3460 4636 3545 4690 di-

1966 4720 2194 4778 lectione
2221 4723 2315 4779 Dei
2336 4734 2390 4779 et
2417 4726 2642 4795 proximi
2688 4735 2794 4781 tota
2835 4726 2946 4782 Lex
2974 4725 3167 4797 pendet
3188 4735 3242 4781 et
3263 4726 3546 4795 Propheta:

1964 4812 2180 4884 (Matth.
2231 4832 2363 4880 xxn,
2412 4817 2619 4887 37-40).
2672 4816 2777 4873 Sed
2815 4818 2943 4888 quid
2972 4818 3146 4873 valent
3184 4819 3281 4870 ista
3319 4817 3545 4872 decem?

1962 4905 2094 4960 Data
2114 4916 2196 4961 est
2220 4908 2327 4974 lex,
2356 4907 2451 4963 sed
2471 4909 2515 4961 si
2541 4907 2661 4963 data
2688 4917 2811 4964 esset
2836 4908 2918 4963 lca:
2942 4924 3056 4976 qua:
3083 4900 3246 4979 posset
3268 4907 3540 4975 vivi/icore,

1961 4999 2165 5052 omnino
2196 5000 2380 5069 exlege
2405 5009 2531 5054 esset
2559 4996 2773 5071 justitia~
2810 4998 3003 5071 (Galat.
3032 5014 3109 5061 In,
3141 4991 3254 5068 21).
3285 4997 3432 5053 Nosti
3459 4999 3541 5053 le-

1959 5104 2078 5159 gem
2098 5130 2115 5157 ,
2146 5096 2201 5144 et
2228 5104 2331 5144 non
2379 5090 2509 5147 facis
2554 5092 2755 5162 legem;
2787 5089 2980 5145 Littera
3029 5090 3210 5169 occidit
3230 5107 3251 5145 :
3279 5084 3543 5176 ut'autem

1962 5180 2122 5237 facias
2151 5181 2290 5253 quod
2318 5183 2477 5251 nosti,
2506 5183 2731 5253 Spiritus
2764 5191 2931 5236 autem
2974 5176 3191 5251 uiui/icat
3220 5182 3286 5255 (ll
3312 5182 3430 5238 Cor.
3460 5199 3537 5252 Ill,

1958 5271 2036 5347 6).
2060 5272 2329 5328 Accedant
2350 5274 2417 5329 ad
2443 5274 2628 5329 decem
2669 5279 2893 5342 septem.
2923 5271 3071 5329 Sicut
3093 5273 3238 5328 enim
3262 5273 3346 5328 lex
3368 5273 3507 5329 Deca
3527 5303 3545 5315 -ι

1959 5364 2081 5433 logo
2126 5364 2483 5435 significatur,
2553 5365 2625 5419 ita
2661 5363 2888 5433 Spiritus
2938 5372 3154 5420 sanctus
3217 5364 3543 5434 septiformis

1959 5455 2281 5511 ostenditur.
2335 5455 2452 5525 Ipse
2490 5454 2765 5509 invocatur
2812 5467 2972 5524 super
3008 5448 3327 5525 baptizatos,
3353 5464 3411 5510 ut
3450 5454 3541 5511 det

1968 5547 2074 5604 illis
2096 5547 2261 5617 Deus,
2289 5546 2581 5604 secundum
2606 5544 2945 5617 prophetam,
2975 5546 3231 5619 Spiritum
3262 5547 3541 5619 sapientiae

2014 5785 2596 5855 {Bongbjscernamua
2632 5847 2645 5855 .
2727 5846 2771 5855 η
2924 5848 2937 5855 _
3235 5845 3249 5855 _
3416 5852 3417 5855 η

2015 5844 2538 5931 ξὲςὲἱαε-ξθκθτθιω,
2562 5847 2677 5914 quia
2695 5846 2740 5902 si
2752 5847 2869 5901 bene
2889 5844 3128 5913 οἰκείων
3148 5845 3277 5902 male
3301 5852 3427 5905 mort
3440 5860 3537 5931 non

1955 5916 2193 5987 poteritis.
2244 5917 2303 5965 υ.

2650 5998 3140 6092 (Tremo-teth
