4056 6432
469 397 655 483 λιισδ

475 511 478 515 ’
510 511 566 581 ei
590 521 925 580 intellectus:
952 531 1080 576 ecce
1106 516 1234 577 duo.
1275 515 1532 588 Spiritum
1562 514 1772 571 consilii
1799 523 1851 569 et
1880 513 2091 568 fortitu-

508 603 648 671 diiiis
680 617 842 671 iecce
889 607 1131 685 quatuor.
1177 590 1433 686 SpiritUm
1483 609 1720 666 scientia:
1760 606 1812 665 et
1842 607 2091 680 pietatis:

507 709 634 762 ecc'e
650 721 763 762 sex.
787 703 1040 778 SpirilUm
1059 687 1263 762 timeris
1282 702 1489 762 D’oinini
1519 722 1531 757 :
1556 701 1679 760 ecce
1710 699 1909 774 Septem
1940 691 2090 772 (Isai.

469 795 472 798 ’
503 805 581 867 1t,
599 797 653 866 2,
676 798 752 872 3).
772 799 994 869 Quando
1010 799 1109 857 ista
1130 795 1332 868 septem
1349 794 1708 864 accesserunt,
1737 794 1866 850 fiunt
1884 793 2089 849 decem.

501 883 641 960 Quid
673 890 818 947 dixi?
870 893 1028 962 Quasi
1055 891 1344 948 absurdum
1371 885 1485 947 est:
1513 888 1646 947 Cum
1675 898 1876 961 septem
1908 885 1971 942 ad
1997 887 2092 942 de-

465 971 470 976 ’
503 992 622 1039 cem
647 993 1006 1052 accesserunt,
1042 985 1173 1040 ﬁunt
1196 979 1382 1041 decem
1412 1003 1425 1041 :
1455 985 1604 1056 quasi
1631 979 1827 1038 oblitus
1851 997 1966 1037 sum
1998 997 2093 1035 nu-

471 1063 730 1132 Il‘nerarc.
773 1077 913 1151 Ergo
961 1077 1142 1136 dicere
1181 1075 1360 1137 debui.
1395 1079 1525 1135 Cum
1576 1087 1781 1149 septem
1813 1076 1879 1131 ad
1907 1075 2091 1131 decem

499 1175 863 1238 accesserunt,
895 1171 1024 1228 fiunt
1053 1172 1236 1229 decem
1267 1182 1322 1229 et
1355 1181 1580 1244 septem.
1624 1171 1738 1227 lloc
1772 1185 1958 1224 omnes
1999 1183 2092 1222 no-

499 1271 626 1320 runt
652 1285 663 1320 :
697 1283 818 1320 nam
845 1282 965 1321 cum
997 1259 1250 1333 dicerem,
1284 1265 1416 1320 Cum
1445 1274 1649 1336 septem
1680 1263 1746 1318 ad
1789 1261 1974 1317 decem
2005 1276 2094 1316 ac-

498 1361 797 1426 Cesserunt,
835 1359 966 1414 fiunt
989 1359 1205 1426 decem;
1253 1359 1401 1429 pueri
1432 1359 1518 1414 isti
1547 1375 1653 1412 non
1692 1372 1778 1413 me
1800 1357 2092 1412 ridebant?

496 1446 565 1506 Ei
605 1463 782 1508 tamen
812 1453 954 1522 dico,
1001 1463 1057 1510 et
1080 1464 1287 1526 repeto,
1317 1470 1424 1509 non
1451 1454 1730 1509 erubesco.
1761 1450 1892 1506 Cum
1930 1449 2089 1505 intel-

495 1537 758 1618 lexeritis,
794 1561 896 1602 non
927 1545 1331 1618 rcprehendetis
1365 1555 1784 1616 computantem,
1813 1543 1906 1599 sed
1939 1558 2087 1598 ama-

473 1631 626 1709 ,bitis
657 1633 1035 1707 disputantem.
1081 1622 1274 1695 Decem
1321 1646 1443 1693 sunt
1471 1638 1559 1692 illa
1601 1644 1870 1708 praecepta
1913 1636 2087 1704 legis:

494 1725 590 1785 sed
613 1734 916 1787 enumeravi
935 1742 987 1787 et
1012 1743 1218 1804 septem
1235 1733 1639 1804 cooperationes
1655 1730 1881 1800 Spiritus
1896 1728 2086 1808 sancti.

491 1817 633 1880 Cum
662 1827 759 1880 ista
789 1837 992 1898 septem
1032 1813 1376 1896 accesserint,
1403 1811 1534 1882 fiunt
1561 1826 1745 1882 decem
1776 1843 1789 1879 2
1821 1839 1944 1879 cum
1970 1823 2091 1894 Spi-

490 1913 626 1972 i'i'tus
658 1917 872 1976 Sanctus
917 1905 1220 1988 accesserit,
1253 1920 1505 1992 impletur
1543 1920 1650 1976 lex.
1680 1918 1736 1976 Si
1765 1929 1941 1975 autem
1987 1918 2089 1974 ista

490 2004 698 2081 Septem
728 2029 831 2067 non
855 2015 1198 2078 accesserint,
1231 2030 1336 2069 non
1361 2013 1495 2069 fiunt
1524 1997 1613 2068 illa
1643 2013 1830 2068 decem
1859 2030 1874 2069 :
1909 2011 1962 2065 in
1998 2011 2089 2066 lit-

483 2095 605 2175 .iera
629 2113 804 2169 erunt,
831 2105 922 2160 sed
946 2089 1119 2161 littera
1141 2106 1363 2172 occidit;
1385 2106 1602 2160 scientia
1627 2104 2086 2176 praevaricatorem

493 2179 641 2252 iacit.
667 2198 898 2253 Accedat
922 2199 1171 2269 Spiritus,
1192 2209 1245 2254 et
1273 2201 1524 2270 impletur
1548 2200 1652 2264 lex,
1679 2198 1944 2268 adiutorio
1965 2195 2085 2260 Dei,

494 2303 600 2343 non
634 2290 832 2344 viribus
863 2291 983 2344 tuis.
1009 2277 1149 2362 Ergo
1187 2292 1306 2346 vide
1335 2307 1476 2347 :non
1505 2291 1656 2356 valde
1679 2307 1923 2346 amemus
1969 2305 2090 2362 pcr-

481 2366 671 2450 jincre
723 2383 790 2439 ad
833 2384 917 2438 illa
958 2383 1166 2440 decem.
1211 2386 1272 2442 Si
1299 2387 1431 2440 enim
1477 2403 1543 2440 ea:
1585 2385 1928 2456 legejustitia,
1970 2399 2086 2455 ergo

496 2461 726 2530 Christus
766 2480 924 2548 gratis
954 2489 1182 2534 mortuus
1213 2489 1285 2533 est
1331 2478 1524 2552 (Galat.
1580 2495 1640 2545 ll,
1688 2477 1800 2550 2|).
1845 2476 1951 2532 Sed
1983 2491 2087 2548 quo

482 2569 903 2648 pertineamus?
950 2553 1015 2624 ad
1041 2571 1127 2626 illa
1157 2570 1406 2641 septem?
1436 2569 1566 2624 Tale
1613 2576 1696 2624 est
1731 2584 1795 2624 ac
1844 2569 1888 2623 si
1911 2567 2086 2623 facere

485 2660 782 2730 possimus,
812 2661 907 2716 sed
936 2661 1062 2733 quid
1106 2663 1330 2718 facimus
1357 2661 1676 2717 nesciamus.
1730 2661 1868 2732 Ergo
1897 2661 1962 2734 ad
1989 2659 2085 2714 de-

488 2769 609 2824 cem
633 2763 836 2825 septem
861 2757 1239 2825 pertineamus.
1269 2756 1378 2813 Lex
1398 2757 1568 2827 jubet,
1618 2753 1850 2826 Spiritus
1890 2755 2082 2825 juvat:

492 2835 580 2901 lex
613 2846 721 2917 agit
745 2855 939 2915 tecum,
994 2857 1053 2904 ut
1090 2849 1228 2904 scias
1254 2849 1379 2920 quid
1405 2849 1602 2914 facias;
1641 2848 1895 2919 Spiritus,
1927 2857 1984 2904 ut
2009 2849 2087 2903 ta-

489 2926 624 3006 cias.
659 2923 800 3012 Ergo
840 2942 907 2998 ad
934 2941 1122 2999 decem
1151 2951 1356 3015 septem
1385 2943 1764 3014 perducamus,
1789 2952 1843 2999 et
1867 2957 2087 3012 compu-

492 3021 672 3098 temus
700 3033 886 3089 decem
937 3043 1164 3106 septem,
1196 3045 1251 3090 et
1280 3035 1611 3090 inveniemus
1641 3050 1738 3089 nos
1772 3035 1826 3090 in
1869 3045 2083 3090 centum

493 3126 880 3198 quinquaginta
930 3129 1120 3204 tribus.
1169 3128 1286 3186 Jam
1341 3127 1530 3197 nostis,
1573 3143 1714 3198 sche
1760 3127 1891 3196 dixi,
1940 3142 2084 3198 stupe

492 3204 725 3296 ostendi.
773 3219 855 3274 Ab
899 3235 1004 3276 uno
1030 3203 1200 3292 usque
1235 3221 1302 3277 ad
1333 3228 1560 3292 quatuor
1581 3221 1767 3277 decem
1801 3229 1921 3277 sunt
1947 3239 1960 3274 :
1990 3221 2084 3291 sed

491 3310 539 3392 si
569 3325 755 3366 omnes
781 3309 966 3368 addas.
995 3309 1170 3368 Unum
1217 3321 1508 3384 sequantur
1529 3312 1634 3370 duo
1659 3332 1673 3368 :
1698 3312 1835 3368 adde
1873 3321 1928 3367 et
1955 3312 2080 3382 duo,

488 3397 601 3484 jam
629 3402 729 3457 tria
745 3414 870 3458 sunt
898 3421 911 3458 :
935 3412 1056 3474 post
1081 3404 1185 3461 duo
1206 3414 1503 3476 sequantur
1524 3405 1644 3471 tria,
1665 3405 1776 3474 jam
1803 3419 1894 3459 sex
1921 3415 2080 3459 sunt:

491 3503 616 3565 post
643 3497 743 3551 tria
799 3507 1092 3568 sequantur
1136 3508 1385 3570 quatuor,
1423 3500 1533 3570 jam
1553 3499 1744 3555 decem
1770 3507 1913 3554 sunt.
1945 3498 2083 3566 Quid

492 3605 583 3669 me
610 3591 833 3662 rumpo?
862 3591 1016 3662 Quod
1037 3592 1207 3649 nostis
1255 3594 1461 3664 loquor.
1497 3592 1690 3649 Addite
1731 3599 1956 3648 caeteros
1982 3608 2084 3654 nus

490 3696 692 3748 ruet-os,
723 3693 776 3740 et
801 3685 1144 3755 pervenietis.
1170 3685 1303 3742 Cum
1332 3685 1684 3756 perveneritis
1703 3683 1772 3740 ad
1799 3682 1986 3740 decem
2030 3692 2084 3740 et

491 3785 720 3857 septem,
752 3777 821 3833 ad
845 3787 1062 3836 centum
1081 3787 1138 3835 et
1163 3779 1543 3850 quinquaginta
1572 3787 1628 3840 et
1660 3786 1771 3834 tres
1789 3777 2082 3835 crescendo

490 3870 838 3942 perveniens.
883 3871 1023 3938 Quid
1065 3880 1148 3928 est
1196 3870 1532 3928 crescendo?
1580 3870 1915 3928 Proficiendo
1961 3878 2082 3926 ωε.

491 3977 652 4030 quam
697 3963 957 4034 gradatim
985 3965 1312 4036 pervenistis
1335 3964 1406 4022 ad
1421 3964 1720 4035 dexteram,
1742 3963 1966 4024 Obedite
1986 3979 2084 4042 no:-

490 4051 595 4120 bis,
621 4065 924 4127 computata
947 4058 1120 4118 vobis.

1005 4193 1235 4272 SlilillIO
1271 4196 1399 4274 CCL
1437 4217 1457 4238 "
1488 4213 1583 4287 (a).

905 4329 956 4375 tu
976 4324 1155 4380 diebus
1170 4324 1473 4380 Pasclmlibus
1496 4328 1535 4389 ³,
1567 4341 1671 4380 xxt.

618 4429 697 4486 De
719 4429 900 4486 eadem
923 4431 1134 4490 lectione
1173 4442 1220 4489 et
1258 4433 1322 4488 de
1345 4433 1541 4490 duabus
1569 4434 1947 4508 piscationibus.

564 4555 615 4616 l.
658 4559 916 4634 Ignobites
939 4567 1028 4618 cur
1049 4565 1190 4635 prius
1223 4565 1368 4622 electi
1395 4584 1428 4622 a
1458 4567 1676 4624 Cinisto.
1708 4569 1962 4626 Dominus
1987 4569 2078 4627 Je-

493 4657 585 4712 étt‘s
610 4657 816 4712 inﬁrma
863 4657 1048 4713 m‘undi
1077 4659 1297 4730 erigens,
1333 4669 1389 4717 ut
1429 4663 1778 4720 confunderet
1807 4663 1984 4735 fortia,
2028 4677 2083 4724 et

494 4747 748 4819 cclligens
774 4747 1069 4806 Ecclesium
1103 4753 1252 4810 Suam
1281 4749 1349 4808 de
1375 4762 1486 4809 toto
1515 4755 1645 4812 orbe
1670 4765 1950 4825 terrarum,
1975 4751 2082 4818 non

493 4843 657 4913 carpit
677 4843 743 4897 ab
782 4843 1216 4915 imperatoribus,
1248 4857 1340 4902 aut
1379 4865 1408 4903 a
1440 4851 1797 4921 senatoribus,
1825 4851 1920 4908 sed
1946 4870 1974 4906 a
2002 4845 2085 4925 pi-

493 4934 809 4996 seatoribus.
839 4934 1196 5016 Qu’richt‘t'inque
1221 4937 1361 4993 enim
1385 4939 1668 5012 dignitates
1691 4942 1912 5001 fuissent
1935 4947 2084 5017 prius

491 5023 701 5094 electae,
733 5027 833 5082 sibi
878 5025 983 5085 hoc
1035 5029 1295 5110 auderent
1321 5031 1574 5100 tribuere,
1619 5045 1724 5090 non
1758 5036 1850 5093 Dei
1876 5040 2078 5110 gratiae.

493 5119 608 5175 Hoc
635 5123 916 5177 consilium
944 5119 1209 5180 secretum
1238 5109 1354 5194 Dei,
1394 5125 1494 5184 hoc
1537 5133 1816 5188 consilium
1843 5109 2084 5192 salvato-

491 5215 566 5270 ris
597 5217 767 5272 nostri
794 5215 1012 5290 exponit
1028 5209 1332 5289 Apostolus,
1366 5219 1454 5277 ubi
1477 5219 1639 5279 dicit:
1672 5243 1690 5276 ‹
1728 5225 1914 5283 Videte
1939 5229 2082 5284 enim

495 5309 825 5366 vocationem
870 5321 1123 5381 vestram,
1156 5312 1366 5385 fratres,
1408 5336 1426 5368 ›
1475 5317 1712 5386 Apostoli
1749 5320 1908 5376 verba
1935 5327 2080 5390 sunt,

497 5419 518 5453 ι
555 5402 676 5474 quia
715 5417 820 5459 non
857 5398 1009 5460 multi
1048 5407 1315 5479 sapientes
1355 5410 1643 5468 secundum
1689 5427 1926 5479 carnem,
1974 5401 2083 5472 non

493 5496 647 5566 multi
675 5507 942 5569 potentes,
969 5515 1076 5562 non
1107 5501 1257 5558 multi
1285 5503 1532 5574 nobiles;
1562 5506 1659 5562 sed
1689 5507 1899 5566 inﬁrma
1927 5526 2081 5568 mune

560 5646 577 5721 ξ
603 5651 658 5721 lt_t_
683 5648 1010 5721 vetustissimo
1032 5648 1197 5721 codice
1219 5650 1504 5704 Floriacensi
1537 5655 1613 5706 hic
1641 5669 1805 5709 sermo
1843 5661 2087 5721 praenota?

492 5715 590 5770 tur,
617 5706 816 5760 Habitus
836 5709 962 5773 [cria
981 5718 1136 5763 sexta.

517 5857 522 5866 .
557 5791 578 5866 Τ
601 5792 871 5862 castigatus
891 5793 950 5843 ad
971 5793 1021 5846 ά.
1042 5793 1076 5842 r.
1093 5807 1134 5845 ν,
1158 5802 1193 5845 ι.
1221 5803 1272 5864 et
1293 5797 1354 5848 ad
1376 5800 1512 5864 Vign,

514 5868 639 5941 re)
825 5869 890 5929 es
911 5872 1211 5941 tiig'nerianis
1233 5871 1310 5931 2'2.
1413 5879 1418 5890 ί
1467 5895 1470 5898 ~

1713 395 1772 453 S.
1815 390 2180 453 AUGUSTINI
2218 391 2515 458 EPISCOPl

3665 396 3799 458 516i

2208 511 2258 566 di
2287 513 2444 583 elegit
2487 515 2644 581 Deus,
2697 521 2753 569 ut
2795 511 3140 571 confunderet
3188 513 3382 584 fortia;
3430 524 3486 572 et
3541 516 3796 588 ignobilia

2201 591 2383 659 mundi
2427 616 2480 662 ct
2534 609 2947 676 contetnplihilia
2987 608 3144 679 elegit
3174 610 3331 675 Deus,
3365 621 3415 665 ct
3447 626 3508 668 ea
3539 627 3661 682 qua:
3689 627 3798 668 non

2200 690 2325 751 sunt
2354 690 2600 768 ianquam
2632 715 2691 754 ca
2725 717 2839 770 qua:
2868 710 3008 766 sunt,
3059 711 3115 754 ut
3141 718 3258 772 qua:
3293 712 3416 758 sunt
3444 714 3796 772 evacuentur,

2201 787 2257 842 nt
2282 804 2386 842 non
2415 791 2676 861 glorietur
2702 793 2874 848 omnis
2903 809 3027 847 caro
3057 810 3238 855 coram
3276 796 3366 850 illo
3391 796 3458 868 »(1
3486 797 3604 852 Cor.
3627 813 3666 862 ι,
3690 796 3796 852 Ξϐο

2159 871 2162 873 Α
2200 878 2314 955 29).
2349 880 2458 937 Hoc
2490 893 2542 937 et
2585 886 2840 955 propheta
2893 885 3060 940 dixit:
3099 905 3116 936 l
3165 887 3350 942 Omnis
3401 889 3550 944 vallis
3602 889 3796 960 imple-

2197 975 2360 1045 bitur,
2408 979 2580 1035 omnis
2618 995 2771 1034 mons
2818 981 3036 1036 etcollis
3083 981 3466 1051 humiliabitur,
3513 983 3797 1054 mqualitas

2199 1067 2372 1139 campi
2402 1071 2754 1126 constituetur
2784 1091 2801 1124 ι
2834 1071 2984 1144 (Isai.
3015 1089 3104 1139 xu,
3134 1074 3212 1142 4).
3256 1075 3493 1147 Denique
3522 1075 3682 1132 hodie
3722 1076 3793 1130 ad

2196 1163 2417 1233 gratiam
2458 1164 2664 1220 Domini
2694 1167 2893 1236 pariter
2921 1167 3178 1222 accedunt
3205 1167 3408 1224 nobiles
3427 1179 3483 1224 et
3505 1169 3794 1239 ignobiles,

2197 1254 2383 1311 doctus
2427 1266 2481 1312 et
2526 1257 2820 1328 imperitus,
2856 1274 3058 1330 pauper
3078 1267 3131 1314 et
3156 1259 3322 1314 dives.
3357 1260 3437 1314 Ad
3465 1261 3620 1314 istam
3665 1276 3794 1330 gra-

2197 1349 2324 1406 tiam
2355 1351 2718 1420 accipiendam
2763 1367 2865 1407 non
2909 1368 2967 1408 se
2998 1353 3262 1425 praeponit
3288 1352 3539 1423 superbia
3569 1353 3795 1408 humili-

2197 1443 2313 1511 tati,
2346 1443 2480 1498 nihil
2508 1444 2730 1513 scienti,
2778 1444 2904 1498 nihil
2938 1444 3175 1500 habenti.
3205 1445 3312 1500 Sed
3341 1445 3466 1516 quid
3494 1447 3574 1500 eis
3598 1445 3744 1501 dixit
3768 1445 3796 1499 ἲ

2205 1533 2380 1589 Venite
2401 1545 2512 1606 post
2533 1553 2630 1603 me,
2661 1538 2847 1607 faciant
2871 1553 2956 1592 vos
2985 1539 3258 1609 piscatores
3283 1539 3542 1593 hominum
3569 1539 3793 1610 (Matth.

2195 1644 2268 1696 tv,
2305 1627 2416 1700 19).
2441 1630 2497 1684 Si
2526 1631 2601 1686 illi
2631 1632 2921 1702 piscatores
2957 1649 3059 1688 non
3093 1634 3515 1704 prmcessissent,
3546 1648 3646 1688 nos
3667 1635 3795 1702 quis

2193 1721 2462 1791 cepisset?
2492 1722 2647 1777 Modo
2677 1739 2899 1795 magnus
2928 1733 3010 1779 est
3048 1719 3269 1794 quilibet
3293 1735 3494 1793 orator,
3520 1726 3569 1780 si
3601 1734 3797 1798 potue-

2192 1815 2262 1870 rit
2287 1815 2423 1870 bene
2452 1831 2719 1886 exponere
2741 1817 2807 1873 de
2831 1834 2935 1888 quo
2955 1820 3166 1889 scripsit
3198 1820 3448 1889 piscator.

2263 1908 2317 1962 2.
2349 1907 2695 1964 Piscatiomtm
2721 1910 2938 1965 duarum
2969 1912 3237 1966 discrimen
3254 1922 3300 1966 et
3314 1911 3628 1983 mysterium.
3659 1909 3796 1965 Pri-

2193 2016 2275 2053 nta
2292 2000 2570 2071 piscatione
2595 2001 2710 2055 boni
2724 2016 2771 2057 et
2797 2002 2920 2056 mali
2934 2004 3290 2074 signiﬁcantur
3304 2002 3663 2076 congregandi.
3683 2000 3794 2060 Pe-

2193 2093 2411 2147 riculum
2453 2110 2516 2148 ea:
2541 2094 2788 2148 malorum
2825 2095 3085 2165 felicitate.
3132 2096 3442 2150 Schismata.
3487 2097 3619 2151 Cum
3655 2110 3795 2166 ergo

2192 2187 2482 2256 piscatores
2514 2187 2734 2257 piscium
2761 2188 3011 2259 elegisset
3033 2190 3291 2244 Dominus
3317 2190 3474 2246 Jesus
3501 2189 3780 2255 Christus,

2193 2286 2246 2332 et
2277 2276 2489 2333 fecisset
2520 2279 2814 2348 piscatores
2850 2280 3146 2346 hominum,
3179 2281 3231 2336 in
3260 2282 3392 2351 ipsis
3417 2281 3577 2337 etiam
3606 2282 3793 2352 pisca—

2193 2369 2426 2424 tionibus
2449 2386 2634 2426 eorum
2656 2371 2859 2442 aliquid
2888 2388 2984 2428 nos
3013 2374 3177 2429 voluit
3221 2373 3507 2429 admonere
3526 2373 3594 2430 de
3619 2388 3790 2429 voca-

2193 2462 2336 2517 tione
2365 2463 2702 2532 populorum.
2733 2464 2873 2518 Duas
2907 2466 3228 2536 piscationes
3253 2465 3508 2521 attendite
3539 2481 3794 2521 necessa-

2189 2554 2267 2608 ria
2311 2551 2652 2608 distinctione
2699 2542 2954 2611 discretas
2983 2575 2998 2611 :
3027 2572 3208 2624 unam,
3260 2556 3472 2627 quando
3525 2555 3793 2615 Dominus

2190 2646 2352 2716 elegit
2375 2659 2468 2701 eos
2490 2643 2556 2700 de
2578 2647 2946 2717 piscatoribus,
2971 2657 3023 2702 et
3047 2647 3170 2703 fecit
3186 2662 3278 2704 eos
3305 2648 3592 2719 discipulos
3620 2663 3790 2716 suos;

2191 2740 2434 2803 alterunt,
2468 2747 2629 2810 quam
2660 2740 2820 2794 modo
2846 2739 3163 2807 audivimus,
3195 2753 3316 2796 eum
3342 2750 3580 2797 sanctum
3609 2742 3794 2798 Evan-

2185 2831 2382 2902 geli‘um
2416 2833 2703 2901 legeretur,
2751 2841 2872 2901 post
2899 2834 3346 2889 resurrectionem
3371 2835 3574 2890 Domini
3613 2837 3793 2892 nostri

2189 2922 2315 2978 Iesu
2341 2922 2743 2978 Christizillam
2791 2931 2912 2979 ante
2955 2925 3427 2992 resurrectionem,
3472 2927 3630 2980 istam
3664 2936 3793 2998 post

2181 3016 2654 3071 reserrectioncm.
2680 3014 2816 3082 Quid
2839 3016 3046 3070 intersit
3073 3018 3212 3072 inter
3231 3017 3414 3073 ambas
3437 3015 3788 3088 piScatiuues,

2183 3106 2342 3162 Valde
2365 3107 2622 3162 debemus
2665 3107 2938 3162 attendere
2969 3125 2981 3158 :
3008 3107 3273 3179 navigium
3308 3113 3390 3164 est
3417 3109 3790 3167 instruetionis

2182 3208 2386 3257 nostrae
2417 3203 2550 3256 nova
2575 3201 3206 3272 Evangeliigirredieatio,
3242 3203 3294 3258 in
3324 3219 3430 3274 quo
3447 3213 3500 3259 et
3516 3205 3788 3275 piscantes

2183 3293 2411 3359 invenit,
2441 3292 2634 3363 quibus
2670 3302 2720 3348 et
2758 3294 2850 3360 ait,
2876 3291 3060 3347 Mittite
3075 3295 3218 3347 retia.
3249 3295 3505 3350 Dixerunt
3525 3296 3599 3350 illi
3621 3315 3634 3349 :
3655 3295 3788 3350 Tata

2185 3397 2331 3444 nocte
2350 3389 2427 3443 nil
2454 3389 2695 3459 cepimus,
2727 3389 2919 3443 frustra
2947 3388 3341 3456 laboravimus;
3371 3407 3482 3444 ecce
3500 3391 3552 3444 in
3583 3391 3792 3445 nomine

2188 3490 2276 3534 tuo
2309 3482 2570 3534 mittemus
2596 3481 2745 3533 retia.
2774 3479 3050 3547 Miserum,
3100 3490 3153 3536 et
3183 3491 3384 3537 tantum
3414 3493 3692 3552 ceperunt,
3723 3491 3789 3537 ut

2188 3567 2470 3644 implerent
2496 3573 2626 3628 duas
2671 3574 2964 3642 naviculas,
3018 3587 3137 3645 qua:
3167 3575 3390 3646 piscium
3440 3569 3788 3643 multitudine

2187 3667 2261 3722 ua
2282 3666 2678 3737 premebantur,
2696 3675 2754 3721 ut
2771 3667 3156 3738 propemodum
3172 3677 3554 3738 mergerentur.
3577 3664 3786 3725 Deinde

2185 3759 2301 3832 ipsa
2329 3759 2667 3815 multitudine
2690 3760 2910 3831 piscium
2940 3758 3178 3831 disrupta
3207 3769 3331 3816 sunt
3359 3763 3512 3818 retia.
3541 3759 3692 3818 Tunc
3708 3762 3787 3818 ait

2187 3851 2311 3916 illis,
2343 3849 2513 3906 Venite
2542 3861 2652 3922 past
2685 3867 2782 3920 me,
2808 3861 2853 3906 et
2879 3853 3063 3925 facium
3088 3869 3172 3907 vos
3201 3854 3471 3924 piscatores
3498 3853 3782 3908 heminam.

2184 3941 2339 4000 Tunc
2357 3944 2552 4001 relictis
2572 3944 2775 4001 retibus
2793 3953 2846 4000 et
2867 3946 3142 4012 naviculis,
3170 3946 3335 4001 secuti
3360 3953 3483 4001 sunt
3508 3947 3783 4003 Chrisutm

2189 4033 2342 4108 (an.
2387 4052 2444 4103 v,
2476 4037 2652 4106 1-H).
2697 4035 2852 4092 Modo
2882 4045 3004 4107 post
3048 4038 3496 4094 resurrectionem
3543 4035 3784 4095 exhibuit

2186 4128 2342 4183 nobis
2369 4125 2624 4184 Dominus
2645 4127 2888 4184 Christus
2914 4129 3071 4184 aliam
3099 4131 3464 4200 piscationem,
3490 4127 3781 4188 distantem

2187 4215 2257 4275 ab
2287 4219 2375 4274 iila
2399 4220 2693 4289 superiore.
2723 4221 2872 4276 Tunc
2901 4221 3067 4290 enim,
3086 4221 3271 4276 Mittite
3291 4225 3439 4293 retia,
3463 4223 3600 4283 dixit
3624 4244 3636 4280 :
3660 4243 3784 4296 nec,

2186 4307 2244 4366 In
2277 4309 2576 4377 sinistram;
2609 4323 2727 4378 nec,
2763 4309 2820 4366 ln
2845 4311 3123 4367 dexteram
3159 4321 3357 4383 partem
3386 4316 3522 4380 ;sed
3551 4327 3782 4386 tantum.

2191 4401 2377 4458 Mittite
2396 4403 2540 4470 retia,
2574 4403 2770 4460 dictum
2793 4411 2891 4460 est.
2916 4405 2972 4460 Si
2994 4407 3133 4461 enim
3153 4406 3368 4472 diceret,
3395 4407 3450 4462 ln
3484 4409 3776 4482 sinistram,

2188 4497 2359 4570 malos
2379 4498 2524 4553 solos
2553 4497 2898 4569 significaret;
2924 4501 2986 4564 si,
3017 4501 3074 4556 In
3101 4500 3396 4569 dexteram,
3422 4504 3569 4560 solos
3591 4506 3772 4563 bonos.

2188 4588 2321 4658 Quia
2348 4603 2474 4661 ergo
2503 4603 2604 4645 nec
2656 4587 2713 4644 In
2760 4590 3031 4646 dexteram
3078 4609 3174 4648 nec
3202 4591 3261 4648 In
3310 4595 3586 4652 sinistram
3629 4599 3771 4668 dixit,

2189 4682 2315 4737 boni
2359 4691 2412 4737 et
2455 4684 2578 4737 mali
2605 4683 2986 4754 significantur,
3021 4685 3088 4742 de
3125 4686 3316 4758 quibus
3348 4689 3587 4760 loquitur
3611 4691 3774 4748 Evan-

2189 4775 2383 4845 gelium
2411 4775 2514 4828 alio
2543 4774 2658 4829 loco
2684 4794 2696 4829 :
2721 4777 2841 4846 quia
2873 4776 3016 4831 misit
3040 4780 3421 4850 paterfamilias
3445 4798 3635 4841 servos
3659 4800 3778 4842 suos

2189 4875 2370 4938 parata
2402 4879 2573 4935 coena,
2604 4878 2656 4924 et
2688 4863 3022 4926 adduxerunt
3045 4888 3177 4944 quos
3204 4874 3444 4931 invenire
3471 4887 3772 4946 potuerunt,

2189 4960 2360 5016 bo’nos
2387 4969 2439 5015 et
2468 4961 2654 5029 malos,
2688 4973 2740 5017 et
2771 4963 3002 5033 impletae
3059 4975 3184 5021 sunt
3210 4969 3408 5038 nuptiae
3439 4968 3775 5028 discumben-

2190 5053 2327 5108 tibus
2362 5045 2570 5126 (Matth.
2599 5070 2730 5122 χχιι,
2762 5055 2813 5122 8,
2847 5051 2958 5126 l0).
2989 5056 3130 5111 Talis
3161 5067 3243 5114 est
3290 5059 3450 5116 modo
3499 5060 3772 5130 Ecclesia,

2190 5147 2348 5222 plena
2375 5145 2527 5200 bonis
2567 5153 2619 5201 et
2643 5146 2816 5203 malis.
2845 5145 3182 5205 Multitudine
3215 5150 3470 5222 impletur
3501 5143 3770 5210 Ecclesia:

2189 5241 2282 5294 sed
2329 5237 2611 5295 multitudo
2638 5240 2736 5296 ista
2785 5241 3069 5312 aliquando
3110 5247 3320 5315 premit,
3348 5255 3403 5302 et
3432 5263 3606 5320 prope
3651 5265 3770 5306 nau-

2190 5333 2416 5405 fragium
2446 5331 2669 5389 conatur
2694 5323 2979 5393 adducere.
3013 5337 3146 5395 Male
3170 5341 3461 5398 viventium
3492 5341 3770 5400 multitudo

2189 5428 2324 5484 bene
2342 5428 2578 5484 viventes
2593 5424 2659 5482 ita
2675 5423 2966 5500 perturbat,
2989 5439 3048 5487 ut
3065 5432 3150 5502 qui
3166 5431 3300 5487 bene
3319 5433 3464 5501 vivit,
3485 5434 3708 5491 stultum
3721 5447 3770 5510 se

2191 5519 2357 5584 putet,
2383 5513 2592 5584 quando
2619 5509 2843 5568 attendit
2867 5513 3002 5570 alios
3031 5517 3167 5571 male
3184 5517 3361 5574 vivere
3377 5536 3390 5574 :
3406 5521 3644 5577 maxime
3660 5519 3771 5590 quia

2190 5607 2483 5662 Secundum
2512 5607 2647 5662 bona
2673 5607 2828 5678 hujus
2850 5608 3029 5664 smculi
3057 5608 3398 5666 inveniuntur
3421 5611 3575 5667 multi
3598 5611 3766 5670 felicet

2189 5689 2463 5768 nocentes,
2498 5711 2548 5756 et
2593 5702 2934 5758 inveniuntur
2974 5703 3123 5758 multi
3165 5703 3400 5761 infelices
3440 5706 3760 5763 innocentes.

2190 5794 2258 5849 Et
2277 5810 2433 5864 quam
2461 5795 2804 5850 metuendum
2831 5805 2911 5851 est
2933 5813 2998 5851 ne
3027 5796 3300 5869 naufragio
3323 5808 3595 5870 prematur
3617 5806 3762 5868 atque

2194 5896 2464 5959 mergatur
2489 5890 2502 5944 Ξ
2532 5888 2698 5959 Quam
2729 5891 3075 5948 metuendum
3100 5901 3204 5964 est,
3227 5892 3554 5964 chaﬁssimi»,
3579 5903 3652 5953 tle
3679 5891 3744 5948 di-
