2035 3165
163 246 208 276 αἱ
215 245 263 282 qui
273 234 436 273 hueivivit:
449 240 519 278 Quid
529 239 596 270 mihi
616 239 737 277 prodest,
760 239 822 276 quia
834 239 904 268 bene
912 238 954 266 vi-

163 293 218 321 vo'l
232 290 302 320 Ecce
312 291 385 319 alim
408 290 454 318 ille
466 289 536 317 male
549 288 615 316 vivit
633 291 661 316 et
679 287 833 315 honoratior
845 291 886 315 est
901 293 954 315 me.

162 339 227 368 rma
238 338 301 374 quid
310 338 421 374 prodest
432 338 493 373 quia
505 336 575 364 bene
585 335 664 364 vivo?
672 334 841 363 Periclitatur
852 343 859 361 :
874 334 956 362 timeo

163 390 197 414 ne
210 389 356 420 mergatur.
370 384 498 419 Alloquar
510 390 582 417 eum,
601 385 630 410 ut
639 382 674 410 de
686 380 816 417 profundo
826 382 954 415 erigatur.

162 433 215 467 Qui
237 433 305 460 bene
326 429 402 465 vivis,
423 430 491 460 bene
519 430 595 458 vive:
610 429 665 457 noli
686 428 801 465 fatigari,
817 427 870 456 noli
883 432 955 455 retro

162 479 309 514 respicere.
325 477 393 505 Vera
419 481 461 505 est
482 476 624 512 promissio
646 475 752 503 Domini
778 474 816 501 tui
831 473 954 506 dicentis,

164 525 215 558 Qui
225 524 415 560 perseveraverit
424 530 501 558 usque
510 523 537 550 in
546 523 633 558 ﬁnem,
644 521 685 550 hic
695 523 779 549 solum
789 521 836 548 erit
847 520 954 554 (Matth.

161 578 235 605 xxiv,
249 571 304 605 i5).
319 570 445 604 Attendo,
464 570 563 605 inquis,
583 568 653 604 quod
667 568 736 596 alius
758 566 827 595 male
840 567 913 600 vivit,
928 572 957 596 et

161 619 224 647 felix
237 622 288 647 est.
302 618 424 652 Falleris,
436 617 528 646 infelix
536 622 576 645 est
590 626 596 644 :
610 620 637 645 et
649 624 682 645 eo
694 621 735 644 est
750 615 890 649 infelicior,
902 622 956 651 quo

161 665 213 692 sibi
228 665 331 692 videtur
349 664 462 693 felicior.
477 664 582 692 insania
602 667 653 696 est,
663 662 734 699 quod
759 669 813 690 non
836 662 956 698 agnoscit

161 712 298 739 miseriam
310 718 396 740 suam.
422 711 451 739 Si
466 711 570 739 videres
596 710 753 738 febrientem
768 709 910 743 ridentem,
927 712 955 737 tu

161 758 302 794 plangens
331 758 518 786 insanientem.
543 757 619 792 Quod
642 757 691 784 tibi
717 756 879 792 promissum
903 759 952 790 est,

161 804 279 832 nondum
296 804 378 832 venit.
394 803 441 832 ille
455 804 500 840 qui
511 804 559 832 tibi
577 803 679 832 felicior
692 803 807 836 videtur,
823 803 903 831 rebus
917 802 956 830 vi-

161 848 283 878 sibilibus
296 849 324 878 ei.
338 850 528 886 temporalibus
544 851 671 886 pascitur,
692 851 755 886 ipsis
766 850 889 878 lmtatur:
905 856 956 878 nec

161 894 252 924 attulit
265 897 305 930 ea,
321 902 371 925 nec
384 897 485 925 auferet
498 904 539 925 ea.
551 896 642 925 Nudus
654 897 791 932 ingressus
805 901 855 931 est,
868 895 956 923 nudus

161 946 203 971 εει
214 940 343 971 exituras.
358 943 380 971 A
391 942 463 971 falsis
474 943 575 979 gaudiis
588 947 715 971 venturus
726 948 767 971 est
776 943 809 970 ad
818 949 895 971 veros
907 941 956 971 do—

161 987 243 1017 lores.
253 987 311 1017 Tibi
322 994 409 1017 autem
424 988 495 1025 quod
505 990 665 1026 promissum
674 994 724 1023 est,
740 989 856 1017 nondum
871 989 953 1017 venit.

162 1034 243 1067 Dura,
258 1038 286 1062 ut
297 1035 450 1070 pervenias;
462 1042 612 1071 persevera,
631 1042 664 1063 ne
675 1034 821 1064 deiiciendo
831 1040 857 1063 te
869 1035 954 1071 ipsum

162 1078 289 1109 fraudes:
305 1087 367 1108 nam
383 1080 453 1109 Deus
475 1085 502 1109 te
512 1080 604 1109 fallere
624 1086 677 1109 non
697 1085 796 1116 potest.
818 1080 888 1109 Ecce
901 1081 955 1108 dixi

162 1125 291 1160 breviter,
301 1134 336 1154 ne
346 1126 448 1162 navigia
460 1131 621 1162 mergantur.
633 1127 754 1154 Accessit
763 1126 833 1154 aliud
840 1126 872 1154 ad
884 1126 954 1154 illam

162 1171 335 1207 piscationem
367 1173 573 1207 detestabilius,
606 1177 635 1200 ut
660 1174 727 1201 retia
756 1178 954 1208 rumperentur.

162 1218 249 1253 Rupta
263 1224 325 1246 sunt
335 1219 412 1253 retia,
425 1218 543 1247 haereses
550 1218 626 1247 facite
639 1223 709 1246 sunt.
722 1218 790 1253 Quid
803 1219 874 1247 enim
885 1218 956 1247 aliud

161 1266 226 1292 sunt
239 1264 391 1298 schismata,
407 1264 458 1292 nisi
473 1265 612 1292 scissurce?
626 1264 671 1293 Sie
685 1264 794 1293 ferenda
805 1270 832 1293 et
842 1265 957 1293 toleran-

162 1308 196 1337 da
210 1314 250 1337 est
263 1310 347 1345 prima
357 1310 478 1345 piscatio,
489 1314 519 1338 ut
527 1317 606 1338 nemo
617 1309 696 1338 taedio
709 1310 832 1346 fatigetur
843 1319 849 1337 :
864 1318 957 1346 qnam-

162 1354 204 1383 vis
218 1356 345 1390 scriptum
363 1355 408 1388 sit,
425 1355 539 1383 Taniium
562 1356 640 1383 tenuit
665 1365 704 1383 me
725 1365 771 1391 pro
787 1357 957 1392 peccatoribus

162 1400 358 1435 niinqucnt‘ibus
371 1401 450 1436 legem
464 1405 531 1428 tuam
545 1400 629 1436 (Psal.
644 1407 734 1436 cxvm,
751 1402 807 1437 55).
818 1401 957 1437 Naviginm

163 1443 272 1479 clamat,
292 1446 363 1482 quod
383 1451 518 1482 prematur
537 1455 550 1474 a
563 1448 742 1480 multitudine,
759 1452 883 1484 tanquam
899 1449 957 1484 ipsa

164 1493 240 1521 navis
251 1493 330 1521 habet
345 1493 412 1522 hanc
423 1500 515 1522 vocem
529 1503 535 1520 :
552 1491 666 1521 Tullium
677 1495 756 1522 tenuit
773 1503 813 1522 mc
833 1503 879 1531 pro
898 1503 957 1531 pec-

163 1539 290 1566 catoribus
302 1540 498 1574 relinquentibus
509 1541 588 1576 legem
601 1545 678 1568 tuam.
696 1538 752 1569 Etsi
765 1541 902 1576 premeris,
916 1541 957 1569 vi-

165 1585 200 1613 de
216 1593 321 1622 semper
339 1593 374 1615 nc
386 1586 525 1622 mergaris.
540 1587 681 1623 Tolerandi
697 1593 759 1616 sunt
782 1588 844 1616 mali
867 1589 956 1623 modo,

166 1635 219 1658 non
246 1632 396 1667 separandi.
422 1632 628 1660 Misericordiam
648 1637 676 1661 et
695 1633 823 1668 judicium
844 1632 958 1662 Domino

165 1680 246 1704 canto
260 1677 345 1712 (Pani.
356 1686 381 1711 c,
396 1678 422 1713 Ι)
438 1686 445 1706 :
461 1679 535 1713 prius
551 1678 733 1707 misericordia
744 1683 916 1716 prmrogatur,
932 1684 959 1708 et

166 1725 260 1757 postea
272 1722 402 1758 judicium
428 1728 577 1752 exercetur.
591 1723 729 1759 Separatio
743 1725 770 1752 in
789 1726 888 1760 judicio
902 1726 956 1753 ﬁet.

166 1765 245 1805 Modo
258 1769 348 1796 audiat
358 1776 401 1796 me
412 1769 497 1797 bonu's
509 1792 515 1803 ,
526 1791 528 1793 .
540 1775 567 1798 ut
581 1771 614 1798 sit
625 1766 720 1798 melior
734 1780 740 1798 :
757 1773 847 1801 audiat
865 1777 892 1801 et
904 1781 959 1801 ma-

165 1809 219 1851 lus,
238 1816 268 1838 ut
281 1811 315 1839 sit
330 1810 432 1846 bonus;
449 1821 509 1840 cum
532 1818 636 1849 tempus
645 1819 686 1842 est
700 1816 875 1851 pcenitcntice,
890 1824 958 1845 non-

165 1856 231 1885 dum
249 1858 399 1885 Sententite.
413 1856 591 1887 Transeamus
606 1860 639 1888 ab
654 1862 703 1888 ista
718 1862 873 1897 piscalione,
900 1872 959 1899 quae

167 1902 250 1942 habet
261 1903 355 1938 gaudia
374 1904 455 1931 mixta
470 1904 595 1941 iacrymis
609 1914 615 1932 τ
629 1908 733 1941 gaudia,
755 1909 815 1943 quia
829 1909 959 1945 colligunt-

169 1949 212 1976 tur
223 1948 300 1982 boni;
322 1950 402 1976 mixta
414 1950 549 1986 lacrymis,
565 1952 626 1987 quia
641 1953 682 1980 vix
695 1953 816 1981 feruntur
831 1955 903 1982 mali.

205 1994 231 2023 3.
245 1995 331 2022 Altera
342 1997 456 2031 piscatio.
480 1997 608 2026 Numerus
622 2000 727 2034 piscium
742 2001 767 2027 in
783 2002 829 2029 hac
840 2003 895 2029 sola
919 2002 959 2031 (li-

168 2041 235 2067 ttus.
252 2039 401 2076 Mysten-ium
421 2043 517 2070 numeri
536 2043 652 2079 piscium.
667 2044 720 2073 Lea:
733 2047 787 2074 sine
800 2048 882 2083 gratia
896 2048 961 2075 nihil

168 2087 245 2125 eam.
261 2086 353 2123 Decem
366 2094 548 2124 prazceptorum
568 2090 704 2119 distinctio.
723 2093 852 2121 Auxilium
866 2093 914 2122 Dei
926 2096 960 2123 ad

168 2128 322 2168 hnplrndam
338 2136 416 2170 legem
435 2137 614 2164 necessarium.
639 2137 680 2165 Ad
693 2138 764 2166 illam
784 2140 958 2174 piscationem

170 2179 342 2207 novissimam
376 2181 492 2208 animum
510 2187 695 2210 convertamus
717 2184 772 2212 :ibi
799 2185 957 2222 reﬁciamur,

169 2223 207 2252 ibi
223 2226 400 2253 consolemur.
415 2226 448 2254 Et
458 2227 517 2255 idco
527 2228 583 2262 ipsa
597 2235 657 2263 post
670 2231 892 2259 resurrectionem
905 2231 958 2260 Do-

171 2270 236 2297 mini
258 2270 327 2298 facta
348 2276 399 2304 est,
424 2273 485 2307 quia
508 2272 666 2309 signiﬁcavit
691 2275 848 2309 Ecclesium,
875 2277 959 2314 qualis

169 2314 233 2351 post
247 2319 468 2346 resurrectionem
483 2317 571 2347 futura
584 2325 635 2349 est.
650 2320 719 2349 Ecce
734 2322 829 2351 dicitur
843 2321 960 2360 discipu-
994 2318 996 2322 ⁴

168 2359 204 2404 iis
211 2363 389 2399 piscantibus;
405 2364 532 2396 Dominus
542 2366 619 2400 dicit,
634 2367 679 2403 qui
692 2373 718 2396 et
730 2365 803 2404 ι)ιίυέ
815 2370 881 2398 dixit
894 2379 901 2398 :
913 2359 961 2400 sed

169 2403 256 2451 prius,
272 2409 335 2446 quid
350 2411 502 2445 mitterent;
519 2412 609 2446 modo,
624 2421 676 2450 quo
692 2403 837 2450 mitterent,
858 2414 885 2444 id
907 2421 959 2451 est,

169 2446 198 2483 in
211 2455 346 2485 denorum
362 2459 464 2493 partem
481 2458 588 2494 navigii.
609 2446 677 2495 Ergo
691 2460 729 2488 illi
750 2446 836 2489 modo
852 2446 968 2497 capiunL‘

169 2503 224 2546 tur,
239 2503 283 2544 qui
294 2504 326 2531 ad
339 2502 476 2534 dexteram
489 2505 598 2533 Stabunt
614 2515 620 2535 :
635 2503 672 2534 illi
687 2507 836 2542 capiuntur,
865 2509 961 2546 quibus

169 2542 271 2576 ᾶῐειιιίιι
301 2550 350 2583 est,
379 2547 476 2584 Venile,
502 2549 622 2578 benedicti
647 2548 734 2581 Patris
760 2554 819 2587 mei,
841 2542 962 2590 percipite

170 2595 276 2630 regnum
289 2593 396 2631 (Matth.
409 2604 470 2630 xxv,
485 2595 541 2632 54).
554 2595 669 2631 Mittunt,
687 2602 713 2625 et
728 2598 844 2634 capiunt.
861 2599 897 2628 lbi
913 2609 962 2629 nu-

169 2642 262 2667 merus
276 2648 330 2668 non
343 2644 385 2669 est
399 2640 485 2669 dictus
498 2638 524 2669 in
540 2641 624 2677 prima
638 2640 800 2677 piscatione;
819 2645 874 2672 sola
891 2646 960 2673 mul-
973 2653 976 2658 '

169 2684 257 2713 titudo
277 2686 346 2714 dicta
367 2689 418 2721 est,
440 2690 568 2716 numeras
594 2696 646 2716 non
671 2694 711 2717 est
730 2689 863 2719 dclinilus.
888 2690 976 2720 Multi,

169 2736 234 2760 sunt
247 2734 318 2761 enim
332 2741 412 2770 super
423 2743 566 2763 numerum
579 2735 670 2769 modo,
687 2735 712 2763 id
726 2741 774 2770 cst,
787 2739 904 2773 veniunt,
918 2740 961 2767 in-
974 2742 976 2745 ‘

170 2781 252 2811 trant,
265 2779 377 2814 implent
391 2778 528 2808 ecclesias.
539 2778 591 2816 Ipsi
603 2781 714 2816 implent
730 2782 842 2817 theatra,
859 2784 901 2820 qui
916 2793 961 2813 ec-
974 2781 976 2783 ⁷

170 2822 290 2852 elesiam.
303 2825 390 2860 Super
404 2835 542 2855 munerum
563 2827 675 2863 implent
690 2829 740 2857 :ad
761 2838 899 2859 numerum
925 2832 959 2860 il-

169 2870 227 2913 lum
250 2871 295 2906 qui
311 2871 414 2900 futurus
435 2873 511 2901 estin
531 2874 582 2901 vita
599 2880 707 2909 aeterna,
737 2885 789 2904 non
816 2879 958 2913 pertinent,

169 2911 223 2945 Bisi
238 2916 381 2952 mutentur,
402 2926 461 2947 cum
480 2920 579 2949 vivunt.
596 2918 626 2948 Et
642 2922 769 2958 ntnnquid
785 2911 877 2954 omnes
902 2934 960 2954 lilii-

884 178 1000 209 SERHO
1017 178 1094 209 CCL.

1731 184 1800 215 1166

1011 237 1119 266 tantur?
1133 236 1271 272 Quomodo
1293 245 1343 268 nec
1356 238 1393 267 illi
1417 239 1480 268 boni
1502 247 1596 272 omnes
1616 248 1799 277 perseverant.

1016 284 1079 312 ideo
1093 284 1145 312 illis
1157 284 1257 313 dictum
1269 290 1311 314 est
1326 295 1334 313 :
1350 286 1400 320 Qui
1412 279 1661 323 perseveraviturque
1670 289 1697 317 in
1710 289 1798 326 ﬁnem.

1010 330 1050 357 hic
1061 331 1145 358 saluus
1159 331 1215 359 erit.
1229 331 1264 359 Et
1274 331 1327 360 illis
1339 332 1383 367 qui
1407 332 1494 361 adhuc
1513 333 1575 362 mali
1590 338 1660 369 sunt,
1680 334 1776 365 dicitur
1789 344 1796 363 :

1009 376 1079 404 Nolo
1094 381 1198 404 mortem
1213 379 1360 413 peccatoris,
1385 379 1429 407 sed
1451 384 1479 407 ut
1504 385 1663 409 convertatur
1682 386 1706 409 et
1732 382 1799 411 vivat

1008 422 1117 458 (Eucti.
1130 432 1221 457 xxxni,
1237 423 1291 461 ii).
1306 425 1376 460 Ergo
1387 425 1421 453 ibi
1437 434 1563 455 numerus
1574 434 1628 466 non
1641 431 1682 455 est
1695 428 1781 459 dictus
1793 450 1801 465 ,

1009 470 1157 505 quiamulti
1172 478 1252 506 super
1265 479 1404 499 numerum
1417 472 1478 500 facti
1488 478 1559 500 sunt.
1572 473 1642 501 Dixit
1654 473 1776 513 Psalmus
1793 484 1799 501 :

1011 517 1177 551 Annuntiam',
1194 523 1217 545 et
1230 518 1326 546 locutus
1341 527 1407 552 sum,
1423 520 1583 555 multiplicati
1593 524 1651 548 sunt
1665 528 1742 558 super
1752 529 1801 551 mt—

1009 570 1105 592 merum
1118 564 1203 601 (Ptol.
1217 573 1307 600 xxxix,
1323 565 1362 602 6).
1373 566 1451 595 Modo
1477 568 1503 595 in
1523 568 1671 601 dexteram,
1687 575 1740 596 non
1753 576 1801 597 su—

1008 618 1058 646 per
1070 620 1211 640 numerum
1224 622 1232 641 z
1246 617 1353 641 centum
1371 613 1562 649 quinquaginta
1581 619 1636 643 tres
1660 619 1732 649 sunt,
1753 615 1801 643 sed

1008 658 1107 694 mgni.
1123 659 1178 687 Hoc
1190 660 1262 688 enim
1273 659 1372 688 dictum
1386 666 1427 688 est
1441 670 1447 688 :
1464 660 1566 689 Etcum
1578 666 1629 689 tant
1649 662 1736 698 magni
1757 670 1800 689 εει.

1008 709 1073 738 sent,
1100 712 1152 732 non
1169 711 1206 733 est
1231 707 1336 735 scissum
1356 711 1417 734 rete.
1439 707 1513 735 Tunc
1534 707 1605 735 enim
1631 708 1802 743 congregatio

1008 756 1161 780 sanctorum
1176 753 1235 786 crit,
1262 754 1405 782 divisiones
1418 759 1445 782 et
1465 755 1588 782 scissura:
1613 755 1800 783 haereticorum

1008 803 1061 827 non
1085 804 1245 834 erunt:an
1269 801 1330 835 erit,
1345 804 1372 829 et
1395 801 1513 836 perlecta
1534 802 1622 829 unitas
1642 802 1702 829 erit.
1717 801 1801 843 Remo

1008 846 1106 880 minus,
1122 853 1202 874 nemo
1217 847 1276 882 plus
1300 848 1362 881 erit,
1378 848 1483 884 integer
1508 856 1638 877 numerus
1659 848 1719 876 erit.
1745 848 1801 877 Sed

1007 893 1084 921 valde
1116 894 1192 928 pauci
1223 898 1299 927 sunt;
1332 895 1355 922 si
1376 899 1483 923 uetitum
1525 895 1715 931 quinquaginta
1746 899 1801 923 tres

1009 942 1112 967 tantum
1126 944 1196 967 sum.
1222 940 1299 967 Absit
1318 947 1333 967 a
1353 941 1440 974 nobis,
1459 945 1488 968 ut
1504 945 1542 969 tot
1552 941 1604 968 soli
1630 941 1684 968 sint
1702 940 1730 968 in
1751 940 1802 969 hac

1008 984 1087 1020 plebe
1100 993 1105 1011 :
1117 989 1216 1020 quanto
1227 986 1312 1021 magis
1333 986 1361 1014 in
1375 986 1499 1014 universa
1521 986 1639 1014 Ecdesia
1653 987 1718 1014 Dei?
1730 987 1804 1023 Apo-

1008 1030 1125 1066 calypsis
1146 1032 1229 1067 ipsius
1255 1032 1364 1061 Joannis
1388 1033 1559 1069 evangelista
1575 1033 1692 1061 ostendit
1713 1033 1798 1061 visam

1008 1077 1090 1105 fuisse
1103 1082 1203 1106 tantam
1217 1079 1414 1107 multitudinem
1425 1085 1578 1107 sanctorum
1590 1084 1617 1107 et
1629 1080 1655 1106 in
1667 1079 1711 1107 illa
1721 1083 1802 1107 aster-

1010 1123 1093 1151 nitate
1109 1124 1236 1157 felicium,
1252 1130 1375 1160 quantam
1394 1133 1537 1153 uulnerare
1550 1133 1629 1154 nemo
1650 1125 1742 1160 possit.
1758 1125 1804 1154 Sic

1008 1169 1045 1197 ibi
1057 1168 1168 1198 habetur
1180 1172 1306 1206 scriptum
1316 1171 1407 1207 (Apoc.
1417 1181 1462 1206 vn,
1471 1172 1509 1208 9).
1520 1173 1553 1200 Et
1563 1177 1653 1200 tamen
1664 1180 1757 1200 omnes
1769 1172 1803 1200 ad

1009 1224 1150 1244 numerum
1164 1217 1244 1244 istum
1261 1218 1404 1253 pertinent,
1426 1218 1459 1246 ad
1485 1224 1591 1246 centum
1612 1218 1802 1254 quinquaginta

1010 1267 1073 1291 tres.
1087 1263 1127 1290 Ad
1143 1264 1303 1298 paucitatem
1324 1265 1483 1300 ampliorem
1497 1265 1557 1292 volo
1572 1265 1693 1300 redigere
1709 1272 1803 1293 nume-

1009 1315 1068 1336 rum
1084 1310 1173 1337 istum.
1190 1310 1300 1338 Centum
1318 1311 1508 1346 quinquaginta
1519 1315 1650 1345 tressunt,
1664 1312 1803 1347 pauciores

1009 1354 1069 1383 illos
1082 1355 1217 1383 faciamus.
1233 1355 1329 1384 Decem
1338 1361 1366 1384 et
1377 1361 1479 1392 septem
1488 1362 1550 1384 sunt
1559 1357 1716 1385 isticentum
1722 1357 1802 1392 quin-

1010 1401 1134 1436 quaginta
1151 1406 1216 1429 tres.
1229 1403 1316 1436 Quare
1330 1403 1442 1431 decem?
1456 1411 1537 1439 quare
1549 1404 1668 1439 septem?
1689 1401 1799 1438 Decem,

1011 1451 1119 1482 propter
1131 1447 1216 1483 legem
1231 1457 1237 1474 :
1254 1454 1366 1484 septem,
1379 1454 1487 1485 propter
1494 1449 1631 1486 Spiritum.
1647 1450 1803 1486 Septenaria

1011 1494 1082 1521 enim
1098 1494 1192 1528 forma,
1220 1500 1328 1530 propter
1351 1496 1542 1531 perlectionem
1562 1505 1623 1532 quae
1645 1497 1805 1533 praidicatur

1011 1539 1037 1566 in
1054 1539 1132 1568 donis
1144 1540 1258 1574 Spiritus
1273 1542 1367 1569 sancti.
1382 1542 1538 1578 Rat/uicem,
1552 1543 1638 1579 inquit
1650 1543 1730 1575 lsaias
1741 1551 1804 1579 pro-

1010 1585 1100 1620 pheta,
1128 1594 1204 1622 super
1226 1596 1283 1614 eum
1303 1587 1416 1623 Spiritus
1438 1594 1548 1616 sanctus.
1564 1589 1671 1617 Etcum
1695 1590 1805 1619 dixisset

1010 1629 1136 1665 Spiritum
1149 1638 1279 1666 sanctum,
1297 1634 1463 1661 enumeravit
1477 1639 1579 1670 septem
1593 1635 1717 1663 virtutes.
1740 1634 1804 1671 Spi-

1010 1671 1074 1705 ritus
1088 1678 1217 1713 sapientia:
1227 1684 1249 1705 et
1262 1679 1416 1713 intellectus,
1435 1674 1551 1716 Spiritus
1560 1682 1657 1709 consilii
1670 1686 1693 1708 et
1703 1682 1805 1717 fortitu-

1011 1721 1194 1751 dinis:habes
1227 1730 1349 1760 quatuor.
1378 1725 1491 1760 Spiritus
1513 1727 1623 1761 scicntiw
1648 1732 1671 1754 et
1693 1719 1803 1763 pietalis,

1012 1767 1124 1802 Spiritus
1138 1769 1234 1796 timoris
1261 1770 1362 1798 Domini
1384 1764 1461 1807 (lsai.
1479 1780 1515 1805 x1,
1536 1764 1563 1806 Ξ,
1579 1773 1616 1808 5).
1632 1774 1655 1801 Α
1672 1773 1801 1810 sapientia

1012 1814 1102 1848 coepit,
1117 1814 1150 1842 ad
1166 1815 1288 1843 timorem
1304 1811 1455 1846 terminavit
1470 1827 1476 1844 :
1493 1822 1617 1855 tanquam
1637 1818 1804 1847 descendam

1012 1858 1115 1886 locutus
1124 1865 1163 1887 est
1180 1868 1194 1888 a
1208 1862 1319 1890 summis
1334 1862 1366 1890 ad
1382 1863 1444 1896 ima,
1460 1872 1475 1892 a
1486 1864 1614 1899 sapientia
1626 1865 1658 1892 ad
1672 1859 1802 1893 timorem.

1012 1905 1053 1933 Ab
1068 1905 1127 1933 iniis
1138 1906 1170 1933 ad
1186 1915 1301 1940 summa,
1319 1916 1333 1935 a
1357 1909 1450 1937 timore
1467 1910 1499 1937 ad
1514 1905 1669 1945 sapientiam
1681 1921 1687 1938 :
1701 1911 1806 1942 Initium

1013 1952 1084 1994 enim
1097 1953 1228 1988 sapientia:
1242 1954 1318 1982 timor
1332 1954 1435 1983 Domini
1451 1956 1536 1993 (Psal.
1552 1965 1596 1992 cx,
1616 1957 1672 1995 te).
1685 1958 1741 1997 Hoc
1765 1964 1806 1988 est

1013 1991 1113 2026 donum
1137 2001 1248 2034 gratim:
1265 2001 1314 2028 ista
1347 1991 1496 2037 septenaria
1523 2004 1620 2036 virtute
1700 1994 1806 2044 dilectis

1013 2040 1061 2072 Dei
1073 2051 1197 2080 operatur
1210 2047 1325 2082 Spiritus
1352 2054 1470 2084 sanctus,
1498 2055 1526 2078 ut
1545 2051 1643 2086 aliquid
1665 2051 1708 2088 lex
1720 2042 1807 2081 valeat

1014 2091 1060 2119 ibi.
1074 2092 1140 2119 Nam
1154 2094 1176 2120 si
1192 2094 1269 2121 tollas
1280 2094 1417 2129 Spiritum.
1433 2097 1496 2131 quid
1512 2098 1583 2124 valet
1601 2097 1659 2125 lex?
1677 2098 1807 2126 Praevari-

1015 2143 1131 2166 catorem
1148 2140 1218 2167 facit.
1236 2140 1297 2167 Ideo
1310 2141 1409 2169 dictum
1425 2146 1477 2176 est,
1491 2142 1587 2170 Littera
1600 2144 1699 2171 occidit.
1715 2144 1804 2178 iubet,

1016 2187 1042 2210 et
1052 2192 1104 2211 non
1122 2185 1192 2211 facit.
1209 2185 1267 2213 Non
1280 2186 1427 2220 occidebat,
1442 2192 1583 2223 antequam
1598 2188 1643 2217 tibi
1654 2189 1802 2224 jubereuir;

1014 2230 1073 2257 etsi
1086 2230 1192 2258 tenebat
1206 2232 1371 2266 providentia
1393 2238 1571 2268 peccatorem,
1593 2243 1647 2262 non
1666 2240 1752 2263 tamen
1767 2240 1806 2263 te-

1015 2277 1097 2306 nebat
1110 2278 1351 2312 prmvarioatorem.
1367 2279 1489 2315 Jubetur,
1512 2285 1539 2308 et
1560 2289 1612 2309 non
1626 2280 1704 2314 facis;
1720 2281 1807 2316 proli?

1014 2323 1102 2358 betur,
1117 2329 1143 2352 et
1154 2325 1217 2352 locis
1234 2335 1240 2353 :
1252 2333 1315 2354 ecce
1326 2326 1412 2354 littera
1426 2328 1532 2355 occidit.
1543 2328 1597 2355 Lex
1608 2332 1696 2355 autem
1709 2328 1804 2356 decem

995 2385 998 2404 ;
1014 2375 1146 2406 prmcepla
1166 2371 1254 2399 habet.
1273 2373 1437 2408 Praeceptum
1452 2375 1564 2409 primum
1577 2374 1643 2410 legis
1650 2378 1702 2407 est,
1713 2376 1806 2403 colen-

1015 2415 1078 2442 dum
1091 2423 1150 2443 esse
1163 2424 1244 2443 unum
1255 2417 1354 2451 Deum,
1367 2419 1467 2446 nullum
1481 2420 1572 2453 alium,
1588 2420 1689 2448 nullum
1704 2421 1804 2449 idolum

1015 2460 1176 2489 faciendum.
1190 2463 1355 2498 Praeceptum
1378 2465 1524 2493 secundum
1544 2470 1595 2497 est,
1615 2465 1675 2493 Non
1696 2468 1806 2503 accipies

1015 2516 1106 2535 nomen
1131 2508 1179 2535 Dei
1200 2510 1236 2536 tui
1262 2510 1289 2537 in
1311 2518 1411 2538 vanurii.
1433 2511 1597 2546 Praeceptum
1619 2512 1724 2540 tertium
1751 2517 1803 2547 est,

1018 2553 1128 2581 Observa
1142 2554 1208 2581 diem
1220 2556 1332 2589 sabbati;
1345 2556 1393 2584 sed
1409 2557 1594 2591 spirituaiiter,
1623 2566 1676 2586 non
1691 2559 1805 2586 carnali-

1015 2604 1056 2629 ter
1069 2602 1201 2636 quomodo
1213 2602 1307 2630 Judmi.
1322 2603 1373 2630 ista
1385 2604 1434 2631 tria
1448 2609 1580 2640 praecepta
1589 2605 1623 2633 ad
1635 2605 1804 2634 dilectionem

1016 2646 1063 2674 Dei
1074 2647 1216 2682 pertinent.
1233 2648 1286 2676 Sed
1297 2649 1367 2684 quia,
1382 2648 1416 2675 In
1437 2650 1476 2677 liis
1489 2650 1586 2678 duobus
1604 2652 1743 2687 prmeptis,
1758 2652 1804 2685 ait,

1016 2696 1070 2719 tota
1090 2692 1144 2720 Lex
1157 2694 1247 2728 pendet
1258 2699 1281 2721 et
1295 2693 1440 2729 Prop/tear,
1459 2696 1484 2723 id
1496 2700 1546 2728 est,
1564 2696 1589 2723 in
1601 2693 1742 2724 dilectione
1754 2697 1800 2725 Dei

1016 2743 1044 2766 et
1058 2738 1085 2765 in
1106 2738 1247 2767 dilectione
1273 2740 1384 2774 proximi
1408 2740 1515 2776 (Matth.
1530 2749 1596 2775 xxii,
1611 2741 1705 2778 57-40)
1721 2751 1728 2769 :
1744 2749 1806 2770 cuni

1016 2785 1112 2813 audisti
1123 2785 1185 2821 quid
1197 2786 1327 2821 pertineat
1341 2786 1373 2814 ad
1387 2787 1554 2816 dilectionem
1573 2788 1630 2823 Dei,
1645 2790 1741 2824 unitas,
1757 2798 1804 2818 ve-

1015 2832 1091 2866 ritas,
1106 2832 1195 2867 quies;
1220 2832 1327 2860 attende
1347 2834 1410 2868 quid
1430 2836 1564 2870 pertineat
1581 2836 1614 2863 ad
1634 2836 1804 2864 dilectionem

1015 2879 1137 2914 proximi.
1154 2878 1261 2906 Honora
1275 2884 1371 2916 patrem
1381 2883 1460 2916 tuum,
1471 2887 1497 2919 et
1505 2882 1609 2918 rnatum
1622 2888 1691 2916 tuam
1704 2891 1714 2911 :
1724 2882 1805 2911 habes

1015 2930 1137 2961 quartum
1150 2931 1322 2963 praeceptum.
1339 2927 1399 2957 Non
1422 2930 1583 2959 niueo/iuberis
1597 2938 1606 2958 :
1620 2930 1702 2958 habes
1727 2929 1805 2965 quiu-
