4070 6330
510 465 647 530 “61

509 599 645 644 tum.
671 581 791 637 Non
816 571 1140 631 homicidium
1170 563 1322 637 facies
1347 575 1366 617 :
1391 556 1554 614 habes
1578 559 1804 609 sextum.
1828 545 1947 644 Ilion
1971 543 2080 644 {ur-

512 633 618 733 ium
635 672 788 746 facies
812 666 1015 722 :habes
1042 633 1343 730 septimum.
1370 649 1491 704 Non
1518 646 1706 716 falsum
1746 633 2082 734 testimonium

510 719 648 822 dices.
671 761 870 819 :babes
895 765 1158 811 octavum.
1213 746 1336 801 Non
1373 738 1689 809 concupisces
1727 746 1832 785 rem
1869 719 2085 798 proximi

511 860 585 915 tui
613 874 633 914 :
658 854 823 912 habes
853 863 1071 905 nonum.
1103 841 1221 897 Non
1256 834 1570 904 concupisces
1611 837 1818 882 uxorem
1846 813 2082 890 proximi,

510 904 588 1006 iii
613 904 836 1022 ’(ἷαξοξ.
865 958 957 1006 xx,
987 934 1156 1006 l-l'l)
1190 950 1204 988 :
1235 930 1400 985 habes
1452 921 1735 1020 decimum.
1793 909 1894 980 Qui
1937 904 2084 1022 dicit,

514 995 646 1097 Non‘
663 1035 1004 1104 concupisces,
1051 1028 1256 1080 interna
1297 1018 1491 1090 pulsat,
1534 1008 1784 1066 interiora
1836 995 2085 1096 percutit.

513 1085 954 1199 Concupiscentia
989 1085 1267 1187 Inegotium
1300 1085 1438 1178 vagit.
1479 1104 1617 1159 Ecce
1659 1099 1757 1152 ista
1790 1092 1896 1199 Lex
1925 1085 2089 1199 estis:

517 1176 752 1282 dveeemr:
782 1215 910 1288 quid
937 1176 1155 1283 prodest
1198 1219 1317 1260 cum
1343 1176 1610 1256 didiceris,
1643 1198 1696 1245 et
1727 1200 1832 1242 non
1864 1176 2090 1236 feceris?

516 1279 899 1374 Praevaricator
919 1279 1044 1361 eris.
1075 1301 1145 1357 Ut
1171 1305 1346 1352 autem
1385 1289 1564 1352 facias,
1605 1279 1863 1338 auxilium
1903 1283 2091 1327 neces-

523 1408 721 1464 sarium
751 1411 850 1457 est.
883 1396 1038 1453 Unde
1059 1386 1351 1446 auxilium?
1380 1385 1453 1436 De
1477 1377 1696 1448 Spiritu.
1720 1369 1862 1438 Ergo
1892 1363 2094 1464 fine-ra

753 1448 1030 1559 “Epiri—tusi
1070 1491 1238 1537 autem
1290 1475 1504 1542 uiviﬁcat
1537 1468 1602 1541 (ll
1627 1465 1742 1520 Cor.
1765 1477 1846 1526 ιιι,
1885 1455 1965 1525 6).
2012 1448 2096 1561 Aid

521 1542 1003 1645 decem,accedant
1049 1584 1272 1644 septem,
1308 1567 1440 1621 ﬁunt
1463 1565 1648 1617 decem
1685 1563 1740 1610 et
1785 1556 2009 1619 septem.
2037 1542 2096 1645 1n

522 1682 630 1736 isto
649 1688 874 1731 numero
912 1677 993 1723 est
1024 1665 1198 1722 omnis
1240 1653 1520 1714 multitudo
1563 1645 1952 1719 perfectorum;
2003 1630 2098 1689 sed

525 1767 794 1844 quomodo
818 1758 1127 1834 perveniant
1145 1753 1211 1808 ad
1235 1757 1446 1807 centum
1468 1734 1842 1842 quinquaginta
1861 1738 1990 1844 trps,
2013 1737 2101 1824 so-

528 1818 618 1917 lleo
645 1857 798 1912 vobis
820 1818 1023 1914 dicere,
1055 1854 1109 1901 et
1136 1841 1284 1899 multi
1331 1831 1662 1908 praeveniunt
1699 1839 1785 1880 me
1811 1841 1824 1876 :
1848 1818 2102 1875 solemni-

641 1960 814 2005 tamen
859 1955 1036 1999 sermo
1085 1931 1388 1992 reddendus
1424 1933 1524 1982 est.
1569 1919 1716 1976 Multi
1763 1913 1913 1971 obliti
1956 1915 2099 1974 sunt,

529 2002 692 2114 aliqui
721 2002 820 2093 nec
861 2033 1184 2090 audierunt:
1216 2024 1305 2094 qui
1347 2031 1524 2076 autem
1552 2029 1656 2069 non
1687 2015 1810 2065 sunt
1851 2002 1998 2061 obliti
2049 2006 2104 2054 et

531 2098 832 2194 audierunt,
869 2124 1131 2196 patienter
1171 2117 1365 2177 ferant,
1391 2120 1452 2164 ut
1497 2105 1585 2160 alii
1623 2098 2105 2158 commemorentur

531 2236 589 2282 et
618 2227 965 2280 instruantur.
992 2211 1215 2283 Quando
1239 2207 1342 2262 duo
1358 2201 1630 2259 ambulant
1649 2196 1701 2249 in
1723 2192 1828 2256 via,
1848 2200 1989 2243 unus
2012 2198 2104 2239 ce-

534 2317 698 2373 lerior
715 2322 767 2369 et
783 2311 915 2365 alter
941 2304 1161 2368 tardior,
1184 2301 1237 2354 in
1252 2300 1523 2369 potestate
1544 2283 1814 2344 celerioris
1843 2287 1924 2335 est
1942 2284 2000 2330 ut
2013 2289 2107 2328 co-

527 2367 660 2465 mes
676 2367 784 2461 non
815 2403 1112 2457 deseratur.
1135 2367 1280 2450 Nihil
1303 2386 1495 2460 perdit,
1524 2381 1612 2452 qui
1638 2376 1785 2434 audit
1811 2370 1952 2444 quod
1977 2367 2111 2423 scic-

538 2463 662 2566 bat;
690 2506 744 2554 et
769 2498 823 2550 in
853 2510 916 2548 eo
946 2488 1088 2561 quod
1130 2484 1262 2541 nihil
1299 2479 1474 2552 perdit
1491 2477 1649 2531 etiam
1673 2468 1905 2542 gaudere
1931 2463 2108 2527 debet,

538 2564 663 2662 quia
701 2585 980 2643 instruitur
1006 2579 1095 2650 qui
1129 2573 1420 2632 nesciebat.
1469 2569 1660 2622 Decem
1699 2570 1753 2616 et
1784 2564 1987 2627 septem
2014 2567 2112 2607 nu-

540 2697 709 2746 mera,
736 2681 804 2735 ab
827 2691 934 2733 uno
962 2687 1130 2744 usque
1170 2668 1234 2724 ad
1266 2665 1452 2722 decem
1481 2667 1772 2726 etseptem,
1795 2653 1866 2706 ita
1895 2657 1954 2704 ut
1995 2660 2113 2700 om-

543 2789 641 2830 nes
659 2741 844 2838 addas,
872 2774 926 2826 et
951 2741 1226 2838 pervenies
1252 2756 1318 2814 ad
1343 2762 1553 2812 centum
1582 2741 1954 2822 quinquaginta
1985 2744 2110 2796 tres.

547 2865 693 2936 Quid
718 2881 749 2921 a
771 2879 857 2920 me
884 2853 1240 2930 exspectatis?
1267 2851 1548 2907 Numerate
1571 2843 1740 2899 vobis.

1038 2985 1266 3045 SERMO
1295 2974 1492 3038 CCLI"
1525 2976 1624 3050 (a).
1665 2992 1668 2995 ι

913 3087 966 3130 tn
984 3079 1161 3130 diebus
1190 3071 1495 3125 Paschalibus
1515 3065 1607 3130 (b),
1632 3077 1751 3115 χιιι.

691 3166 771 3219 De
797 3163 970 3219 eadem
998 3161 1206 3214 lectione
1226 3166 1272 3210 et
1293 3156 1355 3210 de
1382 3153 1576 3206 duabus
1596 3141 1966 3218 piscationibus.

621 3276 849 3334 CAPUT
875 3260 1173 3330 PRIMUM.
1198 3298 1273 3310 -
1291 3269 1342 3322 l.
1372 3262 1681 3319 Piscationes
1737 3256 1943 3311 Domini
1972 3253 2125 3323 jussu

554 3376 707 3446 facta:
725 3371 859 3426 duce.
888 3369 956 3423 In
990 3367 1156 3438 prima
1200 3361 1474 3434 piscatione
1508 3356 1606 3410 tria
1653 3351 1938 3423 signiﬁcata
1968 3353 2125 3400 sunt:

551 3465 776 3519 mixtura
800 3461 1057 3516 'bonorum
1083 3467 1129 3512 et
1157 3454 1428 3516 malorum,
1464 3461 1695 3520 pressura
1725 3443 2016 3504 turbarum,
2049 3453 2128 3491 se-

553 3557 841 3629 parationes
886 3551 1249 3607 haereticorum.
1291 3539 1615 3601 Liberatoris
1668 3534 1834 3591 nostri
1882 3529 2124 3602 piscatio,

553 3624 737 3706 nostra
767 3655 850 3702 est
875 3642 1138 3699 liberatio.
1161 3640 1299 3693 Duas
1319 3644 1496 3690 autem
1529 3624 1918 3685 advertimusin
1945 3629 2129 3677 sancto

555 3739 845 3810 Evangelio
881 3729 1454 3802 Domini‘pis’cationes,
1477 3723 1530 3778 id
1552 3729 1652 3786 est,
1684 3716 1895 3790 quando
1919 3714 1985 3769 ad
2011 3728 2132 3768 ver-

556 3831 681 3886 bum
733 3827 899 3897 ipsius
929 3825 1089 3880 missa
1123 3829 1250 3876 sunt
1284 3818 1419 3874 retia
1448 3833 1462 3869 :
1496 3827 1656 3869 unam
1708 3811 1874 3881 prius,
1919 3803 2131 3877 quando

556 3895 848 3991 discipulos
868 3917 1058 3986 elegit;
1089 3923 1143 3969 et
1169 3913 1305 3966 hanc
1323 3910 1569 3972 alteram,
1615 3901 1826 3974 quando
1854 3915 1883 3953 a
1909 3895 2132 3953 mortuis

557 4011 866 4068 resurrexit.
897 4007 986 4061 llla
1028 4003 1252 4075 piscatio
1276 3998 1592 4070 significavit
1638 3993 1953 4057 Ecclesiam,
1998 4003 2132 4058 qua-

559 4102 625 4156 lis
647 4109 730 4156 est
756 4099 915 4153 modo
945 4116 958 4151 :
982 4097 1082 4150 ista
1117 4109 1248 4148 vero
1283 4100 1403 4162 post
1428 4085 1872 4144 resurrectionem
1901 4079 2130 4146 Domini,

561 4189 880 4261 signlﬁcavit
899 4185 1210 4249 Ecclesiam,
1253 4181 1423 4251 qualis
1444 4179 1619 4232 futura
1644 4185 1726 4230 est
1764 4175 1815 4228 in
1838 4173 1941 4226 ﬁne
1970 4184 2136 4225 saecu-

563 4281 624 4337 li.
670 4273 910 4350 Denique
970 4279 1025 4332 in
1078 4277 1162 4329 illa
1191 4273 1354 4344 priori
1409 4269 1718 4341 piscatione,
1791 4265 1948 4335 jussit
1998 4261 2137 4315 mitti

563 4373 719 4437 retia,
764 4379 818 4424 et
860 4384 964 4424 non
1012 4367 1143 4421 dixit
1189 4366 1244 4418 in
1289 4377 1444 4432 quam
1486 4368 1723 4430 partem;
1777 4354 1869 4410 sed
1909 4360 2137 4407 tantum-

563 4465 725 4520 modo
757 4471 812 4517 ut
865 4461 1220 4522 mitterentur,
1253 4453 1524 4524 praecepit.
1571 4450 1822 4504 Miserunt
1859 4443 2134 4514 discipuli:

561 4571 668 4611 non
714 4554 911 4608 dictum
954 4557 1055 4616 est,
1095 4549 1150 4602 ln
1187 4548 1490 4610 dexteram;
1521 4558 1624 4596 non
1673 4540 1869 4595 dictum
1913 4545 2022 4601 est,
2080 4534 2138 4588 ln

563 4646 856 4702 sinistram.
913 4641 1096 4697 Pisces
1151 4639 1292 4693 enim
1336 4635 1579 4690 homines
1655 4624 2139 4699 signiﬁcabantzsi

567 4749 697 4806 ergo
720 4735 1004 4798 diceretur,
1033 4731 1090 4785 In
1136 4730 1429 4791 dexteram,
1469 4724 1567 4777 soli
1613 4721 1737 4776 boni
1773 4717 1931 4772 futuri
1965 4724 2136 4782 erant;

567 4827 612 4882 si
641 4825 930 4888 diceretur,
960 4822 1016 4876 ln
1060 4820 1348 4884 sinistram,
1372 4815 1470 4870 soli
1498 4813 1640 4868 mali.
1681 4811 1810 4878 Quia
1840 4823 1967 4864 vero
2014 4823 2139 4878 per-

565 4917 717 4972 mixti
747 4915 909 4970 futuri
928 4921 1082 4969 erant
1105 4913 1157 4965 in
1185 4907 1420 4965 Ecclesia
1439 4914 1493 4962 et
1519 4904 1639 4960 boni
1662 4911 1716 4958 et
1741 4902 1887 4968 mali,
1903 4901 2019 4956 sine
2037 4898 2142 4955 dif-

565 5010 787 5065 ferentia
810 5007 973 5063 missa
1002 5013 1127 5061 sunt
1165 5001 1330 5068 retia;
1357 5008 1416 5055 ut
1439 5003 1757 5068 caperentur
1772 4996 1945 5067 pisces
1979 4993 2144 5064 signi-

567 5101 790 5158 ﬁcantes
819 5100 1102 5155 mixturam
1154 5096 1414 5152 bonorum
1456 5101 1511 5147 et
1543 5091 1822 5146 malorum.
1861 5086 2062 5143 Deinde
2088 5094 2144 5142 et

569 5195 674 5250 hoc
699 5194 771 5250 ibi
795 5192 1050 5262 scriptum
1069 5197 1173 5257 est,
1202 5187 1323 5259 quia
1372 5194 1576 5242 tantum
1611 5192 1865 5254 ceperunt
1897 5181 2140 5252 piscium,

570 5295 632 5342 ut
665 5286 787 5342 dua:
818 5283 1074 5339 navicula:
1099 5281 1332 5352 impleta:
1370 5288 1756 5349 mergerentur,
1811 5276 1912 5330 hoc
1947 5282 2046 5340 est,
2077 5273 2145 5329 ad

569 5421 956 5533 mrtmendatus
969 5421 1030 5471 ad
1050 5419 1173 5470 duos
1186 5418 1264 5468 cb.
1289 5416 1350 5468 ad
1369 5415 1419 5466 d.
1435 5429 1508 5480 gr.
1527 5428 1569 5466 r.
1589 5421 1625 5465 t.
1649 5413 1730 5463 vd.
1747 5419 1800 5464 et
1813 5411 1874 5462 ad
1890 5409 2023 5462 vlim.
2040 5418 2142 5463 Par.

593 5497 679 5535 ιον.

633 5545 706 5668 iii
728 5541 1266 5656 ιῗίῖιῗςηῗιῗίὲἐιίἓῖἔιιέ

657 5597 706 5678 ρ)
728 5612 779 5654 ιιι
797 5597 1115 5678 Feminarum
1129 5601 1419 5678 091W???
1439 5601 1756 5678 si":
1798 5597 1926 5648 Pan“
1965 5598 2148 5678 ἀίεείὲρηηὲ

572 5660 732 5717 studio
753 5667 996 5725 adornata,
1022 5674 1073 5716 et
1088 5666 1274 5714 Parisiis
1287 5663 1412 5725 apud
1432 5669 1664 5713 Joannem
1676 5670 1873 5725 Parvum
1893 5673 2018 5725 anno
2032 5660 2148 5725 1537

573 5730 826 5791 impressa,
853 5722 1090 5792 legendus
1135 5722 1331 5792 ponittlf'
1362 5725 1480 5792 feria
1505 5730 1690 5792 quarta
1726 5723 1945 5792 ljaSCDiD‘,
1983 5722 2149 5792 ibique

580 5782 874 5854 praenotatur
891 5782 960 5850 ,νε
974 5782 1150 5854 Sarmo'
1164 5789 1317 5854 sancti
1333 5782 1596 5837 maximitii:
1617 5802 1640 5831 ι
1665 5785 1755 5836 sed
1785 5782 2037 5834 manifesto
2069 5796 2149 5832 er-

584 5849 828 5914 i't't‘e,pro
855 5852 1043 5901 sancti
1065 5849 1328 5912 augustini.
1352 5862 1376 5895 ι

1729 433 1785 488 S.
1817 412 2182 485 AUGUSTINI
2220 410 2523 476 EPISCOPI

2187 531 2605 590 submersionem
2646 521 3012 596 premerentur
3054 517 3205 592 (Luc.
3235 529 3293 580 v,
3321 509 3599 584 l-7).Non
3619 511 3764 567 enim

2188 626 2463 680 submersa
2493 627 2619 675 sunt
2648 617 2738 672 illa
2757 615 2860 669 duo
2890 611 3120 682 navigia,
3144 607 3242 664 sed
3266 604 3584 678 periclitata.
3612 601 3770 660 Unde
3852 647 3855 654 .

2189 712 2525 788 periclitata?
2573 706 2908 765 Multitudine
2977 701 3221 773 piscium.
3260 696 3624 768 Signiﬁcatum
3683 699 3769 748 est

3607 392 3756 472 suis

2192 809 2334 872 hinc,
2386 806 2507 876 quia
2563 817 2656 873 per
2692 796 3086 855 multitudinem
3125 806 3287 864 quam
3329 789 3612 846 collectum
3653 793 3771 841 erat

2193 875 2452 962 Ecclesia,
2503 893 2858 965 periclitatura
2910 895 3026 944 erat
3059 883 3355 954 disciplina.
3408 879 3478 935 Et
3525 877 3629 934 hoc
3675 875 3771 931 ad-

2190 989 2425 1060 junctum
2461 994 2542 1040 ost
2571 987 2624 1040 in
2652 985 2737 1038 illa
2786 980 3096 1052 piscatione,
3133 985 3292 1047 atque
3331 979 3596 1038 narratur,
3645 969 3770 1037 quia

2196 1088 2252 1136 et
2283 1079 2417 1136 retia
2441 1093 2552 1148 prie
2582 1073 2917 1131 multitudine
2966 1069 3186 1140 piscium
3212 1065 3451 1135 disrupta
3475 1071 3620 1118 sunt.
3649 1061 3772 1116 Dis-

2195 1179 2349 1243 rupta
2406 1169 2559 1230 retia_
2602 1166 2727 1238 quid
2785 1163 3231 1235 signiﬁcaverunt,
3273 1157 3377 1213 nisi
3420 1155 3601 1210 futura
3633 1151 3775 1208 schi-

2196 1245 2404 1318 smata?
2439 1262 2558 1316 Tria
2607 1274 2733 1332 ergo
2773 1259 2874 1313 ista
2907 1257 2959 1311 in
2991 1255 3079 1310 illa
3133 1251 3422 1323 piscatione
3479 1245 3775 1317 signiﬁcata

2197 1363 2320 1409 sunt
2344 1372 2357 1408 :
2391 1351 2617 1407 mixtura
2643 1351 2904 1405 bonorum
2928 1355 2982 1402 et
3007 1345 3292 1409 malorum,
3314 1352 3564 1412 pressura
3588 1335 3775 1391 turba-

2199 1459 2314 1498 rum
2330 1483 2346 1509 ,
2378 1441 2741 1512 separationes
2765 1439 3157 1494 haereticorum.
3189 1433 3412 1489 Mixtura
3437 1430 3696 1485 bonorum
3722 1433 3780 1480 et

2200 1535 2458 1591 malorum
2474 1550 2490 1600 ;
2507 1534 2629 1604 quia
2644 1547 2744 1588 nec
2759 1532 2814 1586 in
2833 1531 3130 1594 dexteram,
3143 1541 3243 1582 nec
3256 1526 3310 1581 in
3325 1523 3596 1580 sinistram
3615 1518 3781 1574 missa

2201 1636 2325 1683 sunt
2338 1626 2470 1683 retia
2488 1645 2499 1678 :
2517 1639 2763 1695 pressura
2784 1622 3076 1686 turbarum;
3093 1619 3216 1689 quia
3230 1624 3434 1672 tantum
3450 1620 3662 1684 captum
3673 1616 3778 1675 est,

2201 1728 2262 1774 ut
2284 1718 2539 1773 navicula:
2560 1723 2924 1787 premerentur
2947 1729 2959 1765 :
2981 1708 3346 1781 separationes
3369 1703 3780 1764 haereticorum;

2203 1810 2324 1880 quia
2350 1816 2493 1864 tanta
2533 1807 2702 1862 fuerat
2727 1803 3029 1869 multitudo,
3058 1808 3118 1856 ut
3146 1799 3279 1855 retia
3303 1801 3698 1866 rumperentur.

2274 1899 2496 1955 CAPUT
2536 1898 2599 1952 ll.
2631 1925 2700 1938 —-
2725 1895 2781 1949 2.
2813 1895 2987 1948 Altera
3039 1890 3313 1963 piscatione
3338 1886 3654 1957 signiﬁcatus
3673 1881 3783 1937 ele-

2207 2002 2398 2046 ctorum
2426 2005 2686 2044 numerus.
2714 1988 2839 2042 Rete
2869 1985 3078 2038 missum
3112 1983 3166 2035 in
3205 1979 3495 2044 dexteram,
3537 1975 3660 2046 quia
3685 1970 3788 2028 soli

2209 2084 2323 2139 boni
2355 2081 2642 2153 colligendi.
2674 2078 2954 2144 Numerus,
2983 2073 3049 2129 ad
3074 2074 3256 2128 electos
3280 2087 3299 2125 :
3323 2086 3474 2140 super
3495 2080 3786 2132 numerum,

2209 2175 2277 2229 ad
2315 2174 2553 2245 reprobos
2597 2179 2805 2242 spectat.
2836 2166 3102 2238 Respicite
3153 2177 3294 2218 nunc
3329 2160 3396 2216 ad
3436 2157 3790 2232 piscationem

2211 2267 2401 2329 istam,
2433 2280 2550 2334 qua:
2579 2261 2738 2318 hodie
2779 2259 2999 2315 recitata
3036 2264 3136 2311 est.
3176 2253 3337 2309 Facta
3375 2260 3458 2306 est
3494 2247 3638 2304 enim
3667 2251 3790 2316 post

2212 2356 2655 2412 resurrectionem
2679 2351 2910 2415 Domini,
2937 2357 2996 2404 ut
3025 2345 3347 2418 signiﬁcaret
3374 2341 3532 2396 talem
3558 2339 3795 2394 futuram

2215 2449 2507 2504 Ecclesiam
2537 2453 2658 2516 post
2689 2453 2924 2498 nostram
2949 2437 3416 2495 resurrectionem.
3444 2431 3669 2496 Mittite,
3705 2429 3794 2482 in-

2169 2579 2174 2581 -
2215 2541 2350 2612 quit,
2377 2548 2482 2593 rete
2506 2538 2561 2592 in
2585 2537 2841 2592 dexteram
2873 2542 3085 2605 partem.
3127 2529 3398 2584 Discretus
3430 2531 3514 2581 est
3539 2537 3667 2594 ergo
3696 2536 3805 2598 nu—q

2218 2646 2397 2686 merus
2436 2644 2622 2685 eorum
2664 2627 2752 2708 qui
2797 2625 2862 2683 ad
2903 2625 3174 2686 dexteram
3202 2621 3438 2683 stabunt.
3481 2615 3800 2672 Meministis

2218 2725 2361 2785 enim
2392 2725 2676 2783 Deminum
2703 2725 2902 2781 dixisse
2929 2733 3211 2780 venturum
3237 2737 3296 2778 se
3321 2735 3591 2786 essecum
3617 2719 3800 2787 Ange-

2219 2821 2286 2875 lis
2321 2819 2430 2874 suis
2455 2859 2471 2886 ,
2511 2828 2565 2874 et
2606 2816 2748 2888 quod
2784 2814 3247 2886 congregabantur
3283 2819 3405 2866 ante
3449 2824 3572 2866 eum
3608 2819 3803 2864 omnes

2219 2917 2435 2980 gentes;
2463 2916 2518 2964 et
2543 2905 2740 2962 dividet
2773 2921 2865 2961 eas
2889 2945 2906 2972 ,
2947 2905 3086 2960 sicut
3123 2909 3310 2972 pastor
3345 2899 3533 2956 dividit
3565 2912 3696 2954 oves
3732 2896 3806 2952 ab

2224 3001 2392 3057 hazdis
2422 3018 2437 3055 :
2469 3016 2596 3056 oves
2623 3008 2788 3070 ponet
2806 2998 2873 3054 ad
2894 2997 3192 3064 dexteram,
3216 2993 3400 3050 haedos
3417 2992 3486 3047 ad
3505 2991 3802 3048 sinistram.
3891 3053 3897 3058 ,

2223 3091 2420 3147 Ovibus
2444 3091 2682 3146 dicturus
2711 3098 2812 3155 est,
2850 3088 3048 3155 Venite,
3076 3085 3318 3157 percipite
3345 3099 3553 3155 regnum
3583 3097 3603 3136 :
3636 3079 3807 3136 haedis

2225 3184 2466 3240 dicturus
2494 3191 2608 3250 est,
2643 3181 2724 3237 Ite
2755 3183 2808 3236 in
2842 3181 3009 3252 ignem
3033 3188 3276 3234 aeternum
3301 3174 3514 3249 (Matth.
3545 3187 3678 3239 xxv,
3710 3171 3808 3227 3i-

2227 3275 2342 3348 41).
2374 3275 2558 3329 Mittite
2581 3275 2634 3329 in
2671 3276 2947 3328 dexteram.
2986 3270 3260 3340 Tanquam
3287 3266 3491 3322 diceret
3519 3282 3533 3319 :
3562 3262 3681 3320 iam
3709 3277 3805 3318 re-

2228 3366 2474 3434 surrexi,
2523 3365 2818 3421 Ecclesiam
2862 3363 2988 3418 volo
3032 3359 3372 3432 signiﬁcare,
3422 3370 3544 3427 quae
3592 3354 3698 3410 erit
3753 3353 3810 3408 in

2229 3457 2622 3515 resurrectione
2648 3465 3000 3511 mortuorum.
3029 3451 3216 3507 Mittite
3245 3451 3301 3504 in
3338 3449 3614 3504 dexteram.
3651 3445 3810 3500 Missa

2231 3557 2355 3603 sunt
2379 3548 2510 3603 retia
2537 3547 2590 3602 in
2619 3547 2932 3602 dexteram:
2961 3557 3061 3599 nec
3101 3547 3350 3612 poterant
3377 3553 3439 3594 ea
3478 3538 3656 3593 levare
3697 3548 3810 3606 prae

2231 3641 2569 3696 multitudine
2600 3638 2845 3710 piscium.
2875 3636 2944 3692 Et
2974 3635 3045 3690 ibi
3065 3633 3215 3690 dicta
3243 3641 3327 3688 est
3360 3629 3643 3686 multitudo
3673 3646 3686 3682 :
3715 3625 3812 3683 sed

2235 3730 2323 3787 hic
2349 3743 2525 3786 certus
2554 3744 2836 3792 numerus,
2863 3736 2918 3784 et
2945 3723 3246 3790 multitudo,
3275 3730 3330 3779 et
3357 3718 3664 3791 magnitudo
3698 3736 3712 3772 :
3739 3716 3816 3772 ibi

2235 3833 2414 3878 autem
2440 3837 2546 3876 non
2575 3830 2655 3876 est
2681 3820 2850 3874 dictus
2877 3831 3150 3874 numerus.
3168 3813 3322 3870 Modo
3346 3812 3492 3868 enim
3526 3819 3814 3878 antequam

2236 3914 2414 3970 veniat
2442 3912 2760 3968 resurrectio
2780 3951 2796 3976 ,
2818 3917 2872 3964 et
2896 3916 3211 3978 separentur
3243 3904 3371 3960 boni
3396 3919 3426 3957 a
3452 3902 3608 3957 malis
3628 3942 3646 3968 ,
3684 3898 3818 3955 illud

2237 4004 2484 4074 impletur
2503 4000 2644 4072 quod
2659 4001 2731 4054 ait
2747 3998 3004 4070 propheta
3023 3994 3377 4060 :Annuntiaui,
3396 4003 3442 4048 et
3463 3991 3661 4046 locutus
3680 4005 3815 4044 sum.

2239 4093 2377 4164 Quid
2403 4102 2486 4150 est
2507 4135 2523 4160 ,
2551 4091 2860 4147 Annuntiavi
2877 4131 2893 4157 ,
2917 4098 2963 4144 et
2989 4089 3183 4144 locutus
3215 4086 3364 4140 sum?
3390 4084 3544 4139 Retia
3570 4082 3713 4138 misi.
3750 4080 3822 4136 Et

2233 4183 2403 4258 quid?
2444 4183 2774 4255 Muttipticati
2805 4190 2923 4236 sunt
2957 4195 3108 4250 super
3129 4193 3390 4233 numerum
3421 4173 3591 4248 (Psal.
3620 4186 3819 4237 χχχιι,

2240 4278 2313 4351 6).
2345 4279 2441 4334 Est
2473 4291 2725 4332 numerus
2745 4317 2760 4343 ,
2788 4283 2912 4330 sunt
2934 4287 3094 4343 super
3119 4284 3420 4326 numerum.
3451 4266 3720 4322 Numerus
3754 4263 3822 4319 ad

2239 4379 2453 4426 sanctos
2502 4369 2764 4441 pertinet,
2813 4367 2900 4437 qui
2941 4373 3065 4421 sunt
3105 4361 3377 4434 regnaturi
3415 4375 3534 4416 cum
3579 4358 3821 4414 Christo.

2240 4462 2411 4533 Super
2439 4475 2721 4516 numerum
2751 4457 2910 4513 modo
2935 4458 2989 4513 in
3012 4455 3308 4511 Ecclesiam
3337 4454 3538 4508 intrare
3562 4456 3825 4521 possunt,

2243 4555 2298 4608 in
2324 4568 2544 4623 regnum
2575 4551 2831 4607 caelorum
2861 4563 2964 4603 non
2990 4554 3230 4618 possunt.

2312 4640 2541 4699 CAPUT
2579 4639 2664 4694 lll.
2691 4669 2764 4681 -—
2787 4639 2962 4706 Quare
2987 4637 3270 4702 admoneo,
3295 4642 3352 4689 ut
3375 4631 3614 4704 eripiatis
3643 4645 3740 4686 vos
3759 4628 3831 4685 de

2243 4735 2494 4807 praesenti
2520 4732 2719 4794 wculo
2747 4731 2908 4785 malo.
2936 4728 3111 4797 Quare
3143 4727 3435 4793 admoneo,
3459 4732 3521 4779 ut
3548 4723 3640 4794 qui
3666 4720 3832 4777 vultis

2242 4827 2441 4892 vivere,
2469 4841 2576 4880 non
2602 4822 2880 4878 imitemini
2904 4821 3072 4876 malos
3091 4818 3432 4875 christianos.
3459 4815 3577 4872 Non
3597 4812 3829 4869 dicatis:

2243 4911 2454 4986 Quare?
2481 4917 2572 4972 ille
2608 4930 2715 4970 non
2742 4912 2916 4968 ﬁdelis
2943 4920 3047 4979 est,
3073 4918 3128 4966 et
3155 4908 3478 4966 inebriatur?
3504 4902 3717 4974 Quare?
3739 4903 3836 4957 ille

2246 5027 2351 5066 non
2381 5009 2550 5064 ﬁdelis
2577 5015 2679 5071 est,
2709 5015 2763 5061 ct
2787 5003 3109 5060 concubinas
3131 5000 3330 5057 habet?
3358 4999 3568 5068 Quare?
3604 4997 3697 5052 ille
3721 5011 3836 5050 non

2247 5103 2419 5160 ﬁdelis
2437 5109 2540 5167 est,
2569 5109 2623 5156 et
2652 5096 2891 5174 quotidie
2924 5093 3140 5150 fraudes
3170 5093 3327 5149 facit?
3351 5091 3565 5160 Quare?
3595 5089 3687 5145 ille
3719 5102 3834 5142 non

2249 5195 2421 5250 ﬁdelis
2447 5203 2547 5259 est,
2577 5202 2631 5248 et
2663 5188 3068 5247 mathematicos
3097 5185 3360 5242 consulit?
3383 5183 3540 5239 Modo
3568 5183 3712 5240 enim
3742 5179 3840 5251 qui

2249 5282 2527 5339 volueritis
2547 5297 2668 5338 esse
2697 5295 2884 5352 grana,
2911 5287 3035 5334 tunc
3064 5275 3406 5332 inveniemini
3427 5275 3480 5329 in
3505 5287 3704 5328 massa.
3729 5268 3840 5336 Qui

2252 5386 2428 5433 autem
2467 5373 2743 5430 volueritis
2783 5372 2934 5443 palea
2973 5384 3091 5426 esse
3114 5410 3129 5436 ,
3171 5365 3514 5424 inveniemini
3554 5365 3607 5419 in
3639 5375 3842 5433 magno

2254 5484 2466 5534 acervo,
2497 5466 2591 5522 sed
2622 5479 2814 5535 magno
2840 5464 2959 5535 igne
2987 5459 3338 5518 incendendo.

2326 5562 2379 5616 3.
2408 5557 2601 5625 Littus,
2626 5557 2744 5626 ﬁnis
2768 5555 2962 5610 sa'culi.
2992 5552 3112 5608 Non
3134 5553 3344 5606 scissum
3367 5557 3473 5605 rete
3491 5591 3506 5617 ,
3532 5547 3652 5620 quia
3678 5545 3845 5601 nulla

2254 5653 2482 5706 Itwreses.
2509 5649 2632 5713 Quis
2659 5657 2872 5718 magnus
2891 5688 2907 5713 ,
2930 5653 2975 5699 et
2996 5645 3107 5716 quis
3128 5643 3362 5696 minimus
3380 5683 3395 5709 ,
3419 5641 3472 5695 in
3493 5655 3650 5710 regno
3679 5639 3846 5692 cwlo-a

2254 5761 2387 5798 rum.
2417 5739 2549 5809 Quid
2576 5738 2735 5810 ergo?
2769 5737 3128 5802 Adduxerunt,
3160 5735 3358 5806 inquit,
3397 5733 3524 5786 retia
3562 5730 3631 5784 ad
3669 5729 3845 5783 littus.

2259 5835 2452 5892 Petrus
2481 5831 2695 5886 attraxit
2739 5817 2874 5885 retia
2906 5826 2974 5883 ad
3013 5828 3162 5883 littus
3199 5843 3212 5880 :
3249 5822 3410 5880 modo
3433 5836 3555 5878 cum
3585 5813 3846 5893 Evange<

3051 5987 3077 5997 -ο
