4056 6436
248 375 386 436 1169

248 489 375 544 lium
418 485 722 555 legeretur,
754 480 994 536 audistis.
1038 479 1139 535 Ubi
1177 478 1328 533 audis
1364 478 1511 532 littus
1534 518 1549 541 ,
1593 474 1829 543 intellige

248 580 407 633 ﬁnem
445 575 609 630 maris
644 593 655 627 :
682 573 771 628 ubi
792 572 943 627 audis
969 570 1128 625 ﬁnem
1159 571 1321 625 maris
1342 613 1355 631 ,
1384 569 1618 639 iutellige
1645 567 1827 622 sateuli

248 670 429 725 ﬁnem.
473 667 531 721 In
567 667 656 720 illa
690 665 981 735 piscatione
1012 679 1116 718 non
1158 664 1223 718 ad
1268 664 1413 718 littus
1456 672 1679 717 attracta
1708 668 1830 715 sunt

246 762 377 817 retia
408 778 424 815 :
451 760 545 815 sed
576 759 673 829 ipsi
701 759 873 829 pisces
899 757 989 827 qui
1018 757 1157 827 capti
1186 765 1327 823 sunt,
1356 756 1409 810 in
1430 756 1702 810 naviculas
1724 753 1855 831 fusi.

246 863 388 909 sunt.
420 852 516 906 Hic
540 860 715 905 autem
754 858 1032 904 traxerunt
1057 849 1122 903 ad
1150 848 1315 902 littus.
1346 848 1511 918 Spera
1539 848 1695 902 linem
1724 862 1827 901 sae-

186 976 195 991 :
246 943 372 999 culi.
398 943 668 997 Venturus
697 947 780 995 est
805 940 957 1005 ﬁnis;
992 941 1131 994 bono
1160 939 1499 1005 dextrorum,
1531 938 1673 992 malo
1696 938 1825 992 sini-

188 1012 196 1053 ⁷
248 1048 501 1092 strorum.
530 1037 597 1091 Et
638 1046 764 1107 quot
800 1036 1015 1106 pisces?
1051 1036 1411 1095 Attraxerunt,
1465 1034 1660 1102 inquit,
1704 1034 1832 1085 retia

249 1131 483 1184 habentia
526 1132 686 1200 pisces
724 1140 919 1182 centum
963 1128 1329 1198 quinquaginta
1367 1137 1484 1180 tres.
1532 1125 1599 1179 Et
1638 1124 1833 1193 adjecit

252 1221 588 1291 Evangelista
620 1237 730 1275 rem
753 1221 1110 1276 necessariam
1146 1219 1251 1273 :Et
1285 1236 1397 1273 cum
1434 1218 1595 1285 tanti,
1633 1216 1685 1271 id
1710 1225 1827 1284 est,

250 1324 353 1369 tam
381 1315 559 1384 magni
586 1323 783 1378 essent,
817 1331 917 1368 non
944 1323 1015 1367 est
1052 1314 1263 1367 scissum
1298 1322 1418 1366 rete.
1449 1311 1620 1381 Magni
1641 1318 1825 1377 erunt,

250 1405 340 1461 sed
371 1405 608 1460 haereses
646 1422 749 1460 non
784 1414 940 1460 erunt
982 1422 995 1458 :
1038 1413 1093 1459 et
1128 1403 1248 1459 ideo
1274 1403 1442 1473 magis
1470 1401 1701 1457 hmreses
1726 1417 1834 1456 non

250 1484 573 1569 e‘runt,quia
597 1500 770 1570 magni
794 1508 973 1554 erunt.
1000 1499 1103 1566 Qui
1125 1508 1250 1554 sunt
1270 1498 1484 1567 magni?
1505 1498 1647 1566 Lege
1672 1495 1833 1550 verba

250 1590 415 1659 ipsius
443 1591 651 1645 Domini
680 1592 732 1645 in
754 1590 1044 1661 Evangelio
1065 1633 1080 1658 ,
1113 1600 1167 1646 et
1206 1591 1446 1645 invenies
1475 1605 1714 1660 magnos.
1745 1589 1834 1643 Ait

250 1680 390 1735 enim
417 1682 649 1748 quodam
675 1682 792 1737 loco
825 1699 837 1736 :
868 1681 988 1736 Non
1013 1684 1125 1737 veni
1148 1681 1332 1753 Legem
1356 1691 1401 1737 et
1420 1680 1707 1752 Prophetas
1730 1680 1833 1735 sol-

248 1786 378 1835 vere,
402 1772 491 1825 sed
517 1774 814 1844 adimplere.
842 1764 843 1769 “

318 1862 547 1919 CAPUT
588 1863 674 1918 IV.
704 1894 775 1907 --
796 1864 955 1918 Amen
983 1864 1115 1918 enim
1143 1864 1255 1918 dico
1276 1865 1432 1931 vobis,
1459 1864 1699 1933 quoniam
1723 1863 1836 1932 qui-

249 1969 463 2022 cumque
484 1955 685 2008 solverit
710 1971 867 2008 unum
897 1955 959 2008 de
982 1954 1236 2009 mandatis
1262 1955 1370 2009 istis
1399 1954 1638 2020 minimis,
1663 1964 1709 2007 et
1738 1953 1833 2006 do-

248 2049 404 2103 cuerit
433 2064 451 2101 :
478 2048 695 2103 solverit
718 2058 771 2103 et
790 2048 1035 2104 docuerit
1054 2049 1160 2112 sic;
1186 2048 1385 2102 solverit
1413 2047 1551 2117 male
1571 2046 1828 2111 vivendo,

248 2150 293 2195 et
321 2139 545 2193 docuerit
573 2138 711 2192 bona
736 2138 976 2193 docendo
1010 2159 1023 2193 :
1057 2138 1293 2191 minimus
1322 2138 1576 2191 vocabitur
1599 2137 1651 2189 in
1681 2152 1834 2207 regno

250 2230 491 2286 ctelorum
522 2230 734 2303 (Matth.
762 2247 794 2285 v
815 2271 831 2298 ,
864 2231 1076 2303 17-19).
1105 2229 1213 2285 Sed
1252 2230 1304 2284 in
1331 2246 1436 2300 quo
1472 2244 1636 2299 regno
1665 2229 1834 2283 coelo-

252 2325 409 2379 rum?
442 2324 497 2378 In
531 2323 765 2378 Ecclesia
792 2340 909 2394 quae
938 2323 1099 2378 modo
1120 2332 1235 2388 est;
1261 2324 1378 2392 quia
1406 2330 1460 2377 et
1481 2323 1591 2392 ipsa
1616 2330 1836 2376 vocatur

251 2432 473 2486 regnum
502 2416 782 2471 caelorum.
809 2416 940 2470 Nam
978 2418 1021 2471 si
1048 2431 1154 2471 non
1178 2425 1455 2471 vocaretur
1477 2431 1697 2486 regnum
1722 2401 1859 2470 cae?

251 2508 424 2563 lorum
452 2515 507 2563 et
532 2507 633 2562 ista
655 2507 894 2563 Ecclesia
914 2549 928 2572 ,
967 2523 1086 2578 qum
1122 2508 1325 2578 colligit
1353 2507 1522 2561 bonos
1549 2515 1602 2561 et
1633 2506 1801 2560 malos
1819 2546 1834 2570 ,

254 2616 359 2655 non
382 2599 589 2655 diceret
608 2601 719 2669 ipse
742 2600 997 2654 Dominus
1020 2600 1071 2654 in
1093 2599 1345 2671 parabola
1371 2598 1595 2668 loquens
1620 2616 1632 2652 :
1657 2597 1839 2653 Simile

253 2702 326 2748 est
354 2711 569 2765 regnum
595 2692 836 2748 caelorum
859 2709 1057 2763 sugente
1084 2694 1251 2747 missa:
1277 2693 1328 2745 in
1355 2708 1493 2745 mare
1509 2734 1523 2758 ,
1563 2707 1675 2760 qua:
1710 2708 1837 2745 con-

254 2794 430 2855 gregat
460 2785 630 2838 omnia
656 2801 838 2855 genera
862 2785 1095 2855 piscium.
1124 2782 1229 2839 Sed
1258 2798 1381 2838 ecce
1406 2783 1530 2853 quid
1562 2784 1839 2853 sequitur?

256 2875 441 2932 Simile
466 2884 538 2929 est
564 2892 774 2946 regnum
799 2874 1037 2929 caelorum
1060 2890 1260 2945 sagcna:
1286 2875 1452 2928 missa:
1474 2874 1525 2927 in
1552 2891 1707 2927 mare.
1738 2874 1839 2928 Sa-

256 2986 407 3041 gena:
431 3012 447 3037 ,
494 2972 624 3025 retia
673 2978 795 3024 sunt
837 2988 851 3024 :
888 2978 1155 3040 congregat
1187 2968 1355 3021 omnia
1392 2984 1574 3038 genera
1604 2967 1837 3037 piscium.

257 3063 364 3121 Sed
408 3062 573 3133 quid?
616 3062 855 3116 Trahunt
895 3062 982 3115 illa
1028 3060 1094 3115 ad
1135 3061 1300 3114 littus.
1350 3059 1462 3113 Hoc
1501 3059 1552 3113 in
1592 3058 1840 3129 parabola

256 3153 518 3209 Dominus
543 3151 687 3206 dicit.
720 3152 785 3206 Et
814 3167 933 3206 cum
964 3152 1220 3205 traxerint
1248 3149 1314 3204 ad
1345 3150 1489 3204 littus
1509 3191 1525 3217 ,
1553 3150 1768 3215 sedent,
1793 3159 1843 3202 et

257 3245 503 3315 colligunt
529 3244 681 3299 bonos
706 3252 750 3297 et
777 3245 979 3297 mittunt
1008 3244 1059 3296 in
1082 3243 1285 3297 vascula
1305 3284 1317 3307 ,
1344 3243 1504 3297 malos
1525 3254 1691 3296 autent
1719 3260 1841 3311 pro-

249 3337 462 3406 jiciunt.
492 3334 562 3388 Et
600 3335 845 3404 exposuit
882 3334 1020 3404 quod
1064 3335 1356 3403 proposuit.
1390 3334 1526 3402 Quid
1565 3336 1705 3388 enim
1735 3335 1844 3388 ait?

256 3427 348 3485 Sic
372 3430 468 3483 erit
504 3428 556 3481 in
593 3428 1020 3482 consummatione
1057 3428 1247 3480 saeculi.
1290 3425 1627 3480 Intellexistis
1662 3426 1844 3480 littus?

266 3519 515 3587 Veniunt,
548 3520 751 3590 inquit,
784 3518 961 3589 Angeli
982 3562 996 3585 ,
1030 3527 1073 3570 et
1110 3517 1353 3587 colligunt
1395 3516 1554 3570 malos
1591 3516 1653 3569 de
1683 3517 1845 3570 medio

250 3612 533 3683 iustorum,
566 3620 611 3664 et
635 3611 836 3664 mittunt
858 3610 911 3663 in
938 3610 1186 3662 caminum
1212 3609 1342 3678 ignis
1368 3610 1591 3661 ardentis
1619 3625 1637 3661 :
1662 3608 1728 3661 ibi
1753 3609 1846 3661 erit

258 3703 409 3771 ﬂetus
434 3711 481 3754 et
513 3701 701 3755 stridor
735 3700 960 3754 dentium
990 3697 1201 3770 (Matth.
1246 3714 1376 3765 xm,
1406 3699 1612 3768 47-50).
1642 3698 1843 3753 Tamen

259 3808 487 3863 regnum
524 3794 778 3848 caelorum
822 3801 905 3846 est
942 3792 1202 3862 appellata
1232 3791 1487 3846 Ecclesia.
1533 3793 1597 3846 Et
1634 3792 1846 3862 quando

259 3884 478 3955 quidem
507 3899 653 3939 mare
675 3883 832 3938 habet
862 3884 1032 3954 pisces
1063 3883 1220 3937 simul
1252 3891 1493 3937 natantes
1519 3893 1573 3937 et
1598 3883 1764 3938 bonos
1794 3892 1849 3938 ct

262 3978 460 4041 malos,
490 3977 542 4031 in
573 3978 672 4032 isto
701 3993 862 4048 regno
884 3977 1162 4041 cmlorum,
1188 3974 1239 4029 id
1266 3984 1367 4042 est,
1399 3975 1451 4029 in
1484 3976 1720 4031 Ecclesia
1750 3975 1847 4029 lm—

257 4067 346 4137 jus
369 4069 627 4137 temporis
654 4068 903 4122 minimus
934 4077 1156 4122 vocatur
1182 4067 1269 4121 ille
1298 4067 1387 4137 qui
1416 4067 1571 4121 docet
1598 4068 1732 4122 bona
1754 4110 1767 4134 ,
1795 4078 1849 4122 et

262 4160 370 4229 agit
394 4160 533 4214 mala
572 4160 727 4229 :quia
754 4159 824 4213 ibi
856 4168 1010 4213 estet
1035 4159 1169 4228 ipse.
1197 4157 1311 4212 Non
1335 4160 1602 4213 enimnon
1633 4169 1713 4214 est
1734 4160 1804 4213 ibi
1830 4178 1844 4213 :

264 4252 337 4307 ibi
368 4262 451 4306 est
476 4253 528 4305 in
550 4266 715 4322 regno
745 4252 997 4306 caelorum
1020 4293 1034 4316 ,
1070 4250 1123 4304 id
1152 4260 1267 4315 est,
1301 4251 1352 4304 in
1383 4252 1648 4315 Ecclesia,
1678 4254 1847 4322 qualis

263 4350 347 4396 est
374 4342 476 4397 isto
506 4350 763 4412 tempore.
792 4342 955 4396 Docet
984 4342 1139 4407 bona,
1164 4342 1272 4410 agit
1300 4342 1435 4394 mala
1472 4361 1483 4395 :
1518 4343 1848 4398 necessarius

264 4445 366 4499 est,
393 4434 757 4488 mercenarius
776 4442 874 4487 est.
896 4433 1053 4486 Amen
1083 4432 1195 4484 dico
1222 4433 1376 4497 vobis,
1401 4432 1493 4495 ait,
1522 4444 1849 4502 perceperunt

263 4527 545 4580 mercedem
573 4542 715 4578 suam
752 4523 859 4597 (Id.
895 4541 981 4591 v1,
1009 4523 1088 4594 9).
1124 4524 1345 4577 Prodest
1386 4524 1604 4593 aliquid.
1642 4524 1771 4578 Nam
1804 4526 1848 4580 si

262 4619 400 4673 nihil
431 4617 785 4688 prodessent,
826 4616 913 4685 qui
945 4617 1083 4670 bona
1122 4614 1317 4670 docent
1356 4623 1410 4668 et
1448 4616 1586 4669 male
1624 4616 1844 4681 vivunt,

263 4729 373 4768 non
421 4712 624 4767 diceret
666 4711 780 4781 ipse
821 4711 1074 4765 Dominus
1121 4726 1217 4764 suo
1262 4711 1454 4780 populo
1502 4728 1515 4764 :
1569 4711 1761 4765 Scriba:
1803 4722 1850 4766 et

263 4805 523 4860 Pharisaei
544 4804 832 4858 cathedram
866 4802 1033 4873 Moysi
1061 4804 1233 4857 sedent
1261 4819 1281 4857 :
1307 4819 1419 4874 quae
1448 4803 1640 4868 dicunt,
1667 4805 1850 4875 facite;

261 4912 380 4964 quae
409 4904 576 4949 autent
602 4896 817 4964 faciunt,
842 4898 1008 4965 facere
1034 4895 1205 4947 nolite.
1239 4893 1451 4961 Quare?
1475 4893 1655 4948 Dicunt
1682 4896 1813 4949 enim
1830 4937 1846 4963 ,

263 5000 314 5041 et
341 5004 443 5041 non
469 4989 659 5059 faciunt
684 4986 796 5056 (Id.
824 5003 979 5051 xxm,
1011 4987 1045 5040 2
1071 4997 1115 5040 et
1143 4988 1218 5057 '5).

339 5080 567 5136 CAPUT
606 5080 671 5134 V.
699 5110 769 5120 —-
797 5081 853 5135 4.
879 5079 1097 5150 Magnus
1124 5082 1175 5133 in
1203 5097 1355 5151 regno
1381 5080 1643 5153 caelorum:
1668 5081 1847 5136 Inten-

264 5171 360 5227 dat
401 5186 529 5241 ergo
568 5171 808 5226 Charitas
851 5181 1026 5225 vestra
1060 5188 1073 5223 :
1108 5172 1228 5226 volo
1277 5172 1418 5225 enim
1460 5187 1728 5240 exponere
1762 5174 1849 5241 qui

263 5272 396 5320 sunt
421 5266 595 5333 pisces
625 5264 819 5335 magni.
847 5263 946 5331 Qui
969 5264 1190 5330 solverit,
1221 5264 1407 5334 inquit,
1433 5282 1587 5318 unum
1616 5265 1678 5317 de
1703 5282 1850 5319 man-

266 5358 407 5411 datis
425 5357 533 5410 istis
554 5356 793 5421 minimis,
816 5355 1050 5408 minimus
1070 5355 1324 5409 vocabitur
1344 5356 1393 5408 in
1415 5373 1567 5425 regno
1586 5357 1846 5410 ccelorum.

264 5452 344 5508 Ibi
367 5452 489 5518 erit,
510 5449 603 5505 sed
624 5449 894 5504 minimus.
918 5448 1015 5513 Qui
1032 5458 1197 5502 autem
1220 5450 1411 5520 fecerit,
1436 5460 1481 5502 et
1509 5450 1579 5503 sic
1600 5450 1846 5516 docuerit,

264 5560 489 5614 magnus
534 5543 787 5596 vocabitur
830 5543 883 5594 in
920 5558 1073 5610 regno
1121 5542 1381 5595 caelorum.
1424 5543 1561 5596 Iicce
1606 5552 1728 5605 sunt
1774 5543 1848 5596 illi

264 5636 447 5706 pisces
474 5634 683 5703 magni,
724 5633 790 5687 ad
828 5632 1098 5687 dexteram
1130 5633 1286 5701 capti.
1319 5633 1418 5696 Qui
1457 5635 1654 5703 fecerit,
1695 5644 1741 5687 et
1780 5636 1851 5688 sic

263 5727 502 5782 docuerit
531 5743 547 5780 :
575 5726 713 5783 bona
748 5725 962 5793 fecerit,
1004 5726 1145 5781 bona
1183 5724 1456 5791 docuerit;
1498 5742 1603 5781 nor.
1634 5728 1734 5783 sibi
1771 5730 1851 5785 lo-

253 5819 457 5894 quenti
489 5820 627 5877 male
664 5818 890 5876 vivendo
928 5815 1307 5885 contradixerit
1330 5860 1345 5889 ,
1376 5834 1498 5876 cum
1536 5820 1690 5878 mala:
1722 5822 1846 5879 vita:

1678 356 1905 419 SERMO
1941 354 2108 415 CCLI.

2697 301 2725 315 ν
2782 292 2827 299 ”“⁷

3378 368 3517 428 1170

1944 480 2132 525 testem
2165 472 2355 529 habeat
2379 476 2610 545 linguam
2630 477 2846 533 bonam.
2878 498 2898 530 ί
2925 480 3026 548 Qui
3055 500 3074 534 ι
3098 496 3226 553 ergo
3257 499 3279 535 ς
3311 484 3518 554 fecerit,

1938 572 1994 618 et
2013 566 2089 619 sic
2109 565 2368 634 docuerit,
2395 585 2614 639 magnus
2637 572 2916 628 vocabitur
2935 573 2989 626 in
3015 589 3181 646 regno
3199 576 3477 633 cmlorum.
3493 598 3515 633 ι

1939 656 2008 710 Ει
2033 658 2270 725 sequitur
2296 679 2307 713 :
2342 679 2358 710 ι
2390 660 2518 715 Dico
2539 662 2679 716 enim
2706 662 2879 729 vobis,
2907 664 3029 734 quia
3049 665 3151 721 nisi
3172 666 3525 725 abundaverit

1936 747 2139 816 justitia
2207 759 2377 805 vestra
2429 766 2587 821 super
2645 753 2949 809 Scribarum
2993 764 3048 809 et
3088 756 3519 827 Pharisaeorum,

1938 853 2043 893 non
2060 840 2319 895 intrabitis
2336 843 2386 895 in
2410 858 2628 912 regnum
2650 846 2905 900 cmlorum
2931 865 2949 898 ι
2973 846 3187 916 (Matth.
3203 849 3389 922 V320).
3411 850 3524 906 Mo-

1941 928 2011 983 do
2042 931 2311 1000 quomodo
2346 933 2597 1004 intelligis
2630 951 2848 1005 regnum
2886 936 3180 993 cmlorum?
3216 940 3353 995 Illud
3383 941 3523 997 unde

1939 1020 2133 1075 dicitur
2167 1022 2370 1077 dextris
2390 1065 2405 1089 ,
2442 1023 2633 1093 Venite,
2663 1027 2907 1084 benedicti
2937 1028 3112 1086 Patris
3130 1032 3247 1099 mei,
3279 1034 3521 1105 percipite

1939 1129 2148 1183 regnum
2176 1111 2284 1185 (Id.
2316 1130 2449 1179 xxv,
2482 1117 2592 1186 54).
2627 1117 2745 1170 Nisi
2771 1120 3095 1175 abundaverit
3116 1123 3323 1192 justitia
3355 1133 3520 1179 vestra

1940 1206 2055 1275 plus
2080 1223 2229 1275 quam
2262 1206 2557 1261 Scribarum
2587 1219 2632 1262 et
2664 1209 3063 1268 Pharisaeorum.
3102 1215 3236 1284 Quid
3264 1226 3379 1284 est,
3408 1219 3524 1288 plus

1938 1315 2091 1370 quam
2105 1300 2400 1355 Scribarum
2422 1314 2467 1356 et
2485 1301 2865 1358 Pharisa’orum
2879 1308 2903 1359 ?
2917 1306 3146 1377 Respice
3167 1309 3381 1364 Scribas
3403 1310 3524 1366 illos

1940 1399 1994 1444 et
2022 1390 2342 1459 Pbarismos,
2375 1394 2463 1463 qui
2489 1394 2800 1449 cathedram
2825 1396 2992 1468 Moysi
3012 1398 3217 1466 sedent,
3243 1401 3310 1455 de
3331 1400 3525 1470 quibus

1941 1480 2139 1537 dictum
2171 1494 2284 1545 est,
2318 1484 2444 1549 ρυω
2480 1485 2651 1539 dicunt
2672 1527 2687 1549 ,
2720 1487 2902 1557 facite;
2939 1504 3052 1558 qua:
3090 1490 3280 1559 faciunt
3304 1532 3317 1555 ,
3359 1496 3525 1562 facere

1941 1576 2096 1630 nolite
2120 1592 2139 1630 :
2163 1577 2335 1630 dicunt
2359 1581 2490 1631 enim
2510 1619 2523 1643 ,
2552 1588 2597 1631 et
2628 1594 2726 1632 non
2756 1579 2969 1648 faciunt.
2993 1579 3132 1650 Ergo
3155 1580 3355 1651 iustitia
3377 1583 3524 1638 Pha-

1940 1670 2218 1725 rismorum
2245 1680 2357 1736 est,
2384 1670 2564 1726 dicere
2592 1681 2647 1726 et
2681 1686 2787 1727 non
2817 1671 3011 1728 facere.
3042 1673 3289 1730 Abundet
3316 1675 3525 1745 justitia

1942 1771 2120 1816 vestra
2145 1777 2305 1831 super
2332 1763 2637 1818 Scribarum
2675 1772 2728 1819 et
2752 1763 3147 1821 Pharisazorum
3169 1808 3185 1834 ,
3218 1775 3276 1821 ut
3300 1775 3355 1822 et
3386 1768 3524 1824 bona

1940 1849 2129 1905 dicatis
2148 1894 2160 1915 ,
2196 1862 2249 1907 et
2277 1853 2413 1907 bene
2443 1854 2655 1909 vivatis.

2011 1941 2239 1997 CAPUT
2265 1942 2351 1997 Vl.
2380 1973 2451 1983 —
2466 1945 2519 1999 5.
2541 1944 2797 1999 Numerus
2824 1947 3036 2015 piscium
3056 1957 3258 2003 centum
3277 1948 3529 2020 quinqua—

1940 2031 2080 2101 ginta
2113 2034 2263 2085 trium
2290 2035 2412 2103 quid
2446 2035 2712 2105 signiﬁcet.
2758 2035 2981 2106 Spiritus
3012 2040 3216 2094 sanctus
3243 2040 3528 2111 septenario

1941 2124 2337 2179 commendatus.
2363 2125 2715 2195 Sanctiﬁcatio
2755 2138 2927 2182 nostra
2961 2128 3129 2199 plena.
3155 2120 3276 2184 'Jam
3302 2145 3431 2201 ergo
3457 2130 3526 2185 de

1942 2232 2167 2272 numero
2217 2229 2431 2273 centum
2477 2219 2857 2290 quinquaginta
2910 2222 3069 2275 trium
3122 2222 3347 2291 piscium
3402 2222 3530 2292 quid

1943 2324 2076 2378 opus
2112 2318 2194 2363 est
2240 2310 2427 2363 eadem
2459 2312 2743 2365 retexere?
2783 2310 2963 2365 Nostis
3004 2311 3113 2365 illa.
3160 2314 3205 2366 A
3245 2311 3431 2367 decem
3476 2321 3531 2367 et

1942 2411 2148 2470 septem
2192 2404 2427 2456 nascitur
2470 2418 2725 2458 numerus
2760 2418 3029 2459 crescens.
3066 2404 3246 2473 Incipe
3284 2404 3351 2459 ab
3390 2418 3528 2472 uno,

1945 2494 2165 2563 perveni
2191 2493 2255 2546 ad
2277 2493 2462 2549 decem
2489 2504 2543 2549 et
2562 2504 2791 2565 septem,
2824 2508 2881 2550 ut
2900 2512 3083 2552 omnes
3110 2496 3275 2552 addas
3303 2513 3316 2549 :
3343 2496 3398 2551 id
3422 2506 3526 2565 est,

1946 2600 2107 2638 unum
2150 2584 2313 2641 addas
2348 2585 2415 2640 ad
2451 2585 2616 2652 duos,
2658 2595 2713 2641 et
2748 2586 2872 2642 ﬁant
2910 2596 3051 2653 tres;
3092 2588 3257 2643 addas
3297 2596 3432 2654 tres,
3477 2596 3533 2644 et

1945 2677 2075 2732 ﬁant
2103 2692 2233 2743 sex;
2267 2678 2432 2734 addas
2466 2688 2715 2749 quatuor,
2745 2689 2799 2734 et
2826 2680 2956 2734 ﬁant
2984 2679 3190 2736 decem.
3221 2680 3313 2736 Sic
3344 2696 3532 2737 omnes

1946 2769 2084 2824 adde
2108 2785 2275 2839 usque
2304 2769 2369 2824 ad
2397 2769 2583 2826 decem
2614 2781 2668 2826 et
2692 2780 2919 2842 septem,
2953 2779 3007 2827 et
3036 2772 3283 2842 pervenis
3311 2772 3376 2827 ad
3402 2787 3533 2827 cen-

1948 2870 2059 2925 tum
2090 2861 2470 2931 quinquaginta
2495 2870 2620 2916 tres.
2646 2861 2780 2917 Tota
2803 2878 2931 2931 ergo
2961 2862 3184 2917 intentio
3210 2874 3391 2918 nostra
3413 2877 3535 2918 esse

1948 2968 2054 3007 non
2092 2952 2284 3016 debet,
2330 2952 2430 3007 nisi
2461 2952 2587 3022 quid
2630 2953 2730 3007 sibi
2760 2954 2943 3007 volunt
2982 2952 3169 3009 decem
3200 2964 3253 3008 et
3280 2962 3484 3024 septem
3515 2972 3531 3007 :

1948 3045 2019 3100 ibi
2070 3056 2153 3101 est
2203 3044 2346 3100 enim
2408 3044 2808 3099 fundamentum
2874 3054 3089 3100 centum
3157 3046 3536 3116 quinquaginta

1951 3140 2128 3194 trium.
2165 3139 2301 3206 Quid
2345 3138 2445 3193 sibi
2487 3138 2671 3191 volunt
2710 3139 2897 3192 decem
2940 3147 2994 3192 et
3033 3139 3276 3206 septem?
3322 3136 3380 3191 ln
3420 3136 3537 3207 lege

1948 3229 2180 3302 agnosce
2209 3231 2415 3285 decem.
2462 3232 2653 3285 Decem
2694 3239 2965 3300 prazcepla
3002 3229 3123 3283 data
3162 3236 3285 3284 sunt
3323 3230 3535 3299 prima:

1952 3323 2242 3393 Decalogus
2272 3324 2288 3353 ⁸
2319 3322 2513 3377 dicitur
2532 3322 2761 3390 scriptus
2802 3322 2853 3375 in
2893 3321 3084 3376 tabulis
3122 3320 3288 3391 digito
3331 3319 3448 3375 Dei.
3480 3318 3536 3373 In

1950 3415 2136 3470 decem
2164 3430 2395 3484 agnosce
2426 3414 2655 3482 Legem,
2686 3414 2737 3466 in
2775 3422 2980 3482 septem
3012 3426 3242 3482 agnosce
3280 3411 3536 3481 Spiritum

1952 3514 2213 3561 sanctum.
2272 3505 2589 3576 Septenario
2643 3505 2784 3558 enim
2852 3520 3075 3558 numero
3131 3503 3537 3557 commendatur

1951 3598 2177 3666 Spiritus
2205 3594 2439 3651 sanctus.
2473 3596 2595 3650 Ideo
2622 3610 2727 3649 non
2760 3595 3064 3649 nominatur
3090 3594 3142 3647 in
3174 3595 3315 3665 Lege
3339 3594 3535 3648 sancti-

1954 3688 2157 3751 licatio,
2187 3687 2287 3740 nisi
2323 3687 2550 3756 septimo
2580 3686 2686 3739 die.
2720 3684 2869 3738 Fecit
2896 3686 3032 3738 Deus
3064 3684 3238 3739 lucem
3273 3704 3285 3737 :
3317 3699 3422 3738 non
3452 3683 3536 3738 di-

1952 3786 2094 3831 ctum
2123 3786 2223 3841 est,
2254 3776 2612 3831 Sanctiﬁcavit
2637 3792 2775 3830 eam.
2802 3776 2949 3829 Fecit
2971 3774 3361 3829 ﬁrmamentum
3388 3792 3400 3827 :
3427 3789 3535 3829 non

1953 3871 2151 3925 dictum
2206 3880 2327 3938 est,
2382 3870 2741 3925 Sanctilicavit
2805 3869 3218 3921 ﬁrmamentum.
3276 3867 3537 3922 Discrevit

1954 3978 2102 4018 mare
2126 3979 2154 4015 ιι
2180 3970 2321 4017 terra
2342 4005 2355 4029 ,
2396 3963 2556 4033 jussit
2594 3962 2891 4032 germinare
2925 3971 3116 4014 Icrram
3151 3974 3294 4014 :non
3334 3959 3534 4015 dictum

1956 4066 2058 4121 est,
2088 4056 2469 4111 Sanctiﬁeavit.
2501 4056 2647 4109 Fecit
2673 4056 2849 4109 lunam
2881 4065 2933 4107 et
2962 4054 3133 4107 sidera
3161 4073 3173 4106 :
3202 4069 3309 4107 non
3335 4053 3536 4109 dictum

1956 4161 2057 4217 est,
2089 4150 2470 4206 Sanctiﬁcavit.
2501 4148 2667 4203 Jussit
2693 4147 2940 4201 animalia
2969 4146 3258 4215 procedere
3281 4147 3349 4202 de
3384 4147 3537 4217 aquis

1956 4246 2190 4298 natantia
2223 4253 2277 4298 et
2313 4242 2543 4297 volantia
2577 4260 2590 4295 :
2635 4258 2740 4297 non
2777 4240 2973 4295 dictum
3009 4249 3126 4307 est,
3158 4238 3534 4295 Sanctificavit.

1954 4337 2120 4391 Jussit
2148 4336 2215 4390 de
2248 4345 2384 4390 terra
2420 4337 2566 4390 exire
2606 4334 2855 4389 animalia
2883 4334 3247 4404 quadrnpcdia
3274 4342 3328 4388 et
3359 4333 3537 4388 omnia

1957 4427 2195 4495 repentia
2228 4442 2367 4479 :non
2401 4426 2598 4480 dictum
2637 4434 2750 4490 est,
2782 4424 3160 4479 Sanctiﬁcavit.
3192 4423 3338 4479 Fecit
3364 4425 3538 4492 ipsum

1956 4518 2225 4573 hominem
2252 4537 2265 4571 :
2298 4534 2403 4571 non
2430 4518 2631 4571 dictum
2660 4524 2743 4571 est
2762 4558 2775 4581 ,
2798 4516 3177 4571 Sanctiﬁcavit.

2027 4611 2253 4667 CAPUT
2292 4609 2404 4665 VII.
2433 4610 2755 4665 —Ventum
2798 4620 2880 4665 est
2920 4610 2986 4665 ad
3030 4609 3313 4679 septimum
3355 4608 3533 4676 diem,

1955 4703 2045 4757 ubi
2077 4701 2369 4772 requievit;
2397 4710 2451 4756 et
2483 4702 2654 4771 ipsum
2685 4700 3041 4755 sanetiﬁcavit
3066 4697 3220 4771 (Gen.
3248 4714 3305 4764 ιι,
3330 4696 3407 4768 5).
3433 4697 3533 4753 Per

1958 4796 2195 4865 requiem
2236 4809 2384 4849 suam
2426 4794 2566 4847 Deus
2606 4778 2954 4847 sanctiﬁcavit
2993 4793 3231 4859 requiem
3276 4797 3532 4843 nostram.

1958 4886 2033 4940 lbi
2065 4902 2192 4957 ergo
2221 4886 2320 4941 erit
2350 4884 2697 4940 sanctiﬁcatio
2734 4894 2913 4939 nostra
2950 4882 3100 4952 plena
3122 4922 3136 4947 ,
3170 4880 3256 4934 ubi
3292 4894 3414 4935 cum
3442 4880 3536 4935 illo

1957 4978 2072 5031 sine
2111 4978 2216 5030 ﬁne
2254 4976 2670 5045 requiescemus.
2702 4975 2835 5029 Nam
2870 4988 3033 5043 quare
3060 4973 3199 5026 Deus
3236 4972 3537 5043 requiesce-

1958 5070 2074 5124 ret?
2100 5068 2215 5122 Non
2252 5069 2391 5123 enim
2428 5068 2698 5139 Operando
2738 5066 2983 5137 fatigatus
3026 5072 3127 5119 est.
3171 5064 3249 5118 Tu
3287 5065 3331 5119 si
3371 5063 3537 5120 verbo

1957 5161 2150 5224 facias,
2178 5175 2281 5214 non
2305 5160 2540 5229 fatigaris
2566 5179 2577 5213 :
2601 5163 2644 5215 si
2668 5158 2877 5226 iubeas,
2910 5165 2964 5211 et
2988 5156 3239 5210 continuo
3263 5154 3373 5220 ﬁat,
3398 5164 3532 5224 stas,

1957 5256 2164 5325 integer
2190 5270 2391 5309 manes.
2425 5256 2601 5308 Pauca
2633 5254 2793 5307 verba
2823 5251 2988 5318 dixit,
3013 5250 3153 5305 unde
3181 5258 3349 5305 totum
3375 5247 3533 5315 fecit,

1958 5355 2013 5402 et
2038 5346 2213 5402 subito
2244 5348 2469 5402 lassatus
2497 5345 2616 5401 est?

2029 5440 2081 5494 6.
2111 5438 2217 5493 Lex
2244 5457 2345 5493 non
2369 5438 2604 5507 impletur
2632 5436 2740 5488 sine
2766 5434 2862 5488 Dei
2896 5434 3173 5505 adjutorio.
3204 5432 3324 5487 Non
3359 5432 3535 5485 timore

1959 5545 2118 5599 paena:
2154 5530 2235 5583 lex
2272 5528 2541 5597 impletur,
2586 5526 2676 5578 sed
2713 5542 2883 5579 amore
2913 5525 3146 5594 justitiw.
3184 5522 3327 5591 Ergo
3362 5523 3532 5591 legem

1956 5636 2183 5691 agnosce
2210 5622 2262 5675 in
2302 5621 2518 5683 decem;
2546 5618 2802 5687 Spiritum
2832 5626 3073 5672 sanctum
3103 5629 3330 5685 agnosce
3360 5614 3414 5668 in
3443 5628 3532 5669 se-

1957 5724 2122 5787 ptem.
2154 5713 2410 5783 Jungatur
2448 5710 2681 5783 Spiritus
2708 5710 2854 5780 Legi.
2891 5708 3023 5775 Quia
3052 5708 3098 5762 si
3132 5706 3403 5775 acceperis
3429 5704 3533 5759 Le-

2029 5810 2051 5861 ι’
2072 5835 2121 5876 ιιι
2142 5826 2443 5876 nonuliarum
2467 5826 2751 5877 collectione
2764 5860 2779 5889 ,
2804 5825 2917 5877 data
2932 5830 3059 5877 stmt.
3077 5824 3237 5877 Primo
3252 5818 3535 5880 Decatogus.

3599 1020 3617 1159 ξ
