4056 6434
492 458 637 517 gem,
661 444 716 505 et
735 434 967 507 defuerit
992 433 1089 499 tibi
1115 430 1438 513 adiutorium
1468 423 1719 501 Spiritus,
1747 441 1854 489 non
1872 425 2077 517 imples

490 516 632 607 quod
657 531 824 603 legis,
850 541 957 607 non
992 523 1182 603 imples
1211 520 1353 596 quod
1389 519 1482 581 tibi
1502 518 1721 591 jubetur
1749 535 1763 573 :
1790 516 1885 581 sed
1914 516 2077 607 homo

488 600 593 683 sub
616 600 759 701 Lege
785 603 1008 701 insuper
1039 600 1416 699 prtevaricator
1442 619 1681 701 tenetur.
1698 609 1930 701 Accedat
1955 605 2077 687 Spi,

487 717 648 780 ritus,
673 694 890 784 adjuvet
912 698 928 778 ᾖ
948 716 1005 766 et
1032 694 1093 779 iit
1129 705 1272 787 quod
1302 703 1537 789 iubetur.
1567 701 1625 759 Si
1659 700 1797 767 desit
1822 699 2073 771 Spiritus,

487 808 666 865 littera
693 804 888 865 occidit
914 811 988 884 te.
1019 802 1195 877 Quare
1221 800 1394 856 littera
1429 796 1624 854 occidit
1650 794 1739 853 te?
1774 795 1904 865 Quia
1934 809 2075 869 prm-

488 901 841 969 varicatorem
862 906 917 956 te
939 895 1118 973 faciet.
1146 894 1257 951 Nec
1284 902 1434 967 potes
1463 902 1514 955 te
1539 905 1795 961 excusare
1821 890 1889 953 de
1919 888 2074 962 igno-

485 994 684 1063 rantia,
712 992 838 1067 quia
862 991 1037 1065 legem
1063 986 1339 1063 accepisti.
1365 985 1484 1043 iam
1518 985 1660 1061 quod
1699 984 1906 1051 iaceres
1939 983 2077 1047 didi-

484 1084 969 1159 cisti,ign9rantia
1011 1091 1067 1142 te
1115 1096 1227 1140 non
1269 1088 1528 1148 excusat,
1585 1078 1817 1151 Spiritus
1869 1085 1922 1137 te
1967 1092 2077 1143 non

485 1180 707 1253 adjuvat
737 1199 753 1236 :
781 1193 911 1251 ergo
930 1176 1162 1250 periisti.
1189 1174 1297 1233 Sed
1316 1173 1443 1246 quid
1467 1171 1831 1245 aitapostolus
1852 1167 2072 1239 Paulus,

486 1270 686 1329 Littera
712 1270 917 1339 occidit,
943 1268 1169 1341 Spiritus
1192 1274 1361 1327 autem
1380 1265 1598 1336 riviﬁeat
1623 1263 1690 1336 (li
1714 1261 1833 1320 Cor.
1862 1277 1952 1335 iit,
1980 1260 2073 1334 6)?

485 1361 645 1422 Unde
682 1362 918 1434 Spiritus
944 1358 1216 1417 viviﬁcat?
1240 1358 1374 1429 Quia
1399 1355 1527 1415 l’acit
1564 1355 1770 1439 impley’
1801 1354 2032 1411 litteram
2054 1393 2071 1423 ,

484 1473 559 1527 ne
577 1456 808 1523 occidat.
835 1456 929 1517 isti
955 1463 1081 1525 sunt
1110 1453 1300 1521 sancti,
1331 1452 1422 1525 qui
1456 1449 1657 1506 faciunt
1681 1449 1853 1519 legem
1878 1447 1972 1507 Dei
2006 1461 2075 1504 ex

486 1550 634 1609 dono
654 1549 771 1607 Dei.
797 1548 910 1613 Lex
934 1546 1127 1629 jubere
1153 1552 1359 1617 potest,
1393 1544 1581 1615 juvare
1609 1557 1719 1599 non
1741 1548 1936 1613 potest.
1963 1544 2072 1597 Ac-

482 1643 629 1711 cedit
652 1642 865 1712 adiutor
890 1639 1160 1712 Spiritus;
1182 1646 1237 1693 et
1261 1637 1320 1693 tit
1341 1636 1551 1709 jussum
1581 1634 1677 1701 Dei
1701 1649 1821 1690 cum
1845 1632 2072 1705 gaudio,

482 1751 610 1805 cum
634 1733 1011 1801 delectatione.
1049 1730 1183 1791 Nam
1216 1728 1369 1789 multi
1400 1726 1602 1785 faciunt
1631 1741 1697 1785 ex
1722 1725 1936 1789 timore.
1965 1724 2075 1783 Sed

483 1829 576 1902 qui
600 1828 802 1885 faciunt
821 1828 1015 1899 legem,
1046 1822 1282 1880 timendo
1307 1836 1543 1894 poenam,
1571 1820 1791 1883 mallent
1818 1833 1924 1883 non
1952 1832 2077 1879 esse

484 1922 631 1995 quod
654 1922 926 1985 timerent.
950 1918 1052 1987 Qui
1072 1926 1257 1979 autem
1281 1915 1483 1973 iaciunt
1507 1913 1704 1984 Legem
1731 1911 1961 1973 amando
1985 1910 2074 1983 ju-

482 2014 714 2081 stitiam,
740 2011 973 2085 gaudent
996 2018 1052 2071 et
1075 2010 1169 2078 ibi,
1198 2009 1322 2081 quia
1344 2022 1455 2065 non
1473 2006 1674 2071 habent
1691 2004 1983 2065 inimicam.

553 2103 779 2167 CAPUT
807 2102 942 2163 Vill.
981 2132 1055 2145 -—
1095 2102 1147 2159 Ἰ.
1180 2101 1362 2165 Sermo
1389 2099 1488 2157 Dei
1528 2098 1849 2159 aduersarius
1882 2106 2071 2159 noster.

481 2188 612 2253 ideo
633 2188 766 2246 dicit
785 2186 1043 2253 Dominus
1061 2229 1078 2256 ,
1110 2185 1373 2243 Concorda
1391 2201 1508 2243 cum
1525 2184 1814 2247 aduersario
1839 2193 1924 2247 tuo
1950 2186 2073 2254 cito,

485 2280 612 2339 dum
637 2296 691 2337 es
717 2296 833 2343 cum
856 2278 947 2334 illo
969 2279 1024 2335 in
1051 2279 1133 2333 via
1160 2276 1371 2350 (Matth.
1398 2293 1453 2342 v,
1479 2275 1594 2347 25).
1617 2277 1746 2346 Quis
1774 2285 1856 2333 est
1884 2276 2076 2337 adver-

482 2376 661 2437 sarius
688 2372 854 2433 tuus?
898 2371 1089 2431 Sermo
1113 2370 1290 2443 Legis.
1347 2370 1478 2439 Quae
1518 2376 1603 2435 est
1642 2370 1767 2424 via?
1807 2368 1928 2425 Vita
1952 2370 2071 2429 ista.

481 2465 763 2544 Quomodo
789 2471 877 2527 ost
900 2463 997 2523 ille
1029 2462 1402 2525 adversarius?
1429 2461 1596 2528 Dicit,
1640 2459 1768 2518 Non
1792 2461 2074 2521 mache-

478 2561 557 2625 ris
582 2576 605 2615 :
633 2566 691 2625 et
724 2566 784 2619 tu
801 2558 884 2619 vis
910 2556 1187 2631 mmchari.
1238 2556 1411 2621 Dicit,
1456 2552 1583 2613 Non
1608 2554 1930 2627 concupisces
1968 2571 2077 2610 rem

482 2653 705 2727 πράπά
754 2651 830 2715 tui
867 2666 888 2706 :
926 2657 984 2707 et
1026 2658 1085 2706 tu
1131 2649 1214 2705 vis
1253 2663 1445 2723 rapere
1495 2662 1585 2705 res
1638 2648 1858 2707 alienas.
1909 2648 2072 2716 Dicit,

483 2745 703 2809 Honora
745 2753 939 2817 patrem
959 2748 1009 2799 et
1030 2750 1243 2799 matrem
1267 2757 1287 2796 :
1311 2748 1368 2799 et
1407 2748 1465 2795 tu
1491 2742 1909 2803 contumeliosus
1930 2756 1990 2801 es
2018 2742 2076 2801 in

481 2843 754 2909 parentes.
799 2834 936 2891 Dicit
979 2832 1091 2889 Lex
1115 2872 1132 2899 ,
1163 2829 1292 2887 Noli
1317 2831 1483 2886 dicere
1508 2831 1699 2901 falsum
1735 2833 2074 2890 testimonium

482 2924 681 2998 (Exod.
710 2940 802 2991 xx,
825 2921 998 2997 i-i7):
1029 2930 1088 2977 tu
1109 2937 1140 2977 a
1168 2921 1446 2981 mendacio
1469 2935 1578 2979 non
1602 2922 1829 2991 recedis.
1850 2922 2075 2992 Quando

482 3017 637 3084 vides
673 3014 800 3087 quia
829 3014 920 3070 ille
957 3028 1139 3073 sermo
1166 3012 1307 3068 aliud
1332 3011 1522 3082 jubet,
1567 3021 1625 3069 et
1656 3022 1711 3070 tu
1737 3013 1881 3070 aliud
1918 3014 2069 3083 iacis,

484 3115 570 3165 est
591 3105 927 3173 adversarius
954 3113 1097 3163 tuus.
1125 3104 1510 3161 Adversarium
1535 3104 1698 3163 habes
1724 3106 1945 3175 malum,
1962 3121 2072 3164 non

483 3208 665 3261 tecum
699 3198 865 3257 intret
891 3200 947 3254 in
970 3200 1318 3257 secretarium
1348 3216 1361 3252 :
1391 3212 1655 3269 compone
1683 3201 1809 3257 dum
1850 3215 1910 3256 es
1948 3216 2071 3259 cum

479 3291 578 3357 illo
601 3291 659 3351 in
680 3290 786 3349 via.
830 3290 1000 3355 Adest
1033 3290 1173 3346 Deus
1196 3290 1288 3362 qui
1321 3304 1418 3346 vos
1441 3290 1747 3348 concordet.
1793 3292 2072 3362 Quomodo

481 3398 580 3447 vos
621 3382 912 3447 concordat
952 3382 1138 3443 Deus?
1192 3382 1453 3441 Donando
1501 3392 1750 3456 peccata,
1800 3393 1855 3440 et
1900 3385 2068 3456 inspi-

480 3475 654 3541 reudo
699 3475 995 3547 iustitiam,
1047 3483 1107 3537 ut
1148 3474 1275 3531 tiam
1329 3489 1492 3546 opera
1539 3476 1701 3535 bona.
1753 3476 1890 3533 Cum
1940 3493 2070 3549 ergo

478 3560 890 3633 concordavei'is
922 3581 1048 3624 cum
1072 3567 1406 3636 adversario,
1453 3567 1507 3625 id
1535 3578 1638 3637 est,
1669 3583 1790 3626 cum
1813 3568 2069 3654 decalogo

475 3663 637 3735 Legis
659 3702 678 3730 ,
718 3677 815 3734 per
841 3661 1098 3733 Spiritum
1140 3670 1384 3725 sanctum
1410 3702 1428 3731 ,
1471 3662 1764 3733 pertinebis
1786 3663 1854 3719 ad
1881 3663 2069 3721 decem

476 3764 534 3815 et
548 3764 776 3826 septem.
801 3753 934 3813 Cum
965 3753 1290 3825 pertinueris
1312 3753 1382 3810 ad
1406 3753 1593 3813 decem
1612 3763 1668 3811 et
1683 3764 1888 3827 septem
1908 3796 1924 3823 ,
1953 3756 2066 3827 jam

475 3851 670 3910 exinde
711 3860 990 3910 excrescat
1025 3862 1285 3907 numerus
1325 3847 1395 3904 ad
1432 3856 1650 3906 centum
1687 3849 2067 3923 quinquaginta

477 3952 608 4001 tros.
648 3944 772 4001 Eris
798 3942 866 4001 ad
889 3942 1166 4001 dexteram
1194 3941 1534 3999 coronandus
1561 3959 1575 3996 :
1606 3956 1676 3998 ne
1698 3955 1978 4003 remaneas
1997 3942 2065 4001 ad

474 4036 751 4095 sinistram
776 4035 1128 4095 damnandus.

971 4170 1206 4229 ssnuo
1233 4168 1410 4227 cum
1427 4172 1449 4195 ο
1472 4168 1569 4245 (α).

894 4291 947 4336 tn
967 4283 1145 4336 diebus
1160 4282 1481 4345 Paschalibus,
1506 4295 1642 4334 χχιιι.

614 4388 699 4453 De
724 4389 899 4455 eadem
924 4388 1134 4449 lectione
1155 4397 1205 4446 et
1230 4388 1295 4444 de
1321 4387 1517 4444 duabus
1541 4388 1918 4461 piscationibus.

567 4503 797 4563 CAPUT
846 4501 1131 4560 ramum.
1175 4529 1252 4546 ..-
1292 4503 1346 4557 t.
1390 4500 1618 4558 Piscatio
1659 4504 1810 4573 jussu
1852 4500 2063 4587 nam

475 4603 613 4673 facta
634 4613 738 4653 non
761 4596 873 4652 situ
897 4593 1156 4667 mysterio.
1181 4594 1356 4649 Altera
1381 4593 1592 4666 piscatio
1611 4603 1726 4651 ante
1748 4594 2058 4665 passionem.

471 4691 646 4751 Etiam
682 4691 832 4762 factis
862 4688 1085 4760 loquitur
1109 4686 1358 4743 Chr-istas.
1404 4686 1582 4743 Multis
1602 4694 1658 4743 et
1679 4686 1842 4743 variis
1862 4685 2059 4755 modis,

378 4787 399 4853 ,ξ
469 4792 529 4843 et
552 4784 890 4841 altitudinem
915 4780 1207 4839 divinitatis
1233 4794 1347 4836 sua:
1367 4823 1383 4850 ,
1433 4790 1489 4837 et
1515 4779 1934 4836 misericordiam
1959 4778 2061 4835 hu-

468 4878 746 4936 manitatis
768 4919 784 4945 ,
830 4878 885 4933 in
915 4876 1207 4945 Scripturis
1248 4874 1450 4931 sanctis
1479 4874 1734 4930 Dominus
1762 4883 1945 4933 noster
1970 4873 2061 4931 Je-

428 4969 446 4989 '
471 4986 567 5028 sus
587 4970 834 5027 Christus
856 4967 1121 5035 ostendit,
1160 4966 1609 5040 quemadmodum
1647 4967 1819 5034 solet,
1856 4968 1911 5022 in
1938 4983 2058 5040 my-

472 5061 657 5119 steriis
674 5068 730 5118 et
746 5059 1130 5127 sacramentis;
1163 5068 1223 5116 ut
1255 5065 1499 5129 petentes
1523 5058 1804 5130 accipiant,
1833 5067 1891 5116 et
1911 5074 2059 5132 quae-

472 5162 658 5213 rentes
680 5152 983 5219 inveniant,
1019 5160 1076 5208 et
1100 5150 1434 5223 pulsantibus
1461 5151 1747 5221 aperiatur.
1774 5150 1889 5208 Hoc
1913 5155 2057 5209 enim

475 5247 634 5303 etiam
680 5244 823 5317 quod
866 5244 1067 5300 lectum
1109 5250 1194 5299 est
1238 5241 1400 5300 hodie
1431 5243 1498 5298 de
1539 5252 1725 5300 sancto
1770 5244 2059 5316 Evangelio

475 5338 665 5409 quaerit
712 5336 1101 5392 intellectorem
1125 5375 1141 5401 ,
1185 5341 1242 5391 et
1289 5334 1416 5390 facit
1460 5334 1710 5406 gaudium
1756 5336 2054 5406 spirituaie,

474 5443 596 5484 cum
618 5428 778 5485 tuerit
802 5426 1151 5484 intellectum.
1183 5425 1427 5483 intendat
1447 5426 1711 5485 Sanctitas
1736 5436 1909 5484 vestra
1929 5430 2056 5499 quid

470 5522 573 5579 sibi
592 5522 724 5579 velit
740 5563 755 5590 ,
782 5520 925 5592 quod
946 5534 1014 5577 eo
1052 5520 1215 5581 modo
1242 5533 1303 5576 se
1342 5519 1627 5579 Dominum
1663 5520 1935 5592 discipulis
1961 5521 2058 5578 tle-

469 5656 563 5772 m;
599 5657 867 5721 castigatus
901 5654 961 5706 ad
1004 5654 1128 5711 duos
1161 5656 1241 5707 cb.
1291 5654 1348 5709 ad
1380 5669 1456 5721 gr.
1504 5669 1546 5707 r.
1588 5662 1640 5708 et
1675 5655 1735 5725 ad
1774 5654 1908 5709 vlim.
1949 5662 2051 5706 Par.

532 5756 613 5849 ἰᾴὶ
790 5780 856 5841 de
875 5781 1088 5851 Diversis
1106 5781 1156 5835 δ.

1729 311 1787 369 S.
1833 312 2197 379 Αυαυετιω
2234 313 2532 377 EPISCOPI

3627 327 3776 427 ius

2185 437 2515 489 monstrasse
2537 441 2718 493 sancta
2743 435 3015 508 Scriptura
3041 443 3283 511 testatur.
3304 439 3574 512 quomodo
3586 441 3777 507 Evan-

2184 520 2370 588 gelista
2399 532 2601 583 narrat.
2653 525 3009 583 Perrexcrunt
3043 530 3184 599 enim
3214 530 3457 613 discipuli
3485 532 3775 609 piscatum,

2185 622 2241 669 et
2272 622 2377 669 tota
2413 625 2573 679 nocte
2609 618 2740 683 nihil
2778 628 3057 699 ceperunt.
3110 622 3368 691 Dominus
3397 634 3576 683 autem
3605 640 3778 705 appa-

2183 702 2292 757 ruit
2321 704 2400 761 eis
2428 721 2586 775 mane
2617 708 2668 765 in
2692 709 2890 778 littore,
2928 711 3276 793 interrogavit
3311 724 3489 773 utrum
3511 702 3782 783 haberent

2183 796 2601 866 pulmentarium
2633 819 2647 856 :
2679 803 2757 863 illi
2779 820 2837 863 se
2851 805 3101 871 dixerunt
3126 824 3234 875 non
3263 808 3484 869 habere.
3514 812 3607 871 Ait
3631 814 3775 872 illis:

2185 886 2373 944 Mittite
2393 892 2518 947 retia
2538 893 2589 946 in
2611 893 2867 961 dexteram
2889 906 3101 968 partem,
3121 908 3168 955 et
3186 900 3465 961 invenietis.
3492 902 3594 971 Qui
3619 904 3779 974 quasi

2182 989 2461 1051 empturus
2485 993 2736 1055 venerat,
2777 987 2943 1059 gratis
2974 994 3119 1045 tanta
3142 988 3365 1063 largitus
3391 1001 3504 1061 est;
3525 1004 3583 1050 et
3604 994 3775 1067 largi-

2182 1078 2269 1141 tus
2297 1070 2363 1133 de
2383 1074 2540 1142 mari,
2568 1081 2823 1149 tanquam
2853 1075 2921 1134 de
2944 1091 3191 1147 creatura
3220 1096 3336 1137 sua.
3365 1083 3616 1156 Magnum
3640 1085 3768 1158 qui-

2180 1162 2304 1227 dem
2328 1165 2670 1227 miraculum.
2702 1169 2963 1239 Miserunt
2983 1174 3184 1241 statim,
3205 1182 3259 1231 et
3279 1183 3482 1233 tantum
3507 1188 3775 1250 ceperunt

2183 1264 2241 1311 ut
2265 1273 2373 1329 pra:
2401 1260 2739 1331 multitudine
2766 1263 2993 1337 piscium
3019 1264 3303 1325 extrahere
3340 1270 3474 1325 retia
3506 1284 3617 1327 non
3644 1285 3777 1344 pos-

2179 1356 2319 1403 sent.
2373 1348 2481 1423 Sed
2531 1353 2632 1409 hoc
2673 1363 2879 1414 tantum
2920 1355 3235 1425 miraculum
3279 1359 3326 1415 si
3364 1360 3611 1419 attendas
3655 1363 3779 1434 quis

2180 1438 2403 1512 fecerit,
2449 1458 2557 1517 non
2599 1455 2682 1502 est
2730 1448 2927 1504 mirum
2962 1466 2976 1503 :
3019 1451 3189 1521 multa
3229 1451 3371 1508 enim
3409 1454 3617 1525 majora
3659 1453 3777 1527 jam

2179 1532 2401 1595 iecerat.
2448 1536 2566 1609 Non
2605 1540 2747 1596 enim
2774 1542 2867 1616 qui
2894 1551 3018 1600 ante
3046 1545 3494 1609 resurrectionem
3528 1557 3779 1606 mortuos

2180 1629 2534 1691 suscitaverat
2558 1673 2575 1705 ,
2620 1648 2872 1709 magnum
2914 1635 3116 1708 aliquid
3156 1645 3280 1709 post
3319 1640 3777 1699 resurrectionem

2180 1717 2281 1775 fuit
2321 1721 2463 1792 quod
2503 1723 2679 1795 pisces
2716 1726 2836 1797 capi
2874 1726 3020 1783 fecit.
3065 1728 3208 1800 Ergo
3252 1728 3586 1804 interrogare
3609 1731 3780 1795 debe-

2179 1827 2303 1868 mus
2332 1815 2507 1887 ipsum
2535 1818 2876 1890 miraculum,
2919 1820 3047 1897 quid
3072 1820 3227 1880 nobis
3247 1821 3473 1881 interius
3496 1824 3775 1901 loquatur.

2178 1902 2299 1961 Non
2338 1906 2482 1968 enim
2526 1908 2643 1965 sine
2687 1925 2848 1971 causa
2892 1926 3002 1973 non
3029 1912 3165 1970 dixit
3209 1921 3534 1995 utcumque,
3580 1916 3781 1977 Mittite

2177 1997 2312 2052 retia
2337 2014 2353 2066 ;
2401 1999 2495 2055 sed
2518 2042 2533 2069 ,
2582 2001 2771 2059 Mittite
2796 2003 2849 2059 in
2871 2003 3134 2069 dexteram
3158 2017 3375 2078 partem.
3403 2008 3608 2069 Deinde
3634 2025 3773 2084 per-

2179 2088 2339 2145 tinuit
2376 2092 2444 2149 ad
2486 2092 2881 2169 Evangelistam
2905 2095 3085 2155 dicere
3122 2106 3178 2155 et
3200 2114 3483 2159 numerum
3519 2102 3776 2175 piscium.

2180 2179 2440 2240 Pertinuit
2477 2185 2638 2245 etiam
2664 2186 2845 2244 dicere
2866 2230 2882 2256 ,
2918 2188 2989 2246 Et
3021 2206 3139 2246 cum
3174 2192 3299 2246 tanti
3326 2201 3486 2255 essein
3508 2233 3526 2263 ,
3567 2191 3623 2251 id
3664 2201 3775 2262 est,

2179 2279 2293 2333 tam
2320 2276 2536 2349 magni,
2568 2278 2697 2332 retia
2720 2294 2822 2339 non
2845 2288 2962 2337 sunt
2985 2281 3240 2352 disrupta.
3288 2281 3403 2338 Hoc
3440 2282 3562 2339 ioco
3586 2297 3777 2340 recor-

2177 2365 2297 2422 dari
2335 2382 2433 2425 nos
2475 2367 2635 2439 fecit,
2682 2370 2965 2441 aliquando
3013 2372 3080 2428 ad
3120 2372 3333 2445 iussum
3361 2375 3570 2432 Domini
3607 2376 3779 2433 missa

2178 2471 2300 2513 esse
2327 2458 2463 2523 retia
2486 2500 2502 2529 ,
2554 2459 2767 2536 quando
2793 2462 2953 2539 elegit
2980 2462 3312 2545 discipulos,
3361 2474 3648 2539 antequam
3672 2484 3779 2541 pa-

2179 2555 2385 2613 teretur
2429 2549 2563 2622 ipse.
2617 2552 2693 2609 ibi
2735 2561 2850 2609 erat
2893 2552 3085 2617 Petrus
3109 2597 3126 2625 ,
3168 2555 3401 2613 Joannes
3437 2566 3492 2625 et
3517 2557 3774 2619 lacubus.

2176 2638 2435 2711 Miserum
2475 2644 2608 2698 retia
2634 2686 2649 2713 ,
2697 2655 2957 2716 ceperunt
2996 2648 3170 2723 pisces
3221 2650 3671 2722 innumerabiles,
3714 2662 3782 2712 et

2178 2739 2303 2780 cum
2329 2742 2492 2782 unum
2522 2726 2791 2800 navigium
2833 2730 3108 2802 impletum
3138 2742 3318 2803 esset,
3358 2736 3681 2807 qumsiertmt
3706 2752 3779 2794 se

2176 2815 2414 2888 adjuvari
2443 2832 2474 2872 a
2502 2818 2678 2875 vicino
2701 2821 2911 2895 navigio
2941 2840 2955 2877 :
2995 2833 3048 2878 et
3073 2824 3292 2898 impleta
3318 2836 3441 2882 sunt
3470 2827 3575 2883 duo
3611 2829 3775 2884 navi-

2176 2907 2266 2978 gia
2303 2907 2537 2987 piscibus
2580 2909 2714 2985 (hoc
2749 2921 2875 2969 ante
2917 2916 3454 2989 resurrectionem),
3499 2934 3629 2974 sane
3658 2928 3774 2975 tam

2175 2998 2383 3068 multis,
2414 3008 2474 3056 ut
2493 3003 2627 3058 retia
2651 3015 3026 3076 rumperentur
3053 3005 3201 3079 (Luc.
3228 3024 3282 3077 v,
3312 3006 3456 3081 1-7).
3490 3010 3667 3079 Quare
3690 3011 3775 3069 ibi

2175 3107 2434 3150 numerus
2455 3094 2630 3151 nullus
2655 3094 2848 3152 dicitur
2866 3098 2889 3151 ?
2918 3097 3093 3177 Quare
3113 3098 3185 3154 ibi
3206 3100 3338 3156 retia
3358 3101 3773 3177 rumpebantur,

2176 3183 2266 3239 hic
2313 3200 2421 3240 non
2471 3194 2625 3261 rupta
2664 3188 2826 3244 sunt?
2872 3174 3049 3261 Quare
3093 3189 3164 3246 ibi
3189 3208 3297 3253 non
3326 3174 3524 3259 dictum
3549 3203 3666 3263 est,
3710 3204 3775 3252 ut

2174 3277 2243 3335 ad
2286 3276 2559 3337 dexteram
2604 3289 2808 3351 partem
2857 3282 3198 3340 mitterentur
3239 3285 3409 3355 retia,
3459 3284 3548 3345 h‘c
3582 3296 3774 3345 autem

2174 3367 2309 3425 dixit
2332 3412 2347 3438 ,
2384 3369 2572 3426 Mittite
2609 3371 2735 3427 retia
2761 3373 2813 3428 in
2840 3373 3097 3430 dexteram
3137 3378 3373 3449 partem!
3400 3378 3518 3436 Non
3550 3388 3635 3449 est
3658 3382 3774 3437 uti-

2173 3476 2279 3532 que
2329 3461 2445 3517 sine
2494 3477 2674 3519 eausa.
2741 3463 2860 3521 Non
2907 3468 3049 3522 enim
3094 3468 3316 3525 iaciebat
3354 3468 3455 3527 ista
3507 3472 3775 3551 Dominus

2173 3552 2326 3623 quasi
2366 3553 2560 3609 frustra
2586 3563 2641 3609 et
2682 3554 2931 3612 inaniter.
2980 3557 3213 3616 Verbum
3251 3560 3346 3635 Dei
3388 3571 3471 3627 est
3494 3562 3770 3638 Christus,

2172 3644 2261 3715 qui
2293 3660 2398 3700 non
2439 3645 2613 3703 solum
2638 3648 2785 3704 sonis
2807 3690 2824 3717 ,
2873 3649 2970 3707 sed
3003 3651 3164 3708 etiam
3203 3651 3357 3711 factis
3394 3654 3627 3729 loquitur
3666 3659 3774 3723 ho-

2170 3736 2425 3792 minibus.
3080 3732 3093 3742 “
3790 3791 3797 3799 ,

2242 3827 2470 3885 CAPUT
2510 3827 2576 3884 ii.
2621 3860 2693 3872 —
2734 3830 2789 3887 2.
2820 3827 3108 3888 Discrimen
3146 3835 3362 3892 duannn
3400 3836 3769 3911 piscationem.

2170 3919 2341 3991 Retia,
2374 3921 2578 3981 verbum
2597 3921 2736 3990 Dei;
2782 3940 2955 3994 mare,
2984 3926 3244 3982 saxulum.
3296 3927 3410 3985 Hoc
3443 3944 3571 4005 ergo
3605 3932 3771 3993 nobis

2168 4013 2503 4089 propositum
2554 4024 2637 4071 est
2662 4056 2680 4084 ,
2729 4015 2872 4086 quod
2901 4031 3021 4073 cum
3056 4026 3230 4075 vestra
3261 4018 3529 4079 Cbaritate
3562 4031 3770 4089 tracte-

2169 4119 2291 4162 mus
2309 4147 2325 4175 ,
2354 4105 2481 4181 quid
2509 4106 2609 4163 sibi
2639 4090 2768 4163 velit
2793 4106 2894 4167 ista
2920 4106 3226 4166 diversitas.
3274 4106 3484 4168 Etenim
3506 4116 3644 4175 retia
3668 4117 3767 4174 illa

2168 4215 2288 4272 quae
2314 4202 2478 4257 missa
2516 4211 2640 4262 sunt
2682 4210 2874 4273 antea,
2920 4212 2976 4261 et
3019 4213 3277 4279 ceperunt
3316 4206 3765 4275 innumerabilem

2166 4291 2393 4362 piscium
2436 4309 2717 4351 numerum
2742 4337 2757 4361 ,
2800 4302 2856 4353 et
2897 4307 3255 4365 oneraverunt
3293 4296 3424 4359 duas
3457 4314 3659 4371 naves,
3702 4311 3766 4361 et

2164 4383 2299 4438 retia
2328 4384 2708 4455 rumpebantur
2730 4426 2747 4454 ,
2776 4393 2832 4441 et
2871 4400 2976 4442 non
3016 4396 3142 4443 sunt
3184 4389 3348 4459 missa
3392 4389 3446 4446 in
3470 4391 3757 4451 dexteram

2164 4484 2371 4547 partem
2402 4478 2571 4544 retia;
2623 4478 2719 4535 sed
2749 4493 2921 4555 neque
2946 4478 3146 4539 dictum
3186 4490 3306 4551 est,
3356 4481 3415 4538 in
3447 4483 3751 4543 sinistram.

2164 4566 2281 4623 iam
2303 4570 2613 4642 mysterium
2642 4572 2902 4642 captionis
2928 4572 3070 4629 illius
3098 4572 3463 4646 impleturhoc
3487 4583 3757 4649 tempore.

2166 4660 2300 4716 illud
2323 4672 2502 4721 autem
2531 4663 2756 4721 alterum
2786 4666 3121 4738 mysterium,
3152 4666 3294 4741 quod
3318 4684 3428 4725 non
3450 4669 3569 4731 sine
3591 4686 3760 4733 causa

2164 4762 2286 4825 post
2314 4756 2765 4819 resurrectionem
2805 4757 2963 4828 fecit,
3005 4758 3115 4830 jam
3141 4774 3248 4818 non
3285 4762 3613 4834 moriturus,
3658 4766 3760 4825 sed

2164 4860 2379 4919 semper
2404 4848 2554 4905 vivus
2579 4848 2817 4917 iuturus;
2846 4866 2955 4908 non
2974 4853 3146 4910 solum
3173 4852 3471 4925 divinitate,
3496 4872 3603 4931 qua
3620 4874 3760 4923 nun-

2168 4957 2328 5014 quam
2354 4953 2598 5000 mortuus
2628 4953 2730 5012 est,
2756 4944 2852 5000 sed
2872 4946 3035 5002 etiam
3065 4960 3314 5020 corpore,
3336 4964 3445 5020 quo
3469 4965 3569 5023 pro
3590 4952 3755 5019 nobis

2163 5036 2301 5091 mori
2343 5036 2589 5108 dignatus
2616 5044 2716 5094 est.
2761 5036 2879 5095 Non
2908 5053 3035 5111 ergo
3056 5038 3253 5096 {rustra
3289 5040 3419 5098 illud
3458 5052 3586 5101 ante
3628 5060 3757 5116 pas-

2164 5129 2368 5185 sionem
2387 5171 2402 5196 ,
2436 5129 2539 5187 hoc
2565 5139 2684 5202 post
2709 5133 3178 5190 resurrectionem.
3222 5132 3333 5190 illic
3352 5150 3453 5191 nec
3478 5136 3539 5192 in
3562 5136 3761 5196 dexte-

2164 5235 2301 5289 ram,
2331 5235 2430 5276 nec
2454 5221 2506 5275 in
2528 5221 2823 5291 sinistram,
2855 5223 2950 5281 sed
2981 5232 3210 5291 tantum,
3245 5225 3434 5283 Mittite
3461 5229 3590 5284 retia
3618 5246 3641 5285 :
3663 5230 3763 5289 hic

2163 5320 2339 5375 autem
2365 5354 2381 5378 ,
2412 5310 2600 5369 Mittite
2627 5312 2681 5379 in
2707 5313 2985 5373 dexteram.
3031 5315 3110 5373 lbi
3132 5316 3311 5375 nullus
3334 5334 3591 5389 numerus
3609 5364 3628 5389 ,
3655 5324 3763 5379 sed

2162 5406 2280 5463 sola
2319 5407 2536 5478 copiosa
2562 5405 2844 5462 multitudo
2863 5448 2879 5475 ,
2921 5416 2980 5464 ut
3016 5408 3149 5466 duas
3188 5424 3351 5469 naves
3379 5426 3518 5484 pene
3544 5429 3765 5485 mergo-

2162 5506 2282 5565 ret;
2329 5513 2452 5553 nam
2496 5506 2552 5557 et
2597 5497 2699 5554 hoc
2725 5498 2925 5557 dictum
2968 5508 3050 5556 est
3090 5501 3161 5557 ibi
3190 5520 3205 5557 :
3234 5511 3320 5561 est
3362 5503 3450 5561 hic
3491 5513 3666 5563 autem
3694 5516 3767 5567 et

2164 5604 2453 5657 numerus,
2515 5599 2570 5647 et
2609 5589 2917 5665 magnitudo
2958 5591 3196 5662 piscium.
3249 5593 3452 5651 Deinde
3498 5596 3569 5651 ibi
3615 5596 3768 5659 retia

2163 5684 2569 5763 rumpebantur,
2620 5683 2707 5745 hic
2735 5683 2986 5757 pertinuit
3018 5683 3085 5739 ad
3115 5684 3506 5767 Evangelistam
3541 5687 3756 5763 dicere,

2167 5771 2236 5829 Et
2264 5789 2379 5837 cum
2423 5782 2527 5828 tam
2551 5774 2722 5847 magni
2768 5784 2930 5841 essent
2946 5815 2966 5848 ,
3010 5774 3135 5851 retia
3176 5792 3278 5837 non
3322 5787 3441 5849 sunt
3486 5777 3750 5853 disrupta.
