4070 6330
310 343 451 406 H73

312 457 580 531 Numquid
623 467 731 511 non
774 451 1014 510 videmus
1036 492 1052 519 ,
1097 448 1287 508 fratres
1307 487 1324 516 ,
1372 446 1593 505 verbum
1619 444 1715 503 Dei
1754 443 1886 499 retia

311 570 431 612 esse
454 594 470 621 ,
516 550 694 606 ethoc
734 546 987 602 malum
1014 558 1197 611 mare,
1238 550 1293 600 et
1330 554 1519 597 omnes
1551 538 1641 608 qui
1668 535 1896 592 credunt

314 647 454 703 intra
485 644 575 698 illa
600 642 734 697 retia
774 638 1006 694 includi?
1047 636 1105 692 Si
1145 635 1281 693 forte
1309 634 1429 705 quis
1466 631 1671 688 dubitat
1698 629 1799 685 hoc
1824 628 1896 683 si-

313 739 603 809 gniﬁcare,
633 732 873 789 attendat
899 732 1069 800 ipsum
1098 729 1380 788 Dominum
1407 727 1461 783 in
1507 725 1754 796 parabola
1795 722 1896 779 hoc

314 830 533 893 dixisse,
555 825 696 896 quod
722 825 775 879 in
796 821 1051 879 miraculo
1067 818 1317 881 ostendit.
1340 819 1428 877 Ait
1447 818 1587 877 enim
1618 835 1631 871 :
1671 834 1689 869 ι
1713 813 1898 871 Simile

315 929 399 976 est
421 932 639 991 regnum
661 917 916 973 caelorum
939 929 1148 985 sagena:
1163 913 1341 973 missae
1361 912 1414 969 in
1437 926 1606 977 mare,
1630 925 1749 981 quae
1770 923 1899 965 con-

318 1021 501 1084 gregat
529 1027 594 1066 ex
618 1011 761 1065 omni
783 1023 977 1080 genere
1000 1008 1248 1079 piscium.
1289 1007 1458 1073 Quam
1483 1046 1496 1071 ,
1534 1020 1654 1060 cum
1680 1003 1900 1074 impleta

318 1115 482 1171 esset,
513 1102 835 1169 educentes,
885 1107 1162 1157 traxerunt
1190 1099 1333 1155 illam
1360 1097 1427 1155 ad
1456 1097 1643 1161 littus;
1676 1103 1730 1154 et
1751 1094 1901 1165 juxta

316 1197 467 1254 littus
491 1197 737 1252 sedentes
763 1195 1039 1264 elegerunt
1066 1194 1235 1251 bonos
1262 1191 1314 1246 in
1340 1204 1461 1247 vasa
1480 1230 1494 1254 ,
1526 1189 1695 1245 malos
1721 1198 1901 1247 autem

318 1291 464 1344 foras
485 1289 762 1344 miserunt.
775 1304 779 1311 ·
793 1286 884 1343 Sic
902 1286 1003 1340 erit
1023 1285 1075 1340 in
1097 1284 1203 1340 ﬁne
1219 1282 1399 1341 εξεοωὶ
1419 1300 1432 1335 :
1455 1281 1672 1338 exibunt
1692 1278 1899 1349 Angeli,

323 1394 375 1438 et
394 1382 716 1452 separabunt
734 1381 903 1435 malos
927 1379 995 1434 de
1011 1378 1186 1442 medio
1203 1376 1490 1445 justorum,
1510 1381 1566 1430 et
1589 1372 1799 1431 mittent
1812 1384 1906 1429 eos

324 1476 377 1530 in
400 1474 671 1529 caminum
703 1472 839 1543 ignis
870 1489 884 1526 :
912 1471 986 1526 ibi
1014 1472 1116 1525 erit
1139 1469 1296 1525 ﬁctus
1320 1476 1376 1523 et
1394 1466 1592 1522 stridor
1618 1466 1855 1523 dentlum
1880 1484 1899 1517 ι

329 1568 541 1640 (Matth.
569 1582 664 1621 xm
689 1607 703 1633 ,
732 1564 949 1635 47-50).
1002 1565 1238 1634 Apparet
1280 1577 1406 1633 ergo
1453 1563 1661 1631 signum
1711 1560 1907 1617 habere

327 1660 489 1727 ﬁdei,
525 1659 656 1714 retia
686 1658 847 1713 missa
874 1658 927 1712 in
958 1672 1127 1712 mare.
1160 1657 1351 1711 Annon
1384 1665 1467 1710 est
1501 1670 1647 1710 mare
1682 1654 1783 1710 hoc
1808 1668 1908 1708 sa:-

327 1752 503 1807 culum
531 1792 546 1819 ,
594 1751 681 1805 ubi
721 1764 779 1804 se
830 1750 1055 1805 invicem
1084 1749 1327 1804 homines
1369 1748 1521 1818 quasi
1548 1750 1720 1818 pisces
1744 1747 1909 1802 devo-

330 1843 492 1897 rant?
556 1843 639 1897 An
698 1858 876 1912 parva:
933 1843 1185 1912 procella:
1236 1850 1291 1901 et
1346 1841 1540 1896 ﬂuctus
1605 1840 1911 1895 tentationis

328 1936 643 2004 perturbant
678 1934 781 1991 hoc
822 1934 1012 1989 mare?
1055 1935 1134 1988 An
1182 1948 1341 2003 parva
1382 1934 1619 2003 pericula
1656 1942 1781 1988 sunt
1819 1948 1912 1987 na-

328 2027 621 2097 vigantium
647 2069 661 2091 ,
694 2027 747 2081 id
772 2034 856 2082 est
878 2069 892 2095 ,
925 2027 977 2081 in
1008 2027 1152 2097 ligno
1180 2028 1355 2083 crucis
1382 2027 1610 2097 patriam
1639 2027 1912 2085 cmlestem

330 2118 722 2187 qumrentium?
765 2117 1190 2175 Manilestissima
1221 2133 1349 2187 ergo
1374 2117 1673 2177 similitudo
1702 2125 1804 2173 est.

400 2210 626 2266 CAPUT
652 2211 738 2266 Ill.
766 2242 837 2252 —
859 2211 910 2267 5.
938 2209 1055 2265 Duo
1082 2212 1302 2281 navigia,
1329 2211 1428 2264 duo
1449 2211 1649 2283 populi.
1675 2210 1916 2266 Submer—

331 2302 487 2357 sionis
515 2303 794 2373 perieulum
824 2318 886 2356 ea:
917 2303 1256 2356 multitudine.
1295 2302 1624 2357 Periclitatur
1650 2302 1790 2355 navis
1810 2301 1913 2354 Ju-

339 2394 585 2448 datorum.
619 2395 752 2449 Illud
780 2403 980 2449 tantum
1004 2394 1275 2449 videamus
1296 2437 1310 2460 ,
1347 2395 1536 2449 fratres
1562 2395 1709 2465 (quia
1739 2410 1919 2449 resur-

338 2489 507 2543 rectio
537 2489 744 2545 Domini
771 2504 958 2543 novam
985 2489 1145 2544 vitam
1175 2487 1436 2557 signiﬁcat
1455 2528 1469 2551 ,
1494 2503 1651 2557 quam
1690 2488 1915 2543 habebi-

340 2597 479 2646 mus,
510 2597 632 2637 cum
659 2582 758 2637 hoc
781 2583 1031 2639 smculnm
1055 2582 1379 2653 transierit),
1404 2582 1671 2653 quomodo
1693 2584 1917 2651 primum

341 2672 559 2727 verbum
584 2673 679 2727 Dei
707 2674 923 2726 missum
945 2680 1027 2727 est
1053 2673 1104 2726 in
1131 2672 1233 2727 hoc
1261 2687 1409 2727 mare
1428 2712 1441 2738 ,
1477 2672 1529 2726 id
1560 2681 1641 2727 est
1661 2714 1674 2736 ,
1705 2673 1755 2727 in
1780 2673 1923 2731 hunc

343 2767 619 2821 mundum.
672 2768 727 2823 In
754 2768 854 2823 hoc
880 2770 1133 2825 smculum
1164 2768 1413 2825 ﬂuetibus
1456 2769 1837 2832 turbulentum,
1871 2775 1925 2823 et

345 2860 747 2929 tempestatibus
789 2861 1151 2929 periculosum
1178 2900 1191 2922 ,
1224 2868 1279 2915 et
1308 2859 1593 2930 naufragiis
1616 2860 1922 2926 molestum,

346 2950 566 3003 missum
590 2959 671 3004 est
694 2951 912 3004 verbum
946 2952 1038 3006 Dei
1066 2994 1081 3017 ,
1119 2959 1171 3005 et
1194 2953 1334 3021 cepit
1358 2952 1553 3006 multos
1579 2992 1592 3015 ,
1625 2952 1694 3005 ita
1730 2959 1788 3005 ut
1820 2950 1925 3005 im-

348 3040 625 3109 plerentur
644 3041 749 3095 duo
776 3042 1003 3112 navigia.
1041 3043 1170 3109 Quae
1190 3052 1312 3097 sunt
1336 3043 1442 3097 duo
1471 3042 1710 3113 navigia?
1738 3041 1927 3111 Pepnli

345 3133 473 3186 duo.
514 3134 716 3200 Quibus
743 3136 954 3204 populis
983 3136 1210 3199 duobus,
1243 3143 1493 3206 tanquam
1524 3136 1730 3191 duobus
1756 3135 1928 3205 parie-

350 3225 487 3278 tibus
510 3225 642 3294 lapis
666 3226 933 3296 angularis
956 3226 1130 3281 factus
1151 3237 1232 3281 est
1262 3227 1520 3282 Dominus
1540 3269 1555 3295 ,
1588 3235 1646 3282 ut
1673 3242 1765 3283 cos
1790 3228 1842 3282 in
1869 3242 1929 3281 se

348 3320 693 3386 conjungerct
729 3332 791 3371 ex
820 3318 1035 3372 diverso
1069 3320 1343 3375 venientes
1368 3318 1584 3391 (Ep/tes.
1615 3336 1684 3383 ιι,
1715 3316 1924 3389 Ηοὲἳ).

351 3408 506 3467 Venit
548 3411 689 3465 enim
729 3412 952 3480 pepulus
991 3411 1292 3466 Judacorum
1342 3427 1412 3467 ex
1457 3413 1556 3465 alia
1603 3413 1759 3481 longe
1804 3426 1932 3466 con—

348 3503 631 3559 suetudine
660 3521 672 3556 :
702 3504 850 3559 venit
890 3512 1065 3557 autem
1110 3505 1333 3573 populus
1361 3504 1606 3563 Gentium
1646 3504 1714 3558 ab
1753 3504 1927 3561 idolis.

351 3592 510 3647 Venit
531 3609 593 3647 ex
637 3593 1038 3649 circumcisione
1065 3595 1288 3663 populus
1315 3594 1620 3649 Jndzcorum
1655 3613 1667 3647 :
1698 3594 1841 3649 venit
1866 3609 1930 3649 ex

354 3685 612 3753 praeputio
657 3686 884 3754 populus
925 3686 1192 3741 Gentium.
1241 3685 1319 3740 Ex
1364 3685 1577 3741 diverso
1622 3693 1930 3741 venerunt:

353 3776 447 3833 sed
487 3777 540 3829 in
580 3777 753 3845 lapide
800 3777 1035 3847 angulari
1078 3778 1388 3845 junguntur.
1450 3776 1731 3846 Nunquam
1783 3776 1927 3831 enim

355 3868 603 3936 angulum
644 3868 841 3922 faciunt
880 3869 1108 3938 parietes
1132 3909 1147 3933 ,
1197 3868 1361 3922 nisi-c
1404 3866 1613 3923 diverso
1638 3866 1929 3922 venientes.

358 3961 412 4015 lu
440 3961 651 4014 Christo
695 3975 822 4030 ergo
858 3960 1318 4015 concortlaverunt
1360 3958 1466 4013 duo
1507 3958 1684 4027 populi
1709 3999 1723 4023 ,
1762 3959 1935 4017 vocati

357 4068 425 4108 ex
448 4052 645 4107 Iudaeis
670 4053 757 4122 qui
789 4061 941 4106 crant
976 4067 1174 4121 prope,
1215 4060 1269 4107 et
1295 4068 1360 4107 ex
1389 4050 1646 4109 Gentibus
1673 4049 1759 4120 qui
1785 4058 1937 4105 erant

358 4145 533 4216 longe.
572 4145 703 4201 Nam
729 4147 850 4216 quia
873 4161 1038 4215 prope
1066 4152 1218 4200 erant
1244 4143 1415 4199 Judaei
1443 4143 1578 4215 (jam
1609 4143 1749 4198 enim
1773 4158 1936 4197 unum

359 4238 523 4292 Deum
565 4236 884 4309 colebant),
926 4238 1138 4307 quando
1175 4236 1514 4292 crediderunt
1556 4236 1607 4290 in
1646 4235 1932 4299 Christum.

359 4328 574 4383 attende
599 4328 724 4399 quid
755 4328 996 4383 fecerint.
1046 4327 1309 4398 Quidquid
1338 4327 1653 4393 habuerunt,
1684 4326 1936 4385 vendide-

359 4430 482 4473 runt
507 4460 520 4483 ,
555 4430 609 4474 et
669 4427 958 4489 posuerunt
1015 4421 1181 4489 pretia
1222 4420 1540 4490 praediorum
1571 4434 1787 4477 suorum
1814 4428 1939 4474 ante

358 4512 729 4579 Apostolorum
747 4512 909 4581 pedes
936 4532 949 4567 :
974 4512 1449 4569 etdistribuebatur
1469 4514 1767 4583 unicuique,
1786 4521 1941 4582 prout

358 4604 549 4672 cuique
597 4617 730 4671 opus
774 4612 887 4657 erat
931 4604 1065 4671 (Act.
1098 4621 1187 4670 iV,
1221 4606 1287 4660 3i
1317 4646 1331 4671 ,
1369 4604 1459 4678 55)
1538 4604 1773 4661 Liberati
1818 4612 1942 4663 sunt

359 4694 582 4746 sarcinis
621 4695 953 4762 negotiorum
980 4696 1310 4750 saecularium
1335 4736 1348 4759 ,
1396 4705 1451 4752 et
1480 4696 1684 4753 levibus
1705 4696 1940 4757 humeris

360 4785 530 4840 secuti
561 4791 685 4837 sunt
707 4784 975 4839 Christum
1007 4803 1019 4839 :
1050 4786 1395 4843 subdiderunt
1428 4786 1624 4841 collum
1658 4786 1784 4855 jugo
1809 4786 1937 4852 leni,

362 4888 415 4932 et
464 4877 842 4946 amplectentes
885 4876 1111 4946 lapidem
1155 4878 1459 4946 angularem
1508 4894 1572 4932 ex
1621 4879 1937 4947 propinquo,

363 4968 535 5037 pacati
561 4976 701 5022 sunt.
728 4967 883 5022 Venit
919 4976 1185 5025 autemet
1216 4968 1442 5038 populus
1466 4968 1712 5025 Gentium
1739 4985 1801 5022 ex
1826 4970 1941 5027 lon-

363 5062 591 5129 ginquo,
621 5069 673 5119 et
706 5060 819 5128 ipse
865 5059 1105 5128 pervenit
1133 5059 1199 5113 ad
1242 5059 1390 5115 illum
1428 5058 1656 5128 lapidem
1678 5100 1693 5123 ,
1727 5067 1780 5113 et
1816 5073 1943 5115 con-

368 5152 511 5205 venit
540 5152 589 5204 in
612 5166 759 5219 pace.
801 5150 937 5205 istos
961 5150 1094 5204 duos
1120 5151 1343 5219 populos
1369 5150 1666 5218 signiﬁcant
1692 5149 1810 5213 dum
1840 5150 1943 5211 illa:

363 5256 545 5297 naves.
578 5241 685 5296 Sed
723 5249 866 5295 tanta
908 5240 1247 5297 multitudine
1273 5241 1497 5312 piscium
1528 5240 1760 5311 impletae
1794 5249 1939 5307 sinit,

364 5342 421 5387 ut
450 5349 582 5402 pene
627 5339 1014 5403 mergerentur.
1068 5333 1317 5404 Legimus
1341 5334 1482 5388 enim
1513 5341 1568 5389 et
1602 5334 1741 5389 inter
1776 5333 1940 5403 ipsos,

365 5427 454 5497 qui
499 5426 566 5482 de
594 5426 791 5482 Judazis
828 5426 1202 5494 crediderant,
1248 5426 1515 5483 exstitisse
1539 5426 1806 5491 carnales,
1852 5425 1943 5493 qui

364 5532 667 5587 pressuram
706 5516 970 5573 faciebant
1005 5516 1291 5584 Ecclesia),
1342 5525 1395 5575 et
1421 5515 1770 5587 prohibebant
1794 5516 1941 5584 Apo-

364 5608 531 5663 stotos
550 5607 812 5665 Euntibus
846 5610 987 5680 loqui
1012 5609 1351 5680 Evangelium
1373 5649 1389 5677 ,
1418 5608 1658 5664 dicentes
1674 5646 1692 5675 ,
1724 5607 1840 5663 Non
1860 5615 1943 5673 est

362 5699 559 5755 missus
581 5699 823 5756 Christus
856 5700 958 5757 nisi
988 5701 1315 5765 circumcisis
1340 5719 1357 5755 :
1390 5707 1447 5755 ut
1473 5700 1520 5759 si
1551 5699 1747 5757 vellent
1765 5698 1942 5757 Evan-

358 5791 559 5862 getinm
582 5792 826 5861 accipere
847 5793 1067 5860 Gentes,
1085 5791 1609 5855 circumeidercntur.
1637 5788 1790 5851 Unde
1815 5804 1941 5865 apo-

1702 328 1934 395 SERMO
1967 328 2163 397 66L".

3444 328 3581 405 aut

2018 442 2186 503 stolus
2215 439 2408 503 Paulus
2437 441 2630 498 missus
2663 440 2728 509 ad
2764 440 2961 513 Gentes
2984 482 2998 507 ,
3041 440 3255 509 odiosus
3296 442 3374 498 eis
3411 442 3582 509 factus

2002 543 2115 591 erat
2167 549 2348 597 verum
2403 534 2722 613 prmdicans,
2772 533 2860 605 qui
2909 534 2976 589 de
3021 533 3202 588 Judaca
3249 533 3585 607 crediderant

2004 625 2202 697 (Galat.
2234 642 2319 693 tv,
2353 624 2461 700 16).
2516 626 2736 682 Volebat
2772 626 2913 697 enim
2953 627 3270 701 Apostolus,
3314 636 3370 683 ut
3410 644 3475 684 ex
3504 628 3587 684 di-

2004 732 2161 775 verso
2192 718 2408 785 veniens
2431 720 2653 789 populus
2693 716 2959 783 Gentium,
2989 712 3164 773 tamen
3199 720 3445 790 angulum
3470 730 3587 776 tan-

2004 819 2182 881 geret,
2212 810 2302 864 ubi
2327 810 2474 865 ﬁrma
2500 826 2600 881 pax
2630 818 2759 879 erat.
2788 810 3043 865 Carnales
3062 826 3189 881 ergo
3217 810 3290 865 illi
3317 813 3586 883 exigentes

2008 902 2467 967 circumcisioncm
2489 944 2503 970 ,
2543 917 2647 955 non
2678 903 3013 972 pertinebant
3036 903 3101 957 ad
3129 920 3405 959 numerum
3431 906 3589 976 spiri-

2010 996 2231 1053 tualium
2264 1014 2276 1049 :
2309 1009 2478 1065 neque
2518 994 2621 1065 jam
2650 994 2899 1055 videbant
2931 997 3207 1051 transactis
3243 986 3589 1054 sacramentis

2009 1087 2314 1143 carnalibus
2342 1084 2552 1141 venisse
2572 1085 2718 1141 illum
2746 1129 2759 1150 ,
2794 1086 2943 1156 cujus
2968 1088 3221 1167 praesenti
3245 1088 3361 1145 luce
3388 1090 3588 1161 umbra:

2009 1180 2337 1252 rogarentur.
2387 1184 2589 1255 Tamen
2630 1183 2751 1255 quia
2793 1182 3078 1241 seditiones
3114 1183 3409 1250 faciebant,
3439 1183 3591 1261 quasi

2012 1276 2349 1343 multitudine
2380 1292 2474 1331 sua
2513 1276 2828 1346 mergebant
2866 1292 3074 1330 navem.

2082 1365 2307 1427 CAPUT
2344 1366 2431 1431 IV.
2460 1398 2532 1407 ——
2557 1368 2608 1422 4.
2641 1367 2801 1421 Navis
2828 1365 3076 1422 Gentium.
3107 1368 3251 1423 Retia
3271 1376 3421 1439 rupta
3442 1412 3456 1436 ,
3482 1369 3590 1441 Ita:—

2011 1474 2143 1513 reses
2170 1467 2215 1519 et
2243 1459 2533 1523 schismata.
2559 1458 2906 1523 Attendamus
2921 1458 3078 1512 etiam
3110 1475 3298 1515 navem
3319 1452 3588 1521 Gentium.

2014 1550 2298 1609 Videamus
2345 1553 2389 1611 si
2435 1568 2536 1609 non
2593 1562 2733 1607 tanta
2803 1551 3082 1606 multitudo
3153 1552 3373 1623 collecta
3408 1562 3490 1611 est
3536 1554 3588 1607 in

2014 1641 2345 1719 Ecclesium,
2393 1653 2450 1714 ut
2504 1645 2591 1698 vix
2639 1643 2711 1698 ibi
2774 1651 3063 1715 appareant
3123 1658 3285 1713 grana
3343 1643 3594 1720 frumenti

2015 1732 2069 1803 in
2101 1742 2207 1793 tam
2252 1735 2418 1791 multo
2462 1751 2686 1804 numero
2739 1735 3032 1813 palearum.
3078 1733 3246 1804 Quam
3301 1736 3452 1810 multi
3511 1751 3598 1809 ra:

2016 1832 2216 1895 plores,
2271 1843 2424 1901 quam
2466 1828 2614 1889 multi
2645 1828 2871 1894 ebriosi,
2914 1842 3070 1897 quam
3118 1826 3270 1881 multi
3322 1827 3595 1901 maledici,

2017 1932 2173 1987 quam
2225 1919 2378 1973 multi
2428 1929 2753 1991 spectatores
2810 1919 3167 1975 theatrorum!
3233 1920 3420 1975 Nonne
3495 1920 3596 1991 ipsi

2019 2006 2237 2079 implent
2289 2008 2574 2073 ecclesias,
2619 2008 2707 2080 qui
2756 2007 2979 2079 implent
3023 2020 3076 2063 et
3122 2008 3363 2073 theatra?
3407 2011 3473 2077 Et
3523 2019 3601 2065 ta-

2021 2098 2090 2155 lia
2120 2100 2428 2173 plerumque
2459 2099 2807 2165 seditionibus
2835 2108 3076 2170 quaerunt
3102 2101 3155 2155 in
3181 2100 3441 2170 ecclesiis,
3474 2117 3603 2172 qua-

2021 2192 2091 2247 lia
2118 2192 2289 2263 solcnt
2322 2193 2371 2246 in
2406 2192 2652 2247 theatris.
2685 2193 2751 2257 Et
2776 2194 3087 2265 plerumque
3122 2193 3165 2250 si
3207 2194 3404 2269 aliquid
3442 2195 3600 2269 Spiri-

2024 2286 2234 2353 tualiter
2265 2286 2471 2351 dicatur
2496 2296 2585 2340 aut
2608 2286 2872 2357 jubcatur,
2926 2290 3216 2355 resistunt,
3254 2288 3600 2353 reluctantur,

2024 2385 2307 2448 sequentes
2333 2394 2566 2445 carnem,
2596 2386 2954 2448 repugnantes
2975 2380 3194 2460 Spiritui
3226 2389 3431 2435 sancto.
3454 2379 3606 2435 Unde

2024 2470 2236 2529 Judacos
2264 2487 2473 2545 quoque
2517 2470 2818 2542 Stephanus
2860 2470 3145 2529 accusabat
3179 2470 3320 2545 (Act.
3352 2488 3457 2543 vn,
3490 2473 3601 2543 51).

2026 2561 2082 2617 In
2112 2564 2207 2619 ista
2236 2563 2469 2629 civitate,
2504 2562 2693 2627 fratres
2720 2564 2860 2633 mei,
2902 2579 3080 2635 nonne
3132 2564 3337 2635 experti
3386 2578 3601 2635 sumus,

2027 2654 2167 2726 quod
2194 2654 2501 2709 recordatur
2528 2655 2801 2709 nobiscum
2834 2654 3098 2721 Sanctitas
3139 2662 3315 2725 vestra
3337 2696 3351 2725 ,
3403 2665 3607 2726 quanto

2028 2746 2263 2816 periculo
2289 2754 2469 2801 nostro
2509 2746 2576 2801 de
2614 2748 2710 2801 ista
2742 2746 2961 2815 basilica
3005 2747 3339 2819 ebriositates
3389 2747 3610 2819 expule-

2030 2836 2100 2891 rit
2124 2836 2263 2891 Deus
2295 2835 2408 2908 (a)?
2438 2836 2627 2905 Nonne
2664 2836 2923 2899 seditione
2963 2837 3252 2907 carnalium
3294 2851 3428 2906 pene
3466 2853 3610 2902 mer-

2030 2927 2252 2997 gebatur
2272 2929 2547 2998 nobiscum
2576 2926 2759 2993 navis?
2784 2927 2936 2996 Unde
2964 2926 3094 3011 hoc,
3140 2927 3240 2997 nisi
3271 2924 3338 2982 de
3372 2927 3464 2981 illo
3511 2944 3611 2995 nu-

2031 3035 2182 3073 mero
2210 3019 2432 3089 piscium
2474 3018 2881 3085 innumerabili?
2928 3018 3128 3089 Deinde
3168 3019 3327 3072 etiam
3370 3018 3498 3075 illud
3541 3018 3614 3093 ibi

2033 3110 2228 3165 dictum
2252 3120 2349 3177 est,
2383 3112 2503 3183 quia
2530 3112 2658 3165 retia
2682 3110 3085 3182 rumpebantur.
3112 3111 3371 3183 Disruptis
3388 3112 3611 3185 retibus,

2033 3202 2267 3259 hatrescs
2289 3212 2341 3257 et
2369 3205 2653 3259 schismata
2684 3203 2819 3267 facta
2864 3214 3005 3258 sunt.
3057 3203 3206 3271 Retia
3246 3206 3457 3277 quidem
3497 3221 3615 3279 oms-

2034 3310 2129 3350 nes
2166 3294 2493 3349 concludunt
2545 3312 2557 3347 :
2607 3295 2699 3348 sed
2748 3295 3084 3375 impatientes
3122 3296 3329 3387 pisces,
3375 3297 3616 3365 nolentes

2036 3386 2217 3457 venire
2244 3384 2307 3438 ad
2337 3385 2513 3439 cibum
2543 3385 2789 3463 Domini,
2825 3386 2911 3459 ubi
2943 3384 3184 3459 possunt,
3219 3387 3520 3465 impingunt
3536 3403 3613 3455 se,

2038 3483 2091 3543 et
2116 3484 2389 3555 rumpunt,
2425 3483 2479 3541 et
2502 3484 2715 3547 exciuit.
2754 3474 2820 3530 Et
2857 3477 2987 3531 retia
3038 3477 3249 3549 quidem
3281 3478 3369 3533 illa
3401 3496 3493 3550 per
3534 3490 3621 3535 to—

2037 3572 2147 3635 tum
2172 3565 2539 3637 cxpanduntur
2569 3583 2581 3617 :
2610 3566 2697 3635 qui
2726 3575 2978 3647 rumpunt
3003 3577 3199 3637 autem,
3232 3582 3324 3639 per
3347 3568 3456 3629 loca
3476 3585 3621 3641 rum-

2040 3665 2191 3727 punt.
2225 3655 2514 3713 Donatistae
2544 3666 2800 3733 ruperunt
2832 3656 2882 3727 in
2910 3656 3118 3723 Africa,
3146 3657 3324 3714 Ariani
3368 3669 3622 3739 ruperunt

2039 3750 2091 3825 ip
2123 3748 2373 3833 1E3ypto,
2411 3748 2711 3815 Photiuiani
2745 3748 3073 3819 ruperuntin
3124 3750 3417 3823 Pannonia,
3460 3750 3619 3805 Cata-

2040 3840 2271 3925 phryges
2299 3850 2552 3913 ruperunt
2580 3839 2630 3893 in
2658 3839 2883 3910 Phrygia
2903 3881 2916 3902 ,
2966 3834 3241 3913 Manichmi
3264 3850 3523 3925 ruperunt
3564 3842 3619 3915 ip

2040 3932 2275 4005 Perside.
2306 3932 2443 4003 Quot
2474 3932 2603 3987 locis
2626 3947 2816 4002 sagena
2849 3932 2935 4003 illa
2963 3930 3199 4004 disrupta
3224 3932 3338 3986 est?
3363 3932 3427 3986 Et
3448 3941 3621 4007 tamen

2042 4038 2175 4092 quies
2198 4022 2437 4086 includit,
2464 4022 2705 4092 perducit
2746 4021 2812 4075 ad
2858 4021 3021 4075 littus.
3074 4020 3322 4095 Perducit
3372 4022 3619 4095 quidem,

2043 4114 2135 4170 sed
2166 4116 2422 4191 uaniquid
2449 4117 2535 4186 qui
2564 4124 2817 4186 ruperunt
2843 4114 3222 4183 retia?0mnes
3236 4115 3359 4173 mali
3379 4116 3619 4183 exeunti.

2043 4206 2156 4262 Non
2187 4192 2402 4278 quidem
2440 4216 2666 4277 exeunt,
2698 4206 2798 4260 nisi
2830 4206 2953 4261 mali
2995 4224 3007 4259 :
3058 4214 3335 4275 remanent
3371 4214 3545 4279 autem
3572 4216 3627 4261 et

2045 4297 2170 4365 boui
2198 4309 2247 4352 et
2278 4298 2423 4352 mali.
2468 4297 2599 4352 Nam
2631 4296 2769 4352 unde
2813 4296 3119 4368 perducitur
3146 4311 3337 4377 sagena
3368 4296 3435 4355 ad
3481 4297 3626 4367 littus

2045 4404 2165 4445 cum
2193 4391 2424 4461 piscibus
2444 4400 2497 4459 et
2522 4391 2675 4463 bonis
2704 4399 2757 4461 et
2778 4390 2950 4467 malis,
2981 4389 3049 4461 de
3075 4390 3250 4465 quain
3282 4390 3527 4479 parabole
3551 4380 3630 4465 lo-

2046 4492 2199 4537 cutus
2221 4492 2300 4551 est
2331 4484 2626 4547 Dominus?
3254 4542 3255 4547 η

2118 4572 2341 4629 CAPUT
2386 4572 2590 4629 V.—5.
2608 4572 2673 4627 In
2692 4590 2811 4627 area
2841 4572 3044 4629 Domini
3071 4575 3219 4647 palea
3234 4590 3427 4646 semper
3452 4572 3631 4647 aliqua

2047 4684 2161 4739 cum
2200 4674 2471 4739 frumento.
2527 4666 2667 4725 Venti
2697 4664 2871 4745 paleas
2905 4667 2971 4721 ad
3014 4683 3185 4720 aream
3231 4668 3431 4737 reﬂant.
3482 4666 3631 4739 Hanc

2048 4762 2188 4817 enim
2219 4759 2621 4833 similitudinem
2654 4759 2815 4816 habet
2836 4760 2996 4833 etiam
3017 4774 3160 4831 area,
3184 4773 3304 4829 cum
3332 4759 3626 4833 trituretur.

2050 4858 2148 4927 Est
2176 4857 2349 4929 palea,
2386 4866 2508 4927 sunt
2534 4856 2795 4927 frumenta
2827 4874 2839 4909 :
2872 4856 2964 4910 sed
3002 4864 3175 4915 tamen
3221 4855 3307 4931 qui
3351 4856 3632 4927 attendunt

2049 4962 2247 5015 aream,
2298 4946 2512 5013 difﬁcile
2539 4948 2719 5013 vident
2758 4948 2855 5001 nisi
2899 4948 3120 5017 paleam.
3168 4947 3445 5021 Diligentia
3495 4964 3631 5031 opus

2048 5045 2213 5091 estut
2242 5036 2505 5105 frumenta
2558 5039 2609 5093 in
2661 5038 2809 5121 palea
2857 5039 3209 5107 inveniantur.
3246 5037 3401 5115 Venti
3452 5048 3629 5097 alitem

2048 5130 2275 5203 perﬂant
2307 5130 2540 5201 undique
2561 5147 2760 5205 aream.
2789 5131 2991 5199 Etcum
3022 5130 3315 5209 trituratur,
3345 5140 3628 5211 antequam

2050 5221 2352 5294 subrigatur
2390 5231 2447 5277 ut
2479 5224 2646 5293 possit
2686 5222 2947 5293 ventilari,
2993 5223 3247 5293 numquid
3283 5240 3389 5295 non
3433 5225 3631 5303 patitur

2048 5317 2273 5373 ventos?
2296 5313 2498 5385 ventus
2526 5314 2617 5387 ﬂat
2642 5330 2706 5369 ex
2729 5313 2827 5368 hac
2850 5321 2999 5387 parte
3021 5355 3036 5379 ,
3063 5314 3210 5387 verbi
3257 5315 3458 5387 gratia,
3492 5316 3631 5372 tollit

2050 5405 2227 5487 paleas
2252 5423 2264 5461 :
2292 5405 2416 5475 inde
2447 5420 2629 5461 rursus
2658 5404 2767 5474 ﬂat,
2798 5403 2936 5459 tollit
2954 5403 3021 5479 ad
3056 5404 3274 5475 alteram
3323 5414 3551 5476 partem.
3580 5406 3628 5462 Α

2050 5512 2379 5569 quacumque
2410 5505 2557 5568 parte
2582 5496 2716 5565 tollit
2744 5496 2951 5567 paleas,
2978 5505 3029 5553 ct
3052 5497 3212 5569 mittit
3235 5498 3287 5555 in
3326 5512 3545 5573 sepem,
3572 5506 3630 5555 et

2113 5616 2280 5674 ηδε,
2305 5612 2397 5664 sed
2427 5612 2661 5685 numquid
2695 5617 3010 5691 carruperunt
3040 5612 3175 5677 (vel,
3200 5612 3532 5732 gmw
3552 5624 3637 5728 fg

2113 5692 2116 5722 :
2136 5674 2158 5727 ?
2173 5686 2341 5725 omnes
2356 5673 2469 5727 mali
2488 5681 2678 5725 exeunt.
2698 5672 2893 5732 Videtur
2906 5673 3170 5732 legendum
3185 5689 3272 5732 Sic.

2073 5674 2085 5687 ο
2113 5624 2131 5655 ι
2151 5624 2280 5674 11198.,
2305 5624 2395 5664 sea
2427 5624 2661 5685 numquid
2695 5624 3010 5686 corruperunt
3040 5624 3175 5677 (vet,
3200 5624 3532 5732 CNW)
3552 5625 3581 5666 r

2049 5682 2116 5727 tta
2136 5674 2158 5727 ?
2173 5686 2341 5737 omnes
2356 5673 2678 5749 ntalt‘exeunt.
2698 5672 2893 5749 videtur
2906 5673 3170 5749 legendum
3185 5678 3272 5749 sic,
3396 5624 3631 5743 mancus

2051 5752 2159 5789 cum
2176 5743 2400 5849 rumpunt
2416 5738 2553 5797 retia,
2568 5751 2730 5793 anates
2756 5737 2871 5787 mali
2884 5736 3097 5790 caseum?
3256 5736 3265 5749 ’
3348 5748 3349 5751 ‘

2113 5801 2184 5849 (α)
2206 5802 2261 5849 Vi
2295 5816 2321 5849 c
2347 5803 2593 5849 Augustini
2615 5804 2758 5849 edat.
2782 5800 2842 5849 “22
2862 5807 2916 5849 et
2938 5800 3013 5849 29.

2113 5801 2184 5863 (α)
2206 5800 2321 5855 vide
2347 5803 2593 5865 Augustini
2615 5804 2758 5867 epist.
2782 5800 2842 5859 29
2862 5807 2916 5859 et
2938 5800 3013 5851 29.
