4056 6434
507 371 651 429 1175

509 498 568 553 in
599 495 798 564 spinas,
836 499 892 547 et
933 488 1186 561 quolibet.
1229 485 1348 542 Non
1389 488 1564 556 potest
1609 481 1930 537 frumentum
1978 476 2103 532 inde

511 589 697 643 tollere
724 599 741 637 :
771 598 879 639 non
908 581 1251 637 tollitventus
1281 577 1382 633 nisi
1408 575 1607 647 paleas.
1639 573 1755 631 Sed,
1772 583 1949 627 tamen
1978 585 2097 625 cum

509 677 730 733 tulerint
754 673 988 743 undique
1006 670 1198 725 ﬂantes
1222 667 1367 724 venti
1392 666 1600 738 paleas,
1629 661 1884 734 numquid
1926 661 2099 716 solum

508 748 743 828 triticum
765 772 818 825 in
843 750 977 824 area;
1002 765 1330 823 remanebit?
1354 764 1471 820 Non
1514 761 1638 817 inde
1676 761 1717 815 it
1760 758 1860 814 nisi
1897 756 2048 827 palea
2081 771 2095 808 :

506 871 755 920 remanet
802 871 981 916 autem
1019 869 1075 916 et
1120 859 1271 930 palea
1310 866 1364 913 et
1400 855 1751 911 frumentum.
1795 848 2018 919 Quando
2057 846 2099 901 it

504 948 895 1023 omnis‘palea?
916 951 1140 1019 Quando
1161 949 1367 1004 venerit
1400 947 1655 1002 Dominus
1696 943 1878 998 ferens
1919 939 2091 994 venti-

503 1046 718 1104 labrum
746 1046 797 1100 in
828 1061 990 1101 manu
1018 1060 1135 1112 sua,
1164 1053 1219 1099 et
1243 1041 1517 1097 mundabit
1538 1055 1717 1095 aream
1752 1051 1902 1093 suam
1928 1075 1945 1101 ,
1984 1035 2096 1088 fru-

501 1122 686 1193 menta
715 1136 972 1192 recondet
1014 1137 1066 1190 in
1106 1135 1389 1201 horreum,
1421 1133 1625 1204 paleam
1663 1140 1840 1185 autem
1879 1127 2098 1183 combu-

501 1238 587 1283 ret
608 1228 713 1300 igni
741 1226 1155 1303 inexstinguihili
1181 1226 1391 1299 (Matth.
1424 1241 1503 1292 ιιι,
1537 1224 1651 1295 12).
1685 1222 1873 1278 Melius
1920 1222 2096 1276 inten-

502 1320 597 1376 dat
640 1319 909 1397 Sanctitas
959 1328 1134 1374 vestra
1177 1317 1302 1389 quid
1352 1317 1545 1372 dicam.
1596 1313 1895 1385 Aliquando
1950 1312 2092 1367 enim

504 1396 653 1470 venti
673 1396 764 1484 qui
794 1414 986 1467 tollunt
1006 1412 1211 1482 paleam
1238 1410 1305 1466 de
1332 1424 1478 1475 area,
1504 1408 1694 1465 iterum
1730 1405 1861 1461 ﬁant
1896 1420 1927 1460 a
1966 1419 2093 1474 sepe

501 1505 597 1561 ubi
621 1503 850 1560 haeserat
879 1504 1049 1574 palea,
1077 1512 1133 1558 et
1156 1517 1274 1558 eam
1299 1507 1553 1557 revocant
1581 1500 1635 1554 in
1659 1513 1859 1553 aream.
1909 1496 2090 1563 Sicut,

501 1596 654 1653 verbi
682 1597 873 1667 gratia,
903 1594 1083 1666 nescio
1112 1594 1232 1664 quis
1259 1594 1419 1648 homo
1446 1592 1501 1646 in
1539 1590 1808 1647 Catholica
1832 1588 2092 1643 constitu-

500 1695 609 1753 tus,
646 1702 834 1758 passus
858 1695 939 1742 est
958 1685 1190 1757 aliquam
1213 1684 1557 1740 tentationem
1580 1680 1963 1736 tribulationis.
2001 1677 2094 1732 Vi-

506 1778 589 1835 dit
612 1778 713 1835 sibi
734 1779 1016 1834 carnaliter
1043 1777 1313 1833 subveniri
1343 1775 1574 1846 possein
1596 1777 1809 1845 negotio
1828 1786 1925 1827 suo
1952 1770 2093 1841 apud

499 1870 806 1928 Donatistas
835 1887 847 1923 :
876 1869 1079 1925 dictum
1103 1878 1187 1924 est
1207 1868 1303 1936 illi,
1333 1866 1451 1922 Non
1472 1865 1567 1923 tibi
1595 1865 1962 1928 subvenietur,
1986 1863 2086 1918 nisi

499 1962 591 2019 hic
614 1946 1040 2019 communicaris.
1072 1960 1243 2016 Flavit
1267 1968 1457 2016 ventus
1477 2001 1491 2024 ,
1528 1958 1751 2029 projecit
1790 1958 1844 2011 in
1879 1957 2083 2027 Spinas.

498 2051 560 2109 Si
598 2053 870 2124 contingat
908 2053 981 2107 illi
1023 2052 1295 2124 negotium
1333 2049 1534 2105 habere
1556 2060 1559 2061 '
1582 2048 1836 2104 saaculare
1882 2062 2089 2113 rursus,

499 2143 645 2215 quod
674 2160 779 2199 non
805 2143 975 2215 possit
995 2142 1134 2198 ﬁniri
1162 2142 1264 2197 nisi
1288 2141 1341 2196 in
1369 2141 1609 2197 Ecclesia
1645 2139 1902 2195 catholica
1925 2180 1942 2206 ,
1984 2154 2092 2194 non

499 2236 784 2293 attendens
809 2237 897 2292 ubi
929 2222 1017 2304 sit,
1048 2235 1144 2291 sed
1170 2234 1496 2313 ubinegotia
1521 2248 1614 2289 sua
1641 2232 1974 2288 commodius
1994 2247 2091 2287 cx-

498 2328 685 2401 plicet,
708 2329 856 2399 quasi
878 2327 1039 2383 ﬂante
1066 2336 1227 2384 vento
1251 2326 1320 2381 ab
1347 2326 1515 2382 altera
1538 2332 1686 2395 parte
1723 2324 1888 2394 scpis,
1939 2338 2093 2379 revo-

498 2429 654 2474 catur
678 2420 745 2474 ad
767 2436 947 2476 aream
971 2420 1203 2476 Domini.

522 2510 525 2515 ’
572 2508 799 2567 CAPUT
842 2510 1001 2565 Vl.—
1021 2513 1075 2567 6.
1095 2511 1337 2567 Carnalia
1357 2520 1662 2583 quaerentes,
1686 2511 1788 2565 sive
1813 2510 1913 2563 sint
1936 2509 2092 2576 intra,

500 2602 604 2657 sive
629 2603 775 2673 foris,
802 2603 949 2673 palea
971 2610 1112 2658 sunt.
1134 2600 1299 2657 Pelea
1319 2610 1479 2674 potest
1503 2601 1615 2671 ﬁeri
1652 2605 1977 2673 frumentum.
2006 2600 2095 2654 lsti

500 2678 651 2763 ergo,
686 2692 914 2762 fratres,
938 2694 1027 2764 qui
1056 2694 1288 2750 carnalia
1328 2702 1573 2765 quaerunt
1622 2693 1674 2747 in
1725 2692 1963 2748 Ecclesia
1988 2733 2002 2757 ,
2043 2700 2097 2745 et

498 2798 610 2838 non
631 2783 731 2838 sibi
760 2791 1068 2855 proponunt
1110 2784 1235 2855 quid
1273 2785 1547 2855 promittat
1590 2784 1733 2839 Deus
1775 2799 1789 2835 :
1833 2784 1955 2854 quia
2009 2780 2096 2837 hic

501 2866 637 2935 sunt
668 2879 1012 2946 tentationes,
1046 2879 1299 2949 pericula,
1332 2878 1704 2943 difﬁcultates;
1732 2885 1854 2948 post
1882 2885 2094 2944 tempo-

499 2956 646 3025 rales
665 2979 841 3023 autem
871 2968 1105 3037 labores,
1134 2970 1376 3039 requiem
1406 2968 1785 3039 sempiternam
1808 2966 2089 3038 promittit,

502 3060 906 3129 etAngelorum
943 3070 1250 3116 sanctorum
1283 3061 1592 3117 societatem
1635 3078 1650 3116 :
1703 3061 1919 3116 sibimet
1965 3075 2094 3130 ergo

503 3148 607 3206 ista
638 3164 744 3206 non
774 3160 1171 3221 proponentes,
1212 3152 1308 3208 sed
1351 3154 1581 3207 carnalia
1627 3152 1992 3207 desiderantes
2041 3153 2094 3206 in

503 3242 765 3308 Ecclesia,
798 3243 908 3297 sive
936 3245 1043 3299 sint
1072 3245 1124 3298 in
1152 3258 1295 3310 area,
1328 3243 1440 3300 sive
1460 3244 1568 3299 sint
1591 3243 1742 3311 foris,
1776 3244 1926 3314 palea
1949 3254 2091 3298 sunt.

504 3335 615 3391 Nec
635 3334 700 3389 ad
724 3333 844 3388 illos
873 3334 1025 3391 valde
1047 3334 1361 3406 gaudemus,
1391 3350 1490 3391 nec
1511 3336 1787 3406 palpamus
1807 3350 1900 3390 eos
1940 3336 2093 3390 vanis

507 3426 922 3483 adulationibus.
962 3427 1170 3482 Bonum
1206 3435 1292 3483 est
1319 3426 1423 3482 illis
1472 3435 1533 3481 ut
1570 3427 1700 3481 ﬁant
1745 3426 2089 3482 frumentum.

502 3517 621 3575 Hoc
641 3517 783 3572 enim
821 3518 1043 3573 interest
1084 3518 1223 3573 inter
1268 3518 1387 3573 illas
1416 3532 1572 3574 veras
1619 3518 1817 3588 paleas,
1861 3526 1916 3573 et
1962 3518 2095 3574 istos

502 3610 748 3665 carnales
772 3608 1037 3677 homines,
1064 3613 1189 3680 quia
1224 3609 1392 3680 palea:
1421 3609 1529 3664 illa:
1570 3625 1676 3665 non
1720 3609 1918 3665 habent
1962 3609 2095 3666 libe-

500 3715 625 3759 rum
650 3700 957 3769 arbitrium,
981 3700 1183 3757 homini
1211 3711 1389 3757 autem
1422 3702 1565 3758 Deus
1584 3701 1730 3756 dedit
1758 3702 1983 3757 liberum
2007 3717 2096 3756 ar-

502 3792 754 3850 bitrium.
786 3791 855 3847 Et
879 3794 924 3847 si
951 3793 1063 3849 vult
1090 3792 1274 3861 homo,
1302 3792 1419 3849 heri
1457 3792 1556 3848 fuit
1594 3794 1779 3864 palea,
1824 3793 1983 3848 hodie
2034 3793 2095 3847 ﬁt

494 3872 833 3942 frumentum
864 3902 877 3939 :
907 3886 952 3941 si
981 3902 1012 3941 a
1042 3887 1207 3942 verbo
1236 3886 1331 3942 Dei
1360 3901 1421 3942 se
1448 3894 1674 3951 avertat,
1699 3884 1860 3941 hodie
1901 3885 1961 3940 ﬁt
1999 3900 2094 3956 pa-

502 3975 608 4032 lea.
640 3978 707 4032 Et
731 3993 839 4032 non
863 3987 945 4034 est
970 3977 1347 4049 quaerendum,
1384 3977 1487 4035 nisi
1524 3978 1708 4049 quales
1746 3978 1980 4034 inveniat
2019 3978 2094 4033 ul-

509 4068 639 4123 tima
663 4068 956 4125 ventilatio.

487 4156 495 4221 ξ
578 4159 804 4216 CAPUT
845 4161 954 4215 VII.
976 4192 1050 4201 —
1082 4162 1135 4215 7.
1169 4160 1399 4216 Ecclesia
1422 4171 1533 4232 post
1553 4163 1964 4217 resurrectionem
1990 4180 2090 4219 non

502 4252 606 4307 nisi
634 4251 788 4307 bonos
808 4252 1039 4307 habitura
1066 4254 1400 4325 signiﬁcatur.
1427 4253 1700 4309 Attendite
1715 4253 1847 4325 jam,
1876 4254 2083 4321 fratres,

477 4342 667 4420 ~etiam
697 4343 844 4399 illam
871 4345 1161 4400 Ecclesiam
1190 4345 1420 4410 beatam,
1453 4345 1729 4417 mysticam
1749 4387 1763 4412 ,
1816 4361 2083 4416 magnam,

499 4447 663 4505 quam
706 4433 1003 4504 signiﬁcant
1051 4444 1263 4491 centum
1316 4435 1706 4507 lquinquaginta
1747 4446 1853 4492 tres
1890 4437 2084 4507 pisces.

499 4521 607 4580 Ista
633 4525 775 4580 enim
805 4525 977 4595 qualis
998 4526 1085 4591 sit,
1115 4526 1431 4594 audivimus,
1454 4536 1510 4582 et
1543 4528 1787 4581 novimus
1808 4570 1824 4595 ,
1853 4536 1906 4582 et
1942 4528 2089 4583 vide-

476 4612 623 4672 5mus
648 4635 662 4672 :
688 4617 777 4672 illa
802 4626 980 4671 autem
1018 4617 1190 4688 qualis
1236 4617 1410 4672 futura
1437 4617 1525 4686 sit,
1550 4619 1601 4673 in
1629 4619 1903 4688 prOphetia
1933 4619 2085 4675 nobis

498 4717 616 4775 est;
644 4706 739 4765 sed
781 4709 955 4764 adhuc
994 4710 1230 4764 nondum
1270 4710 1510 4779 pervenit
1547 4711 1929 4780 experimento.
1979 4710 2084 4766 Sed

498 4808 680 4857 tamen
708 4802 831 4858 licet
856 4802 922 4858 de
956 4801 1131 4857 futura
1179 4802 1432 4874 gaudere,
1482 4803 1722 4873 quamvis
1763 4814 2082 4872 praesentem

495 4894 736 4951 nondum
762 4894 1055 4951 videamus.
1085 4894 1243 4950 Missa
1273 4881 1399 4950 sntit
1426 4902 1555 4950 tunc
1576 4895 1731 4962 retia,
1757 4909 1856 4950 nec
1878 4895 1933 4951 in
1957 4895 2085 4950 dex-

496 4994 693 5055 teram,
717 5003 816 5043 nec
842 4988 897 5043 in
918 4988 1224 5044 sinistram:
1251 4998 1468 5058 captura
1490 4989 1632 5044 enim
1660 4998 1811 5045 erant
1835 4999 1887 5045 et
1914 4991 2084 5045 honos

496 5086 556 5135 et
574 5080 766 5135 malos.
795 5078 851 5135 Si
889 5080 1031 5135 enim
1073 5080 1357 5145 diceretur,
1401 5080 1460 5134 ln
1501 5079 1811 5146 dexteram;
1852 5094 1958 5135 non
2011 5080 2082 5135 ibi

494 5170 924 5243 intelligerentur
948 5172 1072 5227 mali
1105 5189 1118 5226 :
1148 5172 1193 5228 si
1213 5172 1500 5237 diceretur,
1542 5169 1600 5226 In
1643 5171 1946 5238 sinistram;
1976 5187 2081 5226 non

493 5261 573 5319 ibi
596 5262 1015 5333 intelligerentur
1040 5262 1187 5317 boni.
1217 5262 1439 5331 Quando
1464 5269 1639 5315 autem
1666 5261 1835 5317 bonos
1873 5270 1930 5317 et
1967 5276 2082 5316 ma-

491 5356 582 5414 los
603 5357 846 5412 habitura
873 5364 1047 5424 erant,
1075 5354 1274 5427 passim
1296 5356 1455 5409 missa
1481 5363 1604 5409 sunt
1624 5354 1757 5409 retia
1776 5396 1791 5421 ,
1826 5362 1881 5410 et
1918 5370 2081 5425 cepe-

495 5457 622 5501 runt
648 5490 660 5513 ,
701 5456 764 5501 ut
808 5447 1152 5501 tractavimus
1170 5485 1186 5513 ,
1208 5445 1419 5516 iniquos
1442 5453 1497 5501 et
1516 5444 1707 5515 justos.
1728 5444 1881 5501 Nunc
1901 5455 2078 5502 autem

494 5538 605 5607 jam
635 5539 812 5594 futura
836 5538 1075 5595 Ecclesia
1102 5539 1157 5593 in
1186 5538 1275 5593 illa
1295 5536 1591 5595 Jerusalem
1618 5548 1800 5593 sancta
1820 5583 1835 5604 ,
1863 5539 1950 5594 ubi
1982 5555 2078 5609 pa-

498 5633 686 5687 tebunt
712 5634 946 5689 omnium
969 5632 1129 5688 corda
1156 5632 1480 5700 mortalium,
1505 5648 1609 5687 non
1630 5642 1713 5689 est
1733 5633 2077 5689 metuendum

497 5738 572 5781 ne
598 5725 759 5781 intret
785 5726 975 5797 aliquis
1000 5726 1053 5781 in
1090 5726 1233 5781 illam
1270 5725 1563 5781 Ecclesiam
1611 5728 1700 5797 qui
1749 5729 1922 5784 malus
1973 5738 2074 5785 est.

497 5815 622 5878 Non
649 5819 792 5876 enim
818 5820 917 5877 sub
921 5820 1074 5892 pelle
1098 5818 1436 5877 mortalitatis
1457 5827 1597 5895 teget
1625 5821 1869 5876 astutiam
1900 5821 2077 5878 cordis

1748 358 1810 417 S.
1846 350 2215 415 AUGUSTINI
2250 351 2551 413 EPlSCOPl

3343 271 3386 280 ὀ
3438 274 3717 292 ηψπ.

3642 356 3789 414 1176

2204 471 2534 540 nequissimi.
2561 469 2677 525 Jam
2721 471 2864 527 enim
2895 470 3042 526 venit
3076 469 3377 525 Dominus:
3418 477 3473 526 et
3500 468 3622 526 ideo
3662 482 3793 542 post

2203 563 2645 617 resurrectionem
2672 562 2824 633 jubet
2848 572 2908 617 ut
2947 564 3225 618 mittantur
3248 562 3364 617 haec
3387 562 3521 618 retia
3559 562 3613 616 in
3656 562 3791 618 dex-

2202 663 2394 722 teram,
2420 656 2531 726 jam
2558 673 2663 711 non
2685 659 2989 713 moriturus.
3021 658 3088 712 Et
3114 656 3172 712 ﬁt
3197 656 3339 727 quod
3372 655 3662 725 Apostolus
3682 654 3782 722 ait,

2203 746 2315 812 Quo
2337 763 2492 819 usque
2510 749 2671 802 veniat
2699 748 2945 804 Dominus
2959 792 2972 812 ,
3000 760 3045 805 et
3068 749 3318 804 illuminet
3335 748 3629 803 abscondita
3650 758 3790 802 tene-

2201 838 2423 906 brarum,
2443 850 2489 893 et
2515 841 2853 912 manifestabit
2879 842 3205 914 cogitationes
3222 841 3389 898 cordis
3418 856 3439 893 :
3464 849 3514 895 et
3533 849 3655 893 tunc
3674 840 3792 894 laus

2200 931 2293 985 erit
2313 932 2579 1000 unicuique
2602 949 2636 986 a
2660 932 2770 989 Deo
2790 948 2811 990 :
2836 933 3045 1005 quando
3064 933 3474 1005 publicabuntur
3498 932 3789 988 conscien-

2200 1022 2307 1090 tiae,
2340 1039 2459 1094 quae
2486 1024 2647 1081 modo
2690 1033 2954 1097 teguntur.
2976 1026 3127 1081 Tunc
3158 1040 3288 1097 ergo
3328 1025 3453 1081 boni
3480 1025 3583 1081 soli
3629 1033 3791 1080 erunt

2197 1112 2291 1182 ibi,
2331 1116 2599 1186 pellentur
2630 1118 2775 1172 mali.
2825 1117 2907 1172 Ad
2944 1117 3221 1174 dexteram
3265 1117 3409 1173 enim
3458 1117 3625 1172 missa
3664 1125 3793 1172 sunt

2195 1206 2350 1274 retia,
2380 1208 2588 1279 iniquos
2617 1210 2816 1266 habere
2841 1226 2947 1266 non
2975 1219 3244 1281 poterunt.

2265 1296 2490 1354 CAPUT
2506 1299 2730 1355 VIII.—-—
2758 1301 2811 1357 8.
2843 1302 3058 1356 Centum
3087 1300 3451 1373 quinquaginta
3476 1307 3582 1354 tres
3625 1298 3787 1369 pisces

2194 1390 2317 1461 quid
2355 1391 2655 1462 signiﬁcent.
2709 1392 3063 1463 Quare'ergo
3128 1400 3342 1448 centum
3401 1390 3789 1462 quinquaginta

2196 1480 2341 1535 tres?
2376 1479 2643 1552 Numquid
2669 1491 2745 1537 tot
2765 1492 2923 1538 erunt
2942 1483 3109 1539 sancti
3124 1483 3149 1537 ?
3162 1482 3296 1537 Nam
3316 1481 3362 1537 si
3380 1489 3785 1551 computentur,

2193 1588 2300 1627 non
2330 1574 2501 1629 solum
2531 1590 2719 1631 omnes
2745 1576 2930 1633 fideles
2951 1618 2964 1641 ,
2995 1578 3087 1647 qui
3131 1578 3187 1632 in
3208 1578 3346 1633 bona
3386 1577 3495 1631 vita
3542 1577 3791 1632 exierunt

2192 1662 2261 1719 de
2280 1678 2523 1735 corpore,
2556 1666 2651 1721 sed
2693 1666 2791 1722 soli
2829 1677 3129 1739 martyres;
3176 1682 3310 1723 unus
3348 1668 3465 1723 dies
3517 1668 3791 1738 passionis

2194 1766 2486 1828 martyrum
2508 1758 2551 1813 si
2579 1768 2937 1830 computetur,
2964 1761 3131 1816 millia
3178 1761 3452 1816 hominum
3494 1761 3785 1816 inveniun-

2194 1856 2280 1903 tur
2322 1858 2715 1906 coronatorum.
2772 1852 2913 1923 Ergo
2952 1862 3165 1908 centum
3223 1852 3605 1923 quinquaginta
3679 1862 3788 1908 tres

2194 1940 2390 2009 pisces,
2418 1941 2542 2010 quid
2564 1942 2663 1997 sibi
2688 1943 2888 2011 volunt,
2915 1944 3030 2000 sine
3049 1943 3210 2001 dubio
3228 1943 3658 2014 conquirendum
3682 1953 3787 2000 est.

2194 2031 2331 2100 Quid
2359 2033 2459 2087 sibi
2489 2035 2673 2089 volunt
2695 2035 3113 2107 quinquaginta?
3142 2037 3200 2091 ln
3221 2037 3326 2092 isto
3351 2036 3493 2091 enim
3517 2051 3786 2102 numero,

2196 2123 2247 2179 id
2274 2134 2378 2191 est,
2408 2125 2459 2180 in
2490 2126 2871 2199 quinquaginta
2903 2129 3213 2200 mysterium
3235 2138 3316 2185 est
3336 2130 3488 2200 :quia
3514 2139 3597 2185 ter
3613 2128 3797 2185 multi-

2194 2214 2371 2285 plicati
2391 2216 2787 2288 quinquaginta,
2819 2219 2953 2274 ﬁunt
2978 2228 3190 2276 centum
3219 2220 3629 2292 quinquaginta.
3652 2221 3791 2277 Nam

2196 2306 2318 2363 ideo
2341 2309 2550 2365 videtur
2572 2310 2785 2366 additus
2813 2312 3074 2367 ternarias
3100 2327 3372 2380 numerus,
3398 2320 3458 2367 ut
3487 2312 3760 2369 admone:
3777 2337 3797 2352 -

2195 2416 2316 2456 mur
2334 2416 2403 2457 ex
2440 2417 2544 2473 qua
2571 2403 3011 2473 multiplicatione
3052 2404 3175 2459 facti
3219 2404 3330 2459 sint
3369 2412 3587 2461 centum
3632 2406 3799 2475 quinv

2196 2496 2442 2567 quaginta
2466 2504 2574 2552 tres
2601 2514 2614 2550 :
2639 2512 2703 2553 ac
2731 2498 2775 2553 si
2800 2497 3102 2566 diceretur,
3128 2498 3355 2555 Centum
3403 2498 3793 2569 quinquaginta

2196 2588 2249 2644 in
2279 2590 2379 2644 tria
2412 2589 2608 2647 divide.
2639 2590 2774 2646 Nam
2818 2591 2863 2646 si
2907 2590 3195 2659 diceretur,
3242 2591 3470 2648 Centum
3520 2592 3795 2663 quinqua-

2196 2680 2340 2750 ginta
2365 2680 2571 2748 duo,ex
2599 2681 2691 2738 illo
2722 2697 2947 2738 numero
2972 2683 3062 2754 qui
3108 2682 3439 2755 supercrevit
3479 2683 3749 2743 admoniti
3773 2725 3793 2753 ,

2197 2773 2554 2831 divideremus
2592 2776 2644 2830 in
2685 2776 3014 2847 septuaginta
3071 2777 3305 2848 quinque
3343 2794 3357 2831 :
3394 2777 3658 2847 quoniam
3705 2790 3795 2834 se-

2197 2870 2470 2940 ptuaginta
2495 2870 2726 2940 quinque
2750 2870 2833 2926 bis
2859 2870 3027 2939 ducti,
3059 2870 3257 2927 faciunt
3268 2880 3479 2927 centum
3506 2871 3789 2942 quinqua-

2197 2961 2361 3030 ginta.
2396 2961 2720 3017 Divisionem
2741 2963 2937 3033 quippe
2960 2962 3219 3018 binariam
3244 2962 3481 3018 binarius
3521 2978 3791 3019 numerus

2196 3054 2413 3110 additus
2432 3054 2709 3110 indicaret.
2735 3054 2790 3111 Si
2825 3055 3112 3121 diceretur,
3140 3054 3366 3111 Centum
3404 3055 3795 3126 quinquaginta

2196 3160 2312 3213 sex,
2345 3146 2397 3201 in
2424 3147 2643 3216 vigenos
2685 3147 2874 3218 quinos
2913 3148 3100 3217 partiri
3141 3146 3442 3214 debuimus,
3481 3156 3545 3201 ut
3595 3147 3795 3203 ﬁerent

2195 3254 2382 3293 eorum
2406 3255 2501 3294 sex
2529 3249 2725 3310 partes.
2755 3239 2906 3296 Nunc
2925 3249 3101 3295 autem
3131 3241 3253 3310 quia
3277 3240 3479 3295 dictum
3508 3250 3619 3306 est,
3644 3239 3790 3296 Cen-

2198 3336 2307 3383 tum
2332 3330 2711 3401 quinquaginta
2738 3338 2867 3397 tres,
2899 3331 2951 3385 in
2984 3340 3092 3387 tres
3129 3341 3307 3401 partes
3344 3330 3609 3387 debemus
3654 3332 3793 3389 divi-

2196 3420 2325 3475 dere
2354 3429 2522 3475 totnm
2545 3423 2691 3476 illum
2722 3437 3023 3489 numerum,
3056 3421 3110 3477 id
3135 3431 3239 3487 est,
3264 3430 3476 3477 centum
3522 3424 3795 3495 quinqua-

2194 3514 2360 3584 ginta.
2391 3514 2559 3584 Hujus
2596 3529 2725 3586 ergo
2765 3515 2974 3571 numeri
3014 3529 3136 3586 pars
3169 3515 3356 3582 tertia,
3396 3516 3792 3587 quinquaginta

2194 3616 2338 3662 sunt.
2366 3607 2547 3679 Itaque
2566 3619 2748 3663 nostra
2796 3618 2905 3663 tota
2942 3608 3300 3665 consideratio
3339 3608 3393 3664 in
3443 3610 3789 3683 quinquage-

2194 3701 2346 3755 nario
2373 3717 2596 3758 numero
2619 3701 2826 3773 ﬁgenda
2852 3711 2955 3757 est.

2265 3792 2490 3849 CAPUT
2510 3793 2619 3853 VIX.
2645 3793 2776 3849 —9.
2808 3794 3187 3866 Quinquaginta
3204 3795 3331 3861 dies,
3352 3803 3399 3849 et
3417 3794 3646 3849 Alleluia
3678 3806 3791 3867 post

2196 3883 2400 3938 Pascha
2425 3885 2646 3954 antiqua:
2680 3884 2984 3939 traditionis.
3027 3884 3292 3957 Numquid
3331 3885 3469 3942 forte
3512 3886 3620 3956 ipsi
3664 3898 3791 3943 sunt

2195 3974 2572 4045 quinquaginta
2600 3975 2686 4030 isti
2714 3974 2862 4041 dies,
2885 3990 3019 4046 quos
3064 3991 3207 4031 nunc
3243 3976 3625 4032 celebramus?
3669 3978 3787 4034 Non

2198 4065 2342 4120 enim
2371 4066 2486 4120 sine
2510 4080 2693 4133 causa,
2716 4065 2910 4122 fratres
2930 4066 3053 4133 mei,
3086 4066 3525 4122 consuetudinem
3549 4069 3787 4141 antiqua:

2192 4155 2491 4212 traditionis
2519 4166 2662 4212 tenet
2699 4156 2963 4224 Ecclesia,
3006 4166 3064 4213 ut
3089 4173 3184 4227 per
3224 4157 3354 4212 istos
3396 4158 3786 4229 quinquaginta

2191 4248 2307 4304 dies
2327 4248 2551 4304 Alleluia
2573 4249 2799 4304 dicatur.
2828 4250 3055 4304 Alleluia
3084 4250 3228 4305 enim
3254 4249 3371 4305 laus
3403 4260 3487 4305 est
3529 4251 3652 4307 Dei.
3700 4252 3786 4308 Si-

2189 4346 2470 4417 gniﬁcatur
2494 4361 2621 4417 ergo
2642 4346 2797 4401 nobis
2812 4345 3175 4401 laborantibus
3192 4345 3329 4401 actio
3342 4345 3541 4416 quietis
3556 4356 3781 4403 nostra.

2187 4437 2322 4495 Cum
2342 4440 2483 4494 enim
2516 4447 2633 4508 post
2654 4438 2811 4493 istum
2849 4438 3085 4494 laborem
3117 4437 3185 4493 ad
3212 4438 3356 4493 illam
3392 4439 3639 4509 requiem
3691 4454 3785 4495 ve-

2188 4531 2417 4597 niemus,
2448 4530 2623 4585 solum
2651 4531 2919 4600 negotium
2949 4530 3065 4585 laus
3102 4530 3196 4586 Dei
3228 4530 3360 4597 erit,
3409 4531 3556 4588 actio
3594 4542 3779 4588 nostra

2187 4622 2260 4676 ibi
2288 4622 2515 4677 Alleluia
2543 4630 2645 4676 est.
2694 4620 2830 4690 Quid
2885 4630 2969 4676 est
3012 4621 3268 4677 Alleluia?
3304 4620 3546 4678 Laudate
3584 4623 3779 4679 Deum.

2185 4713 2316 4782 Quis
2337 4712 2513 4767 laudet
2543 4712 2707 4767 Deum
2736 4712 2852 4768 sine
2879 4711 3111 4780 defectu,
3133 4713 3235 4769 nisi
3260 4712 3449 4784 Angeli
3465 4712 3492 4767 ἲ
3514 4714 3637 4771 Non
3660 4729 3784 4772 esu-

2185 4804 2348 4871 riunt,
2376 4818 2479 4857 non
2502 4803 2706 4869 sitiunt,
2731 4818 2835 4859 non
2857 4812 3136 4875 aegrotant,
3159 4819 3264 4859 non
3292 4805 3620 4862 moriuntur.
3645 4806 3779 4863 Nam

2186 4904 2240 4951 et
2267 4910 2364 4950 nos
2383 4895 2612 4951 diximus
2636 4895 2882 4963 Alleluia,
2910 4904 2965 4951 et
2991 4905 3259 4951 cantatum
3284 4906 3369 4952 est
3392 4913 3554 4955 mane
3581 4898 3693 4966 hic,
3723 4909 3783 4956 et

2185 5001 2306 5042 cum
2335 4986 2446 5057 jam
2472 4985 2817 5053 adessemus,
2869 4987 3031 5058 paulo
3067 4996 3191 5043 ante
3244 4987 3475 5044 diximus
3521 4988 3780 5046 Alleluia.

2186 5080 2330 5136 Odor
2355 5096 2454 5135 nos
2475 5080 2690 5151 quidam
2710 5080 2904 5136 divina:
2936 5080 3105 5136 laudis
3125 5122 3141 5149 ,
3170 5089 3227 5137 et
3268 5081 3409 5137 illius
3447 5084 3652 5154 quietis
3693 5093 3781 5140 at-

2185 5172 2359 5243 tingit,
2384 5171 2477 5227 sed
2501 5187 2571 5227 ex
2602 5172 2806 5242 majore
2835 5182 2985 5242 parte
3010 5174 3304 5228 mortalitas
3332 5176 3549 5245 premit.
3582 5175 3783 5233 Lassa-

2184 5280 2306 5319 mur
2329 5264 2471 5320 enim
2499 5263 2747 5329 dicendo,
2774 5272 2831 5318 et
2856 5264 3093 5320 membra
3134 5275 3313 5321 nostra
3362 5266 3587 5322 reﬁcere
3627 5268 3783 5323 volu-

2184 5370 2354 5411 mus:
2429 5364 2483 5410 et
2546 5355 2590 5410 si
2642 5354 2733 5409 diu
2780 5354 2987 5410 dicatur
3030 5355 3289 5423 Alleluia,
3334 5371 3561 5413 onerosa
3620 5358 3784 5413 nobis

2182 5457 2266 5505 est
2303 5448 2418 5503 laus
2466 5448 2579 5512 Dei,
2628 5455 2847 5518 propter
2881 5448 3076 5503 molem
3117 5448 3357 5518 corporis
3393 5449 3585 5503 nostri.
3638 5448 3781 5504 Nam

2182 5540 2458 5613 plenitudo
2483 5541 2599 5595 sine
2623 5539 2921 5595 cessatione
2937 5539 2989 5594 in
3017 5540 3244 5596 Alleluia
3266 5580 3282 5605 ,
3323 5549 3446 5609 post
3470 5539 3574 5595 hoc
3594 5555 3741 5598 saecu
3772 5574 3778 5577 »

2181 5632 2289 5688 lum
2318 5642 2371 5688 et
2397 5640 2516 5703 post
2535 5631 2773 5687 laborem
2802 5631 2922 5686 erit.
2960 5630 3096 5700 Quid
3123 5647 3285 5702 ergo,
3321 5631 3561 5688 fratres?
3613 5632 3784 5689 Dica-

2180 5740 2300 5780 mus
2322 5732 2575 5795 quantum
2601 5736 2906 5795 possumus,
2935 5732 3218 5793 utsemper
3234 5722 3414 5779 dicere
3442 5737 3777 5780 mereamur.

2182 5818 2258 5876 lbi
2288 5818 2439 5879 cibus
2464 5826 2645 5875 noster
2670 5815 2919 5892 Alleluia,
2948 5825 3105 5913 potus
3129 5814 3354 5873 Alleluia
3372 5856 3389 5885 ,
3416 5816 3558 5874 actio
3609 5815 3778 5889 Quie-
