4070 6330
326 350 329 351 ⁷
399 333 541 393 H77

398 451 470 507 tis
495 447 737 513 Alleluia,
767 453 932 501 totum
951 439 1200 512 gaudium
1220 438 1322 495 erit
1340 436 1585 505 Alleluia,
1614 435 1666 492 id
1711 445 1793 492 est
1816 479 1831 505 ,
1863 437 1980 492 laus

399 542 517 599 Dei.
552 540 680 608 Quis
708 537 852 593 enim
880 534 1059 591 laudat
1080 530 1280 603 aliquid
1303 531 1419 587 sine
1458 529 1696 597 delectu,
1746 528 1847 584 nisi
1891 528 1982 600 qui

399 635 593 692 fruitur
636 633 752 688 sine
794 629 1046 686 fastidio?
1091 627 1355 696 Quantum
1398 639 1523 695 ergo
1575 624 1678 680 erit
1722 623 1884 678 robur
1926 624 1981 677 in

397 738 601 795 mente,
632 735 827 797 quanta
848 722 1214 779 immortalitas
1242 728 1296 775 et
1317 719 1539 773 ﬁrmitas
1568 717 1621 771 in
1649 731 1893 787 corpore,
1924 723 1983 770 ut

390 811 577 891 neque
629 817 829 873 mentis
873 814 1084 871 deﬁciat
1134 812 1361 867 intentio
1413 810 1468 865 in
1532 808 1980 878 contemplatione

397 912 518 979 Dei,
577 924 749 980 neque
796 906 1034 963 membra
1082 900 1429 959 succumbant
1476 899 1531 954 in
1583 898 1981 955 continuatione

396 1002 572 1059 laudis
598 1000 733 1056 Dei?

465 1091 693 1149 CAPUT
737 1090 807 1146 X.
850 1118 920 1129 —
961 1087 1051 1143 10.
1086 1082 1514 1155 Quinquagenarii
1533 1089 1579 1136 et
1597 1080 1981 1151 quadragenarii

392 1184 595 1241 numeri
619 1182 930 1255 mysterium.
958 1177 1403 1249 Quadragenarius
1428 1190 1664 1229 numerus
1683 1215 1698 1240 ,
1736 1175 1831 1227 hoc
1858 1184 1981 1227 tem-

392 1292 493 1348 pus
517 1274 787 1345 signiﬁcat.
831 1271 1007 1338 Quare
1046 1283 1173 1339 ergo
1207 1266 1587 1337 quinquaginta
1630 1264 1745 1319 dies
1782 1264 1836 1318 in
1878 1263 1981 1318 hoc

390 1366 653 1439 mysterio
687 1364 1064 1421 celebrantur?
1094 1360 1351 1416 Dominus
1387 1358 1735 1429 quadraginta
1761 1357 1874 1413 dies
1899 1357 1979 1413 le-

393 1460 467 1515 cit
502 1474 623 1513 cum
662 1456 933 1526 discipulis
958 1461 1079 1524 post
1114 1451 1593 1514 resurrectionem,
1641 1451 1779 1504 sicut
1818 1449 1981 1503 Actus

392 1550 767 1623 Apostolorum
793 1555 1051 1602 testantur
1078 1562 1091 1599 :
1143 1551 1265 1613 post
1287 1541 1631 1612 quadraginta
1658 1539 1773 1595 dies
1797 1553 1982 1594 ascen~

391 1642 472 1698 dit
499 1643 553 1696 in
590 1640 816 1704 coelum,
843 1647 897 1693 et
916 1638 1125 1694 decimo
1165 1635 1472 1704 die‘postca
1500 1648 1659 1702 quam
1700 1631 1978 1696 ascendit,

391 1735 537 1790 misit
579 1732 832 1803 Spiritum
896 1737 1157 1784 sanctum.
1204 1728 1320 1795 Quo
1362 1724 1563 1795 impleti
1608 1723 1881 1795 Apostoli,
1927 1731 1982 1778 et

392 1842 579 1884 omnes
605 1826 693 1896 qui
721 1831 1081 1881 convenerant
1107 1822 1161 1876 in
1189 1835 1382 1886 unum,
1412 1818 1572 1873 locuti
1596 1824 1722 1872 sunt
1747 1816 1941 1886 linguis
1961 1856 1975 1882 ,

389 1927 445 1975 et
488 1905 723 1973 fecerunt
746 1916 835 1970 illa
874 1914 1164 1984 magnalia,
1192 1927 1310 1982 qua:
1353 1911 1591 1980 legentes
1617 1916 1672 1964 et
1702 1907 1980 1963 credentes

396 2009 785 2079 amplectimur,
817 2021 936 2060 eum
982 2018 1170 2074 magna
1222 2001 1412 2057 ﬁducia
1454 2001 1734 2069 loquentes
1758 1997 1979 2052 verbum

390 2104 486 2158 Dei
519 2102 652 2171 (Act.
683 2117 697 2155 ι
726 2110 772 2154 et
800 2100 884 2169 ιι).
906 2097 1262 2166 Quadraginta
1292 2095 1406 2150 dies
1446 2092 1573 2149 fecit
1598 2093 1650 2147 in
1680 2100 1819 2147 terra
1858 2108 1980 2161 cum

389 2194 685 2264 discipulis,
718 2201 840 2247 ante
866 2193 1166 2261 passionem
1188 2196 1364 2243 autem
1387 2185 1734 2258 quadraginta
1756 2184 1872 2240 dies
1894 2184 1980 2254 je-

384 2286 595 2358 junavit
624 2284 836 2354 (Matth.
868 2300 952 2349 IV,
983 2282 1041 2353 2)
1071 2299 1083 2334 :
1116 2296 1221 2335 non
1266 2278 1475 2335 invenis
1514 2278 1676 2333 alium
1712 2277 1981 2346 jejunasse

388 2377 733 2449 quadraginta
783 2375 1001 2439 diebus,
1056 2380 1249 2443 praeter
1297 2370 1618 2435 Dominum,
1667 2376 1721 2423 et
1766 2367 1979 2437 Moysen

393 2470 585 2539 (Exod.
612 2484 806 2531 xxxiv,
838 2467 952 2537 28),
984 2474 1038 2521 et
1066 2465 1237 2519 Eliam
1267 2462 1355 2536 (lll
1387 2461 1516 2532 Reg.
1542 2476 1663 2525 xu,
1694 2458 1770 2531 8).
1800 2459 1980 2513 Domi-

391 2579 495 2619 nus
542 2571 793 2632 tanquam
844 2558 1219 2629 Evangelium,
1268 2555 1478 2628 Moyses
1527 2560 1776 2624 tanquam
1833 2551 1978 2621 Lex,

391 2656 537 2713 Elias
564 2665 813 2727 tanquam
859 2651 1146 2724 PrOphetia
1177 2670 1189 2705 :
1219 2652 1341 2721 quia
1369 2648 1713 2718 Evangelium
1741 2647 1981 2702 testimo-

392 2751 541 2807 nium
569 2749 729 2804 habet
765 2763 793 2801 a
826 2747 967 2817 Lege
991 2754 1048 2802 et
1073 2742 1352 2815 Prophetis
1382 2740 1564 2814 (Rom.
1594 2755 1650 2794 tn
1669 2781 1684 2805 ,
1712 2739 1824 2809 21).
1858 2736 1982 2792 Ideo

388 2853 445 2899 et
474 2844 526 2897 in
554 2850 755 2906 monte,
779 2838 991 2911 quando
1014 2837 1186 2893 voluit
1213 2832 1497 2890 ostendere
1522 2831 1777 2889 Dominus
1798 2838 1983 2885 noster

388 2934 547 2990 Jesus
570 2932 793 3004 gloriam
841 2945 1024 2993 suam,
1081 2929 1220 2983 inter
1259 2925 1477 2996 Moysen
1525 2930 1579 2978 et
1619 2922 1787 2977 Eliam
1834 2920 1985 2976 stetit

390 3023 603 3096 (Matth.
631 3038 737 3077 xvn
763 3063 778 3089 ,
807 3021 877 3087 2,
907 3021 986 3092 5).
1015 3017 1217 3074 Medius
1243 3017 1297 3071 in
1324 3014 1527 3070 honore
1565 3014 1680 3084 ipse
1705 3011 1938 3082 fulgebat
1965 3027 1979 3065 :

388 3115 497 3171 Lex
537 3124 592 3170 et
632 3113 913 3185 Propheta:
954 3126 985 3165 a
1035 3109 1288 3165 lateribus
1314 3106 1717 3162 attestabantur.
1746 3101 1985 3169 Quadra-

388 3207 636 3280 genarius
656 3220 783 3275 ergo
809 3216 1061 3259 numerus
1089 3210 1295 3269 tempus
1324 3197 1425 3253 hoc
1451 3194 1745 3266 signiﬁcat,
1789 3194 1842 3247 in
1867 3207 1974 3261 quo

386 3301 691 3357 laboramus
719 3298 770 3353 in
791 3296 985 3352 sxeculo
1009 3313 1022 3349 :
1054 3293 1178 3364 quia
1205 3289 1463 3361 sapientia
1488 3288 1643 3343 nobis
1663 3285 1749 3339 hic
1768 3284 1985 3353 dispen-

386 3400 535 3447 satur
552 3387 929 3459 temporaliter.
953 3385 1125 3440 Aliter
1142 3383 1286 3438 enim
1308 3381 1443 3436 visio
1465 3377 1737 3448 sapientiae
1760 3378 1982 3430 immor-

388 3483 515 3538 talis
539 3482 656 3536 sine
686 3488 923 3548 tempore
944 3517 959 3543 ,
988 3476 1144 3530 aliter
1173 3482 1352 3528 autem
1379 3472 1745 3541 temporaliter
1770 3467 1985 3537 dispen-

386 3583 554 3633 s’atur.
587 3574 822 3627 Fuerunt
841 3570 984 3625 enim
1011 3566 1333 3624 Patriarcha:
1350 3606 1367 3632 ,
1395 3574 1450 3619 et
1476 3563 1801 3617 transierunt
1822 3559 1979 3616 hinc:

390 3665 701 3737 temporalis
743 3663 838 3718 luit
884 3660 1210 3731 dispensatio
1238 3659 1495 3727 ipsorum.
1522 3655 1636 3710 Non
1667 3653 1813 3718 dico,
1850 3661 1985 3707 tem-

388 3758 651 3831 poraliter
691 3755 902 3819 vivunt;
946 3768 1067 3807 nam
1114 3764 1329 3820 semper
1356 3748 1567 3812 vivunt,
1615 3755 1669 3800 et
1710 3759 1830 3798 cum
1872 3744 1984 3798 Deo

384 3849 593 3905 vivunt.
620 3845 726 3902 Sed
757 3843 1058 3915 temporalis
1086 3839 1414 3911 dispensatio
1438 3837 1585 3894 verbi
1614 3852 1710 3907 per
1728 3850 1823 3890 eos
1846 3834 1983 3889 facta

385 3947 491 3997 est.
516 3938 635 3994 Non
663 3938 803 3993 enim
832 3936 993 3991 modo
1020 3935 1307 4003 loquuntur
1350 3932 1468 3996 hic;
1510 3929 1608 3985 sed
1638 3928 1831 3997 scripta
1860 3935 1984 3983 sunt

391 4048 511 4104 quae
536 4030 698 4086 locuti
736 4039 897 4097 sunt,
940 4038 994 4083 ct
1041 4029 1285 4098 leguntur
1328 4026 1381 4080 in
1421 4034 1679 4094 tempore.
1710 4021 1984 4077 Venerunt

389 4124 670 4194 Propheta:
697 4131 939 4192 tempore
966 4119 1181 4190 proprio
1199 4160 1215 4186 ,
1243 4127 1297 4173 et
1322 4117 1587 4172 abierunt.
1618 4114 1776 4170 Venit
1803 4114 1981 4169 Domi-

387 4232 492 4273 nus
517 4226 757 4286 tempore
781 4214 996 4285 proprio
1022 4231 1035 4267 :
1062 4226 1185 4268 nam
1214 4224 1482 4280 nunquam
1510 4210 1730 4264 recessit
1746 4222 1982 4279 praesen-

387 4311 464 4367 tia
508 4306 833 4378 maiestatis,
883 4319 1156 4376 nunquam
1204 4301 1407 4358 recedit
1459 4300 1733 4355 divinitate
1788 4298 1981 4369 ubique

387 4401 745 4465 constitutus;
790 4396 884 4453 sed
914 4395 1183 4467 quomodo
1211 4394 1264 4449 in
1304 4390 1592 4462 Evangelio
1619 4389 1818 4444 dictum
1863 4396 1976 4455 est,

387 4498 457 4555 In
495 4498 590 4553 hoc
625 4497 813 4553 mundo
841 4503 984 4560 erat,
1014 4500 1060 4548 et
1098 4492 1319 4546 mundus
1356 4506 1446 4561 per
1472 4506 1587 4543 eum
1610 4488 1772 4559 factus
1796 4493 1900 4553 est,
1931 4495 1979 4539 et

387 4592 609 4647 mundus
636 4607 749 4645 eum
768 4606 869 4644 non
900 4587 1131 4659 cognovit
1153 4602 1173 4640 :
1200 4585 1253 4639 in
1280 4600 1374 4639 sua
1402 4583 1607 4655 propria
1626 4581 1757 4635 venit
1777 4622 1792 4647 ,
1822 4587 1870 4633 et
1900 4579 1979 4634 sui

389 4701 506 4741 eum
542 4700 641 4737 non
681 4690 971 4752 receperunt
1014 4679 1190 4749 (Ioan.
1221 4694 1269 4743 ι,
1302 4677 1405 4745 10,
1439 4675 1548 4748 11.).
1581 4672 1861 4742 Quomodo
1892 4672 1979 4727 hic

388 4784 507 4831 erat
523 4816 539 4842 ,
563 4782 620 4829 et
638 4772 902 4843 quomodo
930 4771 1105 4835 venit,
1142 4769 1245 4824 nisi
1264 4768 1387 4839 quia
1411 4767 1499 4823 hic
1523 4774 1637 4823 erat
1665 4766 1942 4836 majestate
1959 4806 1974 4832 ,

389 4867 538 4922 venit
562 4864 918 4920 humanitate?
941 4861 1093 4930 Quod
1114 4860 1255 4915 enim
1282 4858 1425 4913 venit
1444 4859 1497 4912 in
1526 4871 1685 4912 carne
1709 4898 1723 4921 ,
1771 4866 1978 4926 tempo-

389 4958 576 5014 raliter
603 4957 756 5012 nobis
785 4952 1098 5025 sapientiam
1143 4951 1257 5020 ipse
1284 4948 1640 5004 ministravit:
1670 4947 1977 5017 temporali-

389 5056 479 5106 ter
496 5063 592 5119 per
619 5047 843 5118 Legem,
873 5041 1237 5112 temporaliter
1276 5056 1370 5110 per
1406 5038 1700 5108 Prophetas
1722 5081 1738 5106 ,
1769 5048 1977 5107 tempo-

390 5140 577 5197 raliter
619 5153 717 5210 per
762 5138 1063 5206 Scripturas
1116 5131 1411 5203 Evangelii.
1481 5130 1612 5186 Cum
1676 5131 1980 5186 transierint

324 5224 331 5302 ἶ
392 5233 537 5289 enim
559 5240 828 5302 tempora,
856 5228 1156 5283 videbimus
1184 5227 1353 5297 ipsam
1377 5224 1689 5295 sapientiam
1717 5225 1854 5279 sicut
1874 5234 1975 5292 est,

323 5300 333 5355 ί
389 5343 512 5399 quae
535 5300 782 5382 retribuit
806 5320 1085 5379 denarium
1114 5334 1418 5375 numerum.
1460 5317 1801 5388 Septenarius
1835 5318 1978 5372 enim

324 5418 334 5435 ⁸
390 5434 647 5477 numerus
674 5416 872 5473 indicat
909 5422 1205 5470 creaturam
1254 5431 1270 5469 :
1311 5412 1432 5482 quia
1479 5426 1574 5466 sex
1610 5410 1796 5466 diebus
1838 5410 1978 5466 Deus

384 5514 646 5582 ‘operatus
665 5516 777 5574 est,
803 5515 859 5563 et
893 5506 1121 5575 septimo
1148 5503 1215 5559 ab
1252 5502 1502 5572 operibus
1527 5502 1746 5573 quievit.
1780 5501 1979 5557 Terna-

320 5652 331 5663 .
391 5605 507 5659 rius
530 5615 659 5657 vero
700 5614 951 5655 numerus
991 5595 1321 5653 conditorem
1365 5595 1576 5649 Patrem
1604 5600 1659 5650 et
1686 5594 1876 5649 Filium
1924 5604 1979 5649 et

321 5672 334 5736 ‘3
392 5694 648 5766 Spiritum
695 5701 935 5748 sanctum
978 5690 1228 5745 insinuat.
1279 5687 1518 5744 Perfecta
1560 5695 1643 5743 est
1684 5687 1976 5757 sapientia,

394 5796 696 5853 creaturam
718 5781 947 5841 creatori
971 5782 1060 5852 pie
1099 5780 1361 5851 subdere;
1402 5778 1704 5839 discernere
1731 5778 1974 5838 condito-

1798 322 2030 381 SERMO
2063 323 2260 382 CCLll.

3531 337 3668 393 1178

2078 450 2200 491 rem
2225 451 2257 492 a
2282 436 2608 506 conditione,
2638 437 2899 496 artiﬁcem
2924 439 2993 496 ab
3011 440 3289 511 operibus.
3314 443 3417 512 Qui
3443 450 3670 504 commi-

2085 535 2200 582 scet
2227 527 2417 583 artiﬁci
2441 543 2621 599 opera,
2649 545 2748 587 nec
2767 540 2935 587 artem
2965 532 3229 605 intelligit,
3252 550 3353 590 nec
3371 535 3627 594 artiﬁcem
3652 556 3668 594 :

2086 620 2177 689 qui
2227 629 2405 675 autem
2471 622 2756 692 discernit,
2807 626 3055 696 impletur
3102 629 3381 698 sapientia.
3429 630 3533 687 Iste
3588 640 3671 689 est

2086 724 2212 781 ergo
2230 712 2486 767 denarius
2506 755 2520 779 ,
2550 716 2821 784 plenitudo
2847 718 3138 788 sapientiae.
3166 719 3270 775 Sed
3296 722 3507 791 quando
3531 730 3670 778 tem-

2088 803 2339 874 poraliter
2359 803 2722 873 distribuitur;
2752 809 2873 878 quia
2900 809 2953 863 in
2982 812 3319 880 quaternario
3341 828 3565 869 numero
3588 823 3669 870 est

2084 892 2290 964 insigne
2318 896 2721 965 temporalium,
2765 909 2951 969 quater
2994 901 3183 957 ductus
3222 903 3507 973 denarius,
3541 922 3667 976 qua-

2084 986 2452 1059 dragenarium
2478 1006 2755 1047 numerum
2784 993 2926 1049 facit.
2953 995 3021 1051 Et
3040 984 3559 1068 annus‘quadrilarie
3578 1017 3670 1056 va-

2084 1079 2269 1147 riatur,
2299 1095 2495 1148 verno,
2529 1074 2730 1149 testate,
2762 1097 3014 1143 autumno
3038 1098 3092 1145 et
3117 1089 3331 1147 hieme:
3360 1102 3413 1147 ct
3434 1095 3666 1151 maxime

2085 1180 2305 1241 apparet
2329 1172 2385 1228 in
2415 1172 2650 1244 tempore
2690 1180 3023 1247 quaternaria
3052 1182 3292 1252 quaedam
3336 1184 3665 1243 vicissitudo.

2084 1260 2322 1330 Quatuor
2365 1264 2526 1320 etiam
2572 1276 2759 1323 ventos
2803 1270 3071 1340 Scriptura
3117 1287 3517 1333 commemorat.
3566 1280 3670 1336 Per

2084 1365 2309 1425 quatuor
2332 1359 2472 1413 enim
2503 1360 2746 1416 cardines
2785 1365 3015 1433 perrexit
3046 1367 3385 1439 Evangelium
3405 1413 3421 1439 ,
3447 1372 3587 1443 quod
3612 1375 3666 1431 in

2086 1454 2324 1516 tempore
2367 1449 2702 1521 dispensatur
2730 1470 2743 1507 :
2778 1463 2831 1508 et
2856 1455 2969 1525 ipsa
2998 1466 3080 1512 est
3106 1460 3366 1517 catholica
3394 1464 3629 1521 Ecclesia
3648 1506 3666 1535 ,

2084 1554 2201 1609 quae
2230 1550 2454 1611 quatuor
2478 1553 2653 1614 partes
2683 1547 2826 1603 orbis
2852 1548 3097 1605 obtinuit.
3126 1552 3265 1624 Ergo
3291 1554 3536 1613 denarius
3564 1557 3668 1615 hoc

2084 1633 2244 1689 modo
2266 1637 2739 1708 quadragenarium
2763 1658 3039 1699 numerum
3065 1644 3208 1701 facit.

2157 1722 2379 1782 CAPUT
2407 1727 2496 1783 XI.
2522 1761 2591 1770 —
2615 1732 2701 1785 11.
2729 1734 3140 1807 Quadragenario
3165 1737 3287 1793 bene
3304 1749 3441 1807 gesto
3464 1742 3669 1797 additur

2092 1816 2346 1872 denarius.
2369 1818 2838 1894 Quinquagenarias
2857 1844 3092 1884 numerus
3115 1831 3367 1902 signiﬁcat
3389 1832 3668 1889 Ecclesium

2084 1905 2328 1975 futuram.
2350 1908 2473 1964 Ideo
2501 1914 2843 1984 quadraginta
2869 1917 3057 1975 diebus
3086 1920 3159 1974 illi
3183 1920 3573 1992 jejunaverunt,
3596 1925 3670 1980 si-

2083 1998 2392 2067 gniﬁcantes
2412 2000 2465 2055 in
2492 2000 2593 2057 isto
2614 2012 2851 2074 tempore
2877 2010 3228 2065 necessariam
3256 2026 3375 2067 esse
3400 2013 3670 2070 abstinen-

2086 2087 2210 2142 tiam
2235 2088 2303 2144 ab
2332 2106 2515 2148 amore
2541 2109 2719 2150 rerum
2749 2100 3131 2167 temporalium.
3180 2101 3291 2157 Hoc
3331 2104 3471 2158 enim
3500 2104 3668 2175 signi-

2084 2179 2246 2237 ﬁcant
2273 2197 2369 2253 per
2399 2193 2475 2240 tot
2504 2186 2617 2243 dies
2646 2199 2899 2260 perpetua
2927 2192 3012 2246 illa
3048 2193 3247 2263 jejunia
3266 2236 3280 2261 ,
3322 2196 3668 2268 quadraginta

2083 2275 2288 2331 diebus.
2313 2277 2465 2334 Unde
2492 2289 2544 2334 et
2569 2282 2794 2351 populus
2823 2284 2913 2341 ille
2941 2284 3099 2341 lsrael
3125 2286 3469 2359 quadraginta
3498 2305 3667 2347 annos

2084 2382 2180 2437 per
2204 2383 2442 2425 eremum
2468 2370 2654 2429 ductus
2675 2384 2789 2444 est,
2819 2385 3100 2448 antequam
3130 2388 3324 2434 terram
3354 2379 3666 2449 promissio-

2085 2462 2169 2516 nis
2212 2474 2525 2536 regnaturus
2556 2468 2794 2525 intraret.
2846 2470 2934 2526 Sic
2976 2480 3029 2526 et
3071 2486 3168 2527 nos
3194 2473 3246 2527 in
3274 2473 3379 2527 vita
3410 2473 3509 2528 ista
3532 2513 3547 2541 ,
3574 2472 3667 2530 ubi

2084 2554 2315 2611 maxima
2345 2559 2646 2615 sollicitudo
2672 2569 2755 2617 est
2773 2603 2789 2629 ,
2818 2561 2905 2617 ubi
2938 2563 3114 2631 timor,
3144 2564 3231 2619 ubi
3274 2566 3506 2634 pericula
3552 2574 3669 2621 ten-

2086 2647 2342 2704 tationum
2367 2690 2382 2717 ,
2415 2652 2689 2721 temporali
2711 2653 3103 2723 dispensatione
3129 2656 3279 2726 quasi
3308 2672 3403 2727 per
3424 2672 3664 2713 eremum

2087 2738 2355 2795 ducimur.
2387 2742 2493 2799 Sed
2519 2759 2641 2799 cum
2682 2745 2817 2800 bene
2845 2747 3163 2816 gesserimus
3190 2748 3665 2819 quadragenarinm

2087 2849 2399 2903 numerum,
2445 2836 2497 2891 id
2537 2846 2646 2905 est,
2679 2837 2815 2893 bene
2844 2839 3129 2895 vixerimus
3155 2841 3208 2895 in
3249 2840 3347 2896 ista
3392 2839 3668 2911 temporali

2090 2923 2487 2994 dispensatione
2510 2969 2525 2993 ,
2554 2928 2845 2983 secundum
2875 2941 3137 3001 prmcepta
3168 2932 3258 2986 Dci
3295 2931 3626 2986 ambulantes
3649 2972 3665 2997 ,

2089 3016 2412 3086 accipiemus
2442 3019 2741 3075 mercedem
2771 3020 3045 3076 denarium
3079 3023 3223 3076 illum
3253 3022 3505 3078 ﬁdelium.
3535 3024 3668 3092 Quia

2087 3114 2141 3161 et
2172 3107 2423 3163 Dominus
2444 3110 2655 3180 quando
2682 3112 2747 3165 ad
2772 3113 2978 3167 vineam
3009 3115 3367 3170 mercenaries
3393 3115 3666 3184 conduxit,

2087 3198 2387 3254 mercedem
2434 3201 2536 3255 illis
2581 3200 2854 3256 denarium
2882 3203 3045 3259 dedit.
3074 3204 3330 3261 Onmibus
3359 3205 3666 3274 denarium,

2088 3298 2302 3360 etquos
2346 3308 2502 3348 mane
2548 3293 2903 3363 conduxerat,
2954 3304 3008 3350 et
3053 3312 3186 3365 quos
3232 3297 3410 3353 medio
3453 3297 3575 3366 die,
3616 3305 3671 3353 et

2087 3397 2221 3451 quos
2247 3382 2353 3439 line
2385 3383 2523 3451 diei,
2555 3384 2800 3440 omnibus
2824 3385 3094 3441 denarium
3138 3388 3283 3443 dedit
3312 3389 3524 3458 (Matth.
3555 3405 3626 3444 xx
3649 3430 3667 3458 ,

2089 3473 2259 3542 1-10).
2288 3473 2417 3540 Quia
2448 3475 2493 3529 si
2520 3474 2677 3531 fuerit
2703 3476 2770 3531 ab
2798 3477 3013 3533 ineunte
3038 3488 3192 3535 aetate
3215 3482 3436 3551 quisque
3460 3481 3631 3538 ﬁdelis
3650 3524 3667 3551 ,

2089 3562 2363 3618 denarium
2388 3575 2701 3634 accepturus
2730 3577 2839 3633 est;
2865 3567 2976 3637 jam
2999 3583 3105 3623 non
3130 3584 3225 3639 per
3245 3579 3540 3640 temporum
3561 3570 3671 3628 dis-

2093 3653 2468 3721 tributionem,
2517 3655 2610 3712 sed
2654 3656 2706 3710 in
2734 3666 2932 3713 aeterna
2985 3660 3432 3730 contemplatione
3454 3663 3667 3732 sapien-

2090 3744 2214 3800 tiam
2241 3744 2632 3802 discernentem
2654 3746 2959 3804 Creatorem
2986 3766 3016 3804 a
3045 3759 3319 3816 creatura;
3342 3762 3398 3807 ut
3416 3753 3669 3811 Creatore

2086 3839 2412 3910 perfruatur,
2457 3840 2524 3896 de
2569 3850 2810 3896 creatura
2854 3843 3034 3899 laudet
3057 3843 3382 3900 Creatorem.
3415 3845 3520 3902 Sed
3546 3862 3667 3903 cre-

2088 3929 2221 3984 didit
2245 3930 2437 4001 aliquis
2456 3931 2667 4001 juvenis
2688 3976 2701 4000 ,
2748 3942 2801 3988 et
2846 3935 3019 4004 priore
3045 3944 3284 4006 tempore
3310 3952 3408 3992 suo
3436 3954 3540 3993 non
3572 3939 3670 3995 fuit

2089 4020 2262 4076 ﬁdelis
2287 4039 2300 4087 ;
2331 4020 2606 4077 denarium
2632 4032 2715 4078 est
2736 4034 3069 4094 accepturus.
3092 4025 3198 4083 Sed
3222 4028 3445 4082 credidit
3467 4044 3628 4085 senex
3649 4072 3665 4095 ,

2081 4110 2190 4182 jam
2216 4111 2268 4166 in
2309 4126 2499 4167 occasu
2525 4112 2631 4168 diei
2658 4116 2807 4184 quasi
2836 4115 2962 4170 hora
2987 4117 3264 4174 undecima
3293 4120 3583 4176 conductus
3601 4123 3669 4178 ad

2086 4205 2329 4271 vineam;
2362 4214 2416 4261 ct
2443 4206 2559 4276 ipse
2584 4207 2859 4263 denarium
2886 4221 3230 4281 percepturus
3258 4222 3359 4269 est.
3392 4214 3572 4286 Itaque
3601 4216 3669 4272 ad

2085 4299 2565 4369 quadragenarium
2596 4301 2744 4357 illum
2780 4302 2917 4359 bene
2939 4315 3141 4375 gestum
3163 4346 3179 4373 ,
3207 4307 3342 4363 adde
3366 4310 3667 4365 mercedem

2085 4388 2286 4444 denarii
2311 4431 2325 4457 ,
2354 4396 2410 4444 et
2438 4390 2529 4445 ﬁet
2552 4391 3031 4463 quinquagenarius
3069 4412 3322 4454 numerus
3347 4440 3361 4464 ,
3393 4401 3482 4469 qui
3508 4400 3669 4471 signi-

2085 4478 2208 4534 ﬁcat
2235 4480 2527 4536 Ecelesiam
2554 4482 2784 4538 futuram
2808 4484 2897 4539 ubi
2923 4495 3135 4558 semper
3178 4488 3479 4546 laudabitur
3502 4491 3663 4548 Deus.

2084 4571 2191 4629 Sed
2219 4574 2340 4641 quia
2380 4574 2432 4629 in
2473 4576 2687 4631 nomine
2714 4576 2984 4634 Trinitatis
3012 4582 3182 4636 vocati
3219 4592 3343 4638 sunt
3367 4598 3581 4652 omnes,
3610 4595 3668 4642 ut

2084 4663 2141 4718 in
2170 4665 2588 4736 quadragenario
2616 4684 2840 4724 numero
2866 4670 3003 4727 bene
3043 4673 3254 4741 vivant,
3299 4683 3352 4731 et
3391 4675 3666 4735 denarium

2084 4755 2380 4827 accipiant,
2410 4758 2582 4829 ipsum
2611 4760 3119 4833 quinquagenarium
3148 4774 3227 4820 ter
3251 4767 3543 4837 multiplica
3561 4808 3579 4835 ,
3614 4779 3669 4826 ct

2083 4848 2218 4905 ﬁunt
2249 4859 2462 4906 centum
2509 4853 2904 4926 quinquqinta.
2947 4856 3097 4912 Adde
3134 4859 3307 4928 ipsum
3354 4863 3667 4933 mysterium

2084 4943 2393 5012 Trinitatis,
2421 4945 2555 5002 ﬁunt
2595 4958 2808 5004 centum
2855 4951 3228 5021 quinquaginta
3274 4962 3420 5021 tres,
3461 4957 3549 5026 qui
3589 4958 3669 5028 pi-

2087 5035 2257 5089 scium
2283 5051 2533 5094 numcrus
2559 5040 2611 5093 in
2632 5039 2848 5095 dextera
2865 5041 3109 5097 inventus
3134 5052 3216 5098 est
3240 5063 3253 5098 :
3282 5046 3335 5099 in
3361 5062 3466 5116 quo
3489 5055 3668 5105 tamen

2085 5147 2309 5187 numero
2335 5133 2737 5191 innumerabilia
2767 5145 2887 5191 sunt
2934 5136 3096 5192 millia
3142 5149 3467 5196 sanctorum.
3519 5141 3670 5200 Unde

2085 5222 2218 5277 nulli
2246 5224 2370 5278 mali
2418 5226 2780 5296 projicientur,
2810 5227 2929 5297 quia
2961 5243 3068 5283 non
3105 5229 3174 5285 ibi
3202 5240 3361 5286 erunt
3390 5249 3404 5285 :
3436 5248 3533 5289 nec
3560 5234 3669 5290 ullo

2085 5314 2374 5373 schismate
2396 5319 2528 5373 retia
2555 5318 2969 5389 disrumpentur,
3001 5336 3120 5391 quae
3163 5331 3286 5377 sunt
3315 5323 3523 5381 vincula
3548 5325 3669 5383 uni-

2084 5407 2208 5462 tatis
2236 5417 2289 5462 et
2305 5410 2470 5479 pacis.

2156 5498 2380 5557 CAPUT
2409 5500 2521 5555 XII.
2549 5531 2618 5543 -—
2649 5502 2735 5557 12.
2763 5504 3111 5579 Quadraginta
3140 5508 3247 5563 dies
3265 5518 3408 5576 ante,
3442 5521 3490 5564 et
3523 5511 3671 5583 quin-

2087 5593 2326 5663 quaginta
2379 5603 2491 5664 post
2540 5594 2760 5651 Pascha.
2818 5597 3050 5654 Carnutis
3097 5605 3339 5672 festorum
3381 5605 3666 5661 celebratio.

2087 5682 2322 5756 Perfecta
2373 5686 2640 5742 beatitudo.
2692 5689 2833 5747 Satis
2893 5707 3012 5749 esse
3070 5695 3301 5751 arbitror
3368 5699 3668 5768 expositum

2082 5778 2283 5852 grande
2328 5782 2656 5853 mysterium.
2702 5782 2808 5847 Sed
2849 5784 2995 5845 scitis
3037 5787 3179 5859 quod
3196 5787 3273 5855 ad
3301 5803 3400 5846 nos
3436 5790 3669 5859 pertinet
