4070 6330
445 293 586 370 “79

441 413 584 483 bene
619 411 830 488 operari.
873 418 1114 484 teme
1165 410 1600 484 quadragesimo,
1633 419 1704 476 ut
1753 407 2018 481 possimus

444 503 727 568 Dominum
776 503 993 562 laudare
1039 504 1093 562 in
1120 503 1574 574 quinquagesimo.
1622 501 1745 562 Ideo
1790 500 2016 572 quadra-

439 598 583 668 ginta
611 597 728 656 illos
752 595 866 654 dies
887 636 903 664 ,
931 604 1216 668 antequam
1243 597 1517 668 vigilemus
1537 637 1551 662 ,
1584 594 1635 656 in
1663 595 1841 650 labore
1863 603 1915 658 et
1935 592 2017 662 je-

432 687 582 758 junio
619 695 673 748 et
715 687 1037 753 abstinentia
1087 689 1416 748 celebramus
1465 707 1478 744 :
1530 687 1828 760 signiﬁcant
1873 686 2018 744 enim

436 779 768 854 praesentiam
798 779 953 850 hujus
983 781 1254 852 temporis.
1283 781 1412 838 Post
1441 784 1884 840 resurrectionem
1919 793 2016 834 au-

437 877 542 928 tem
575 868 817 940 Domini,
846 873 967 943 quia
1012 873 1097 930 isti
1142 873 1254 930 dies
1293 873 1588 944 signiﬁcant
1616 874 1849 930 hetitiam
1876 887 2017 932 sem-

435 959 696 1031 piternam
728 963 984 1036 (nondum
1010 963 1112 1030 hoc
1139 973 1299 1034 sunt,
1344 965 1439 1028 sed
1467 966 1569 1024 hoc
1593 965 1888 1036 signiﬁcant
1917 982 1929 1018 :
1962 964 2017 1020 in

434 1059 686 1130 mysterio
730 1072 818 1112 res
857 1069 972 1126 est,
1015 1058 1236 1124 fratres,
1283 1059 1516 1118 nondum
1549 1061 1600 1116 in
1643 1058 1872 1115 eliectn:
1909 1072 2016 1114 non

435 1149 576 1208 enim
622 1149 834 1221 quando
863 1149 1163 1210 celebratur
1192 1151 1424 1219 Pascha,
1469 1151 1792 1220 cruciﬁgitur
1841 1149 2015 1208 Detul-

433 1257 533 1300 nus
559 1261 571 1294 :
599 1242 690 1300 sed
712 1243 976 1314 quomodo
998 1245 1261 1315 praeterita
1283 1246 1639 1304 anniversaria
1661 1245 2018 1301 celebratione

434 1336 788 1406 signiﬁmntus
809 1378 822 1404 ,
856 1337 934 1398 sic
959 1345 1012 1407 et
1038 1337 1214 1402 futura
1259 1354 1377 1408 qua:
1421 1339 1655 1396 nondum
1697 1339 1841 1407 sunt)
1872 1357 1884 1392 :
1914 1337 2016 1394 isto

433 1442 558 1504 ergo
590 1435 826 1498 tempore
857 1429 1163 1490 relaxantur
1201 1430 1433 1500 jejunia;
1461 1431 1724 1502 signiﬁcat
1746 1431 1887 1486 enim
1915 1446 2016 1486 nu-

431 1532 611 1584 merus
635 1519 842 1580 dierum
878 1520 1099 1582 istorum
1127 1523 1358 1592 quietem
1386 1523 1631 1582 futuram.
1666 1523 1770 1580 Sed
1808 1523 2015 1590 videte,

433 1612 620 1668 fratres
644 1654 657 1678 ,
705 1629 771 1668 ne
813 1629 907 1683 per
941 1615 1159 1672 multam
1204 1616 1562 1676 ebriositatem
1592 1617 1739 1688 quasi
1769 1615 2017 1686 permissi

431 1721 620 1778 magna
659 1705 947 1774 cliusione,
994 1709 1280 1766 carnaliter
1305 1709 1540 1764 volentes
1569 1708 1840 1766 celebrare
1886 1709 2016 1763 istos

432 1798 584 1868 dies,
618 1815 722 1858 non
755 1800 1064 1864 mereamini
1109 1802 1249 1871 quod
1295 1803 1591 1872 signiﬁcant
1637 1803 1690 1857 in
1734 1801 2016 1871 sempiter-

431 1909 556 1953 num
578 1909 696 1952 cum
726 1893 938 1964 Angelis
963 1894 1254 1954 celebrare.
1284 1894 1442 1952 Forte
1463 1897 1603 1953 enim
1631 1910 2016 1967 quemcumque

430 1985 635 2048 ebrium
661 1985 1056 2055 reprehendero
1074 2027 1088 2053 ,
1117 1987 1354 2042 dicturus
1380 1995 1462 2044 est
1487 2007 1499 2042 :
1535 1986 1612 2044 Tu
1643 1987 1797 2043 nobis
1824 1997 2017 2042 tracta-

431 2080 498 2140 sti
525 2081 646 2158 quia
673 2080 757 2138 isti
787 2080 898 2136 dies
927 2081 1160 2138 laetitiam
1188 2082 1568 2152 sempiternam
1599 2083 1930 2153 signiﬁcant;
1961 2093 2014 2137 tu

432 2174 584 2236 nobis
609 2174 885 2235 insinuasti
911 2174 1034 2244 quia
1062 2174 1162 2230 hoc
1191 2183 1398 2244 tempus
1426 2175 1674 2245 gaudium
1719 2175 2016 2246 angelicum

431 2279 485 2329 at
506 2269 727 2326 caeleste
757 2269 1074 2339 praenuntiat
1102 2285 1114 2322 :
1149 2284 1252 2325 non
1281 2284 1406 2339 ergo
1431 2269 1586 2324 debui
1628 2284 1833 2323 mecum
1880 2269 2017 2323 bene

430 2360 641 2419 heare?
671 2360 884 2424 Utinam
925 2361 1063 2416 bene
1086 2403 1101 2427 ,
1145 2368 1200 2416 et
1236 2375 1341 2416 non
1389 2361 1546 2415 male.
1575 2359 1846 2432 Signiﬁcat
1874 2359 2015 2418 enim

435 2453 524 2514 tibi
555 2452 833 2524 gaudium,
867 2452 910 2508 si
955 2451 1122 2508 fueris
1155 2454 1408 2523 templum
1443 2453 1556 2508 Dei.
1587 2453 1641 2508 Si
1685 2463 1860 2508 autem
1912 2454 2015 2507 im-

432 2544 687 2602 munditia
717 2545 1019 2602 vinolentia:
1046 2545 1266 2615 impleas
1293 2546 1546 2615 templum
1575 2545 1665 2600 Dei
1691 2587 1705 2610 ,
1741 2554 1894 2601 sonat
1921 2546 2015 2600 tibi

431 2637 734 2707 Apostolus,
759 2636 996 2709 Quisquis
1012 2637 1251 2707 templum
1280 2636 1379 2692 Dei
1395 2643 1672 2708 corruperit
1695 2681 1707 2704 ,
1730 2648 2016 2708 corrumpet

430 2728 573 2785 illum
585 2727 724 2786 Deus
739 2728 782 2798 (l
796 2729 1027 2797 Cor.ut,i
1040 2728 1112 2799 7).
1131 2729 1211 2785 Sit
1226 2728 1325 2784 hoc
1335 2730 1688 2801 conscriptum
1707 2730 1758 2784 in
1769 2730 2015 2786 cordibus

430 2819 735 2881 Sauctitatis
772 2829 998 2887 vestrm,
1047 2821 1321 2876 meliorem
1367 2836 1485 2880 esse
1529 2822 1796 2877 hominem
1839 2823 2016 2878 minus

430 2915 810 2985 intelligentem
834 2923 888 2970 et
913 2915 1105 2969 melius
1131 2915 1394 2969 virentem
1415 2957 1430 2982 ,
1465 2931 1621 2985 quam
1666 2917 1907 2988 multum
1933 2917 2014 2971 in-

433 3006 761 3075 telligentem
785 3011 840 3061 et
867 3019 972 3059 non
1019 3005 1155 3060 bene
1183 3005 1466 3060 viventem.
1497 3005 1774 3060 Plenitudo
1801 3007 2015 3077 quidem

433 3109 516 3159 Cll
539 3106 593 3154 et
617 3097 888 3154 beatitudo
916 3098 1149 3167 perfecta
1175 3140 1188 3164 ,
1223 3107 1277 3152 ut
1306 3099 1412 3152 cito
1441 3099 1663 3170 quisque
1686 3101 1943 3170 intelligat
1963 3107 2017 3154 et

433 3191 569 3252 bene
594 3191 735 3245 vivat
762 3207 774 3242 :
803 3189 896 3244 sed
923 3191 967 3244 si
989 3189 1123 3245 forte
1152 3201 1432 3260 utrumque
1457 3206 1560 3245 non
1588 3200 1759 3260 potest
1783 3233 1797 3258 ,
1829 3193 2016 3247 melius

433 3292 514 3338 est
543 3283 677 3338 bene
702 3281 880 3336 vivere
902 3322 917 3347 ,
948 3297 1104 3352 quam
1127 3281 1233 3336 cito
1257 3281 1568 3352 intelligere.
1594 3283 1692 3350 Qui
1713 3283 1852 3337 enim
1880 3282 2016 3338 bene

432 3376 562 3434 vivit
583 3415 599 3443 ,
629 3384 861 3430 meretur
887 3375 1114 3445 amplius
1143 3375 1434 3446 intelligere
1463 3393 1475 3429 :
1499 3375 1588 3445 qui
1613 3376 1750 3430 male
1769 3376 1925 3441 vivit,
1962 3385 2018 3432 et

432 3466 574 3538 quod
602 3467 845 3537 intelligit
873 3466 1077 3537 perdet.
1107 3467 1194 3522 Sic
1219 3467 1416 3522 dictum
1445 3476 1526 3521 est
1556 3486 1568 3520 :
1596 3466 1696 3532 Qui
1720 3467 1897 3533 habet,
1925 3469 2018 3520 da-

433 3559 568 3614 bitur
601 3559 679 3623 ei;
707 3560 792 3630 qui
815 3570 982 3614 autent
1009 3576 1110 3614 nan
1141 3559 1311 3626 habet,
1354 3570 1401 3614 et
1443 3561 1495 3614 id
1533 3561 1667 3633 quod
1703 3561 1894 3616 videtur
1920 3561 2015 3615 Ita-

432 3649 545 3708 ὕστα
563 3690 578 3719 ,
608 3654 867 3725 auferetur
891 3651 954 3705 ab
979 3665 1041 3705 eo
1060 3651 1273 3721 (Matth.
1302 3667 1426 3718 xxv,
1456 3653 1570 3724 9.0).

899 3783 1128 3842 SEBMO
1168 3786 1366 3843 CCLIIl
1395 3791 1413 3810 α
1447 3786 1540 3860 (α).

810 3902 858 3952 tn
881 3897 1054 3952 diebus
1075 3897 1375 3954 Paschalibus
1398 3898 1468 3962 (ὑ)
1494 3912 1632 3952 xxiv.

434 4000 515 4064 De
576 4001 755 4062 ultima
811 4001 1020 4064 (ratione
1089 4003 1350 4074 Evangelii
1407 4004 1658 4071 Joannis,
1719 4020 1834 4076 cap.
1902 4021 2010 4072 ut,

1077 4094 1112 4163 ὶ
1137 4132 1150 4148 .
1204 4095 1378 4152 15-25.

509 4205 737 4265 CAPUT
759 4205 1042 4263 PRIMUM.
1056 4238 1126 4249 —
1143 4210 1165 4262 Ι
1181 4249 1193 4262 .
1214 4207 1396 4264 Petrus
1411 4211 1471 4264 ob
1485 4211 1667 4265 trinam
1683 4213 2012 4284 negationem,

433 4299 852 4370 teriuterrogatus
863 4301 924 4353 de
933 4316 1026 4354 sua
1039 4301 1316 4358 dilectione.
1337 4301 1442 4354 Eva
1449 4304 1676 4372 ngelium
1690 4308 1852 4359 sancti
1866 4303 2017 4359 Joan-

434 4393 522 4448 nis
546 4391 802 4462 apostoli,
828 4390 970 4461 quod
997 4391 1189 4446 dicitur
1215 4393 1508 4448 secundum
1538 4394 1792 4450 Joannem
1813 4437 1827 4461 ,
1858 4395 2016 4450 hodie

433 4482 774 4538 terminatam
803 4490 920 4549 est,
961 4482 1028 4537 de
1057 4482 1140 4537 his
1175 4500 1292 4554 quae
1335 4485 1566 4540 narravit
1607 4487 1872 4556 quomodo
1918 4503 2014 4557 ap-

431 4575 669 4645 paruerit
687 4573 940 4628 Dominus
957 4581 1078 4644 post
1101 4575 1543 4631 resurrectionem
1560 4575 1831 4646 discipulis
1846 4578 1954 4632 suis
1974 4578 2012 4631 ί.

430 4663 784 4734 (hapalth
809 4679 936 4734 ergo
958 4666 1258 4735 apostolum
1290 4666 1498 4720 Petrum
1517 4709 1530 4733 ,
1572 4667 1714 4723 illum
1757 4682 2016 4738 praesum-

431 4763 644 4825 ptor-ein
668 4763 724 4818 et
760 4765 1065 4828 negatorem
1093 4798 1107 4825 ,
1135 4773 1254 4814 cum
1297 4759 1604 4828 loqueretur
1633 4761 1682 4816 ci
1717 4761 1824 4830 jam
1865 4761 2016 4816 vivus

431 4855 607 4904 κοῖαι
627 4847 834 4902 devicta
856 4890 870 4914 ,
893 4859 951 4910 et
975 4849 1183 4905 dicebat
1209 4867 1221 4902 :
1253 4850 1431 4904 Simon
1475 4850 1691 4906 Joamtis
1733 4853 1830 4924 (sic
1873 4855 2014 4909 etaim

433 4938 802 5008 appellabatur
822 4941 1053 5011 Petrus),
1067 4957 1209 4996 antas
1235 4958 1312 4995 me
1327 4943 1352 4995 7
1365 4941 1737 5014 Respondebat
1765 4946 1852 4999 ille
1876 4949 2016 5017 quod

430 5031 628 5087 eratin
651 5031 811 5086 corde
838 5033 1022 5102 ipsius.
1073 5033 1126 5088 Si
1172 5034 1358 5088 Petrus
1384 5035 1738 5104 respondebat
1781 5039 1922 5108 quod
1965 5042 2015 5094 in

500 5166 516 5195 ¹
537 5168 933 5236 Sermonishttjns
951 5167 1134 5217 initium
1153 5169 1219 5236 sic
1242 5182 1298 5236 se
1315 5169 1462 5218 habet
1478 5170 1600 5232 apud
1625 5178 1698 5236 Er.
1725 5173 1870 5236 Lugd.
1896 5181 2013 5222 \‘en.

433 5232 550 5298 trav.
556 5241 567 5275 :
591 5228 744 5280 Hodie
758 5229 1062 5298 terminatum
1068 5238 1140 5298 est
1156 5231 1216 5281 de
1233 5230 1309 5284 Itis
1319 5244 1431 5295 qua:
1440 5228 1651 5298 narrata!
1663 5228 1893 5298 Joannes,
1907 5249 2020 5298 quo-

435 5289 580 5401 ἔξω
611 5292 896 5399 qqtparuerit
939 5293 1166 5346 Romanis
1204 5301 1305 5359 post
1337 5289 1739 5354 resurrectimmn
1771 5289 2021 5361 discipulis

505 5416 521 5433 '
540 5414 831 5464 Emendatus
852 5416 912 5464 ad
935 5415 965 5463 Γ.
985 5430 1024 5465 r.
1044 5424 1079 5466 t.
1114 5432 1160 5466 v.
1183 5426 1234 5468 et
1257 5419 1313 5468 ad
1338 5427 1438 5466 Am.
1464 5425 1537 5468 Er.
1559 5427 1659 5469 l‘ar.
1683 5427 1792 5470 [σν.

505 5475 580 5596 ἕωέ
607 5477 746 5536 Alias,
769 5477 831 5524 de
857 5485 1092 5550 't‘en'tpore
1120 5480 1226 5532 H9.

526 5535 552 5584 b
597 5542 645 5584 tn
669 5545 843 5587 vetere
865 5538 1147 5590 tilortacensi
1171 5557 1226 5589 eo

526 5535 573 5606 ζ’)
597 5542 645 5606 tn
669 5545 843 5606 vetere
865 5535 1147 5606 Floriaeensi
1171 5542 1334 5591 codice
1359 5551 1666 5606 prmaotalur,
1697 5545 1923 5596 «Habitus
1942 5546 2022 5598 die

439 5597 658 5670 abbate.
679 5615 714 5670 »-
948 5601 1049 5652 diei
1075 5607 1128 5652 in
1149 5597 1484 5670 silanuscriptis
1518 5597 1805 5670 assignatur,
1850 5611 1932 5670 qui
1974 5597 2022 5658 in

443 5659 678 5732 eamdem.
701 5659 964 5732 lectionem
997 5667 1289 5732 compositus
1316 5659 1404 5717 est-
1429 5683 1590 5726 sermo
1615 5659 1764 5732 supra
1793 5659 1914 5727 ⁷14³1.
1959 5672 2020 5724 Ad

429 5723 760 5834 gensetiam
790 5725 920 5777 diem
961 5723 1173 5794 pertinet
1210 5729 1332 5780 forte
1359 5723 1577 5794 ejusdem
1615 5723 1885 5802 argumenti
1919 5723 2024 5796 sct-

635 5819 650 5840 1

1649 291 1705 350 s.
1746 287 2114 363 Augusrmt
2149 288 2451 364 EPiSCOPI

3565 296 3706 368 “80

2129 405 2291 466 corde
2320 407 2577 474 habebat;
2612 399 2866 479 Dominus
2887 422 3053 481 quare
3073 409 3379 488 querebat,
3403 411 3495 486 qui
3519 429 3614 476 cor
3634 420 3729 487 vis.

2124 499 2317 568 debat?
2343 501 2578 572 Denique
2617 502 2732 571 ipse
2771 503 2930 570 etiam
2960 503 3148 574 Petrus
3172 505 3482 578 mirabatur,
3513 517 3568 568 et
3589 525 3715 570 cum

2123 593 2356 663 quodam
2387 593 2544 654 ttedio
2589 595 2838 658 audiebat
2880 606 3245 669 quaerentem,
3285 616 3444 672 quem
3495 613 3722 666 noverat

2123 685 2398 744 scientem.
2429 683 2606 744 Semel
2648 687 2846 752 dictum
2886 697 3008 754 est;
3048 689 3204 756 Amas
3232 694 3352 748 me?
3379 694 3722 766 Responsum

2123 785 2207 836 est
2231 795 2244 830 :
2277 775 2448 849 Diligo
2473 787 2549 846 te,
2571 777 2789 846 Domine
2805 819 2820 848 ,
2847 788 2901 840 tu
2921 781 3039 844 scis.
3070 781 3139 840 Et
3166 783 3390 852 iterum:
3414 786 3568 850 Amas
3598 806 3678 846 me
3695 768 3737 846 2⁸

2125 866 2365 937 Domine,
2420 879 2473 926 tu
2497 871 2664 930 omnia
2691 873 2858 938 uasti;
2887 881 2940 935 tu
2960 875 3057 940 scis
3083 875 3202 946 quia
3227 876 3382 948 diligo
3408 886 3475 942 te.
3505 879 3576 940 Et
3606 889 3722 948 ter-

2123 959 2229 1024 tio,
2261 961 2414 1015 Amas
2441 963 2556 1016 me?
2583 959 2934 1020 Contristatus
2972 974 3054 1021 est
3081 967 3289 1022 Petrus.
3336 969 3474 1036 Quid
3512 974 3721 1032 contri-

2122 1051 2312 1119 staris,
2357 1053 2514 1110 Petre
2537 1095 2552 1122 ,
2585 1056 2707 1125 quia
2738 1065 2817 1114 ter
2860 1059 3152 1129 respondes
3189 1064 3467 1119 amorem?
3510 1064 3724 1124 Oblitus
3772 1119 3774 1122 ,

2122 1157 2180 1246 es
2206 1144 2397 1200 trinum
2430 1146 2676 1210 timor-em
2697 1149 2720 1204 ἳ
2745 1149 2872 1210 Sine
2898 1150 3192 1224 interth
3214 1162 3268 1214 te
3286 1154 3542 1222 Dominus
3569 1174 3583 1212 :
3611 1173 3724 1214 me-

2123 1233 2276 1290 dicus
2315 1247 2400 1292 est
2446 1238 2536 1308 qui
2588 1248 2642 1298 te
2686 1241 3016 1314 interrogat,
3054 1243 3122 1300 ad
3163 1248 3444 1308 sanitatem
3487 1250 3725 1318 pertinet

2125 1327 2267 1397 quod
2301 1329 2608 1404 interrogat.
2640 1332 2759 1390 Noli
2787 1335 2943 1394 ttedio
2969 1336 3130 1394 afﬁci.
3163 1338 3430 1410 Exspecta
3451 1382 3466 1407 ,
3494 1342 3724 1413 implea-

2125 1430 2208 1478 tur
2223 1439 2477 1482 numerus
2495 1424 2526 1478 d
2537 1426 2815 1500 ilectionis,
2833 1438 2888 1486 ut
2903 1427 3079 1488 doleat
3093 1447 3377 1496 numerum
3393 1435 3718 1505 negationis.

2192 1514 2245 1568 2.
2265 1514 2593 1572 Dilectionem
2610 1517 2835 1574 Christus
2856 1520 3080 1590 postulat
3098 1520 3193 1578 sibi
3213 1538 3335 1593 erga
3349 1539 3462 1580 oues
3482 1540 3601 1580 suas
3620 1526 3722 1584 im-

2123 1607 2297 1678 pendi.
2329 1608 2532 1679 Ubique
2561 1621 2735 1668 tamen
2761 1653 2776 1679 ,
2808 1612 3005 1683 ubique
3028 1655 3044 1681 ,
3076 1614 3130 1670 id
3159 1623 3242 1670 est
3263 1657 3278 1682 ,
3312 1616 3368 1672 in
3393 1617 3511 1688 ipso
3532 1626 3719 1678 terna-2

2123 1699 2203 1754 rio
2223 1715 2444 1766 numero
2461 1701 2890 1774 interrogationis
2911 1721 3022 1762 sua:
3047 1707 3303 1766 Dominus
3317 1708 3475 1770 Jesus
3494 1726 3716 1782 respono

2123 1791 2267 1858 denti
2292 1809 2530 1852 amorem
2558 1798 2895 1856 commendat
2921 1814 3086 1870 agnos
3112 1814 3260 1868 suos,
3291 1810 3347 1858 et
3369 1802 3520 1869 dicit,
3555 1803 3720 1862 Pasce

2122 1901 2281 1956 agnos
2301 1903 2467 1953 meos,
2501 1904 2650 1958 pasce
2673 1907 2785 1944 oves
2807 1907 2942 1946 meas
2975 1906 2994 1946 :
3026 1900 3276 1963 tanquam
3306 1894 3544 1963 diceret,
3576 1897 3721 1964 Quid

2122 1977 2250 2032 mihi
2267 1979 2537 2047 retribuis,
2554 1981 2673 2051 quia
2691 1981 2866 2052 diligis
2883 1983 2992 2038 me?
3009 1984 3354 2048 Dilectionem
3375 1995 3522 2044 tuam
3539 1999 3722 2052 osten-

2122 2067 2188 2126 de
2215 2069 2264 2123 in
2287 2070 2477 2126 ovibus
2497 2072 2650 2128 meis.
2673 2073 2810 2140 Quid
2835 2074 2964 2130 tnihi
2992 2084 3236 2143 praistas,
3259 2077 3383 2147 quia
3408 2078 3586 2150 diligis
3605 2097 3718 2151 me;

2123 2161 2332 2230 quando
2353 2177 2451 2232 ego
2480 2161 2573 2220 tibi
2595 2164 2836 2232 pt'wstiti,
2857 2175 2913 2224 ut
2933 2165 3182 2237 diligeres
3206 2169 3316 2224 me?
3336 2169 3444 2226 Sed
3470 2170 3721 2230 dilectio-

2123 2269 2244 2310 nem
2265 2263 2406 2312 tnnm
2425 2272 2547 2326 erga
2567 2272 2671 2322 me,
2692 2258 2856 2316 habes
2874 2260 2961 2316 ubi
2981 2261 3254 2328 ostendas,
3277 2261 3444 2322 habes
3460 2265 3550 2324 ubi
3569 2282 3725 2324 exer-

2122 2359 2246 2404 ceas
2270 2365 2282 2400 ε
2309 2364 2458 2416 pasce
2477 2365 2635 2419 agnos
2655 2365 2810 2408 meos.

2192 2437 2418 2498 CAPUT
2449 2439 2513 2498 li.
2537 2470 2609 2480 -—
2625 2440 2866 2507 Qualiter
2890 2450 3070 2502 autem
3109 2455 3291 2502 essent
3318 2447 3570 2516 pascendi
3593 2449 3724 2519 agni

2121 2527 2397 2595 dominici,
2428 2545 2556 2586 ores
2587 2541 2732 2596 tanto
2762 2533 2933 2602 pretio
2959 2545 3281 2606 comparatae
3309 2548 3506 2608 quanta
3533 2550 3724 2604 essent

2122 2618 2406 2678 dilectione
2436 2621 2716 2691 pascendae
2740 2665 2755 2690 ,
2801 2623 2856 2680 in
2897 2627 3347 2696 consequentibus
3374 2629 3720 2700 demonstra-

2123 2710 2215 2764 sit.
2255 2711 2544 2782 Postquam
2585 2714 2727 2770 enim
2755 2715 2947 2780 Petrus
2973 2716 3196 2788 impleto
3227 2720 3466 2790 legitimo
3491 2738 3724 2782 numero

2122 2803 2277 2856 trina:
2309 2805 2675 2874 responsionis
2715 2806 2988 2878 professus
3014 2818 3099 2866 est
3137 2824 3201 2870 se
3243 2826 3365 2870 esse
3392 2814 3604 2872 Domini
3633 2816 3721 2870 di-

2123 2892 2397 2958 lecun‘em,
2429 2896 2821 2962 commendatis
2845 2898 2944 2958 sibi
2970 2899 3160 2958 ovibus
3186 2901 3323 2974 ejus,
3351 2904 3499 2965 audit
3523 2905 3595 2966 de
3619 2920 3722 2976 sua

2122 2985 2295 3046 futura
2326 2989 2594 3057 passione.
2625 2990 2720 3048 ilic
2748 2990 3136 3063 demonstravit
3163 2995 3420 3056 Dominus
3445 3038 3459 3064 ,
3488 2998 3568 3054 sic
3591 2998 3722 3064 ditis

2121 3079 2325 3150 gendas
2344 3095 2472 3136 oves
2499 3096 2625 3140 suas
2643 3082 2712 3140 ab
2733 3083 2809 3138 eis
2827 3085 3023 3153 quibus
3046 3101 3140 3146 eas
3165 3089 3525 3158 conmmendat,
3550 3099 3608 3146 ut
3625 3107 3725 3161 pa.-

2123 3171 2224 3228 rati
2247 3172 2353 3228 sint
2372 3173 2506 3230 ωσι-ἱ
2531 3188 2626 3241 pro
2643 3174 2744 3232 eis.
2762 3175 2848 3230 Sic
2869 3175 3009 3240 idem
3031 3176 3266 3244 Joannes
3285 3179 3338 3232 in
3361 3179 3600 3250 Epistula
3619 3195 3723 3251 sua

2123 3264 2198 3318 ait
2229 3281 2241 3317 :
2277 3265 2423 3322 Sicut
2449 3283 2540 3336 pro
2565 3266 2707 3324 nobis
2731 3267 2960 3326 Christus
2983 3273 3210 3330 animum
3233 3288 3380 3326 suam
3407 3274 3574 3343 posuit
3598 3315 3615 3342 ,
3645 3274 3723 3340 si;

2123 3365 2170 3408 et
2212 3373 2305 3414 nos
2333 3357 2570 3418 debemus
2612 3375 2705 3428 pro
2747 3360 2988 3430 fratribus
3015 3363 3212 3424 animus
3253 3380 3441 3433 ponere
3483 3365 3529 3437 (Ι
3557 3363 3718 3424 Jaau.

2126 3463 2223 3513 ιιι,
2260 3447 2372 3517 t6).

2197 3540 2249 3594 5.
2289 3538 2472 3596 Petrus
2493 3539 2556 3594 de
2579 3557 2633 3602 se
2655 3549 2772 3596 ante
2798 3542 3030 3612 inﬁrmus
3051 3585 3065 3610 ,
3096 3561 3227 3599 nunc
3251 3563 3314 3602 ea:
3337 3547 3505 3619 gratia
3529 3546 3721 3620 Christi

2124 3639 2354 3688 maturus
2381 3630 2450 3688 ad
2475 3634 2779 3702 passionem.
2811 3634 3180 3704 Respondet‘at
3207 3653 3339 3709 ergo
3367 3640 3594 3698 Domino
3620 3641 3726 3698 Pe-

2123 3732 2240 3781 trus
2263 3738 2357 3792 per
2376 3725 2662 3793 superbam
2683 3727 2970 3796 quamdam
2992 3732 3486 3801 praesumptionem,
3504 3735 3724 3805 quando

2121 3814 2173 3874 ei
2199 3816 2428 3883 dixerat,
2458 3817 2693 3874 Animam
2720 3835 2882 3878 meum
2913 3837 3006 3890 pro
3033 3831 3080 3875 te
3103 3839 3308 3891 ponam.
3350 3824 3596 3882 Nondum
3626 3842 3722 3882 ac-

2123 3917 2342 3978 ceperat
2371 3908 2534 3974 vires,
2567 3911 2757 3980 quibus
2786 3911 3028 3982 impleret
3048 3915 3394 3984 promissum.
3423 3916 3580 3974 Modo
3607 3917 3722 3988 jam

2123 4013 2185 4062 ut
2211 4004 2378 4072 possit
2424 4004 2528 4062 hoc
2565 4003 2777 4071 facere,
2812 4005 3062 4076 impletur
3088 4007 3367 4064 charitate.
3397 4009 3522 4074 ideo
3545 4011 3596 4070 ei
3640 4011 3725 4071 di.-

2119 4098 2262 4154 citur
2285 4139 2300 4164 ,
2331 4097 2487 4152 Amas
2513 4097 2637 4158 me?
2665 4098 2732 4159 Et
2763 4099 3057 4167 respondet
3075 4141 3090 4166 ,
3125 4101 3253 4158 Amo
3283 4118 3303 4156 :
3330 4104 3454 4173 quia
3480 4102 3581 4167 hoc
3605 4119 3723 4170 non

2124 4188 2312 4257 implet
2335 4187 2439 4252 nisi
2463 4187 2719 4250 Charitas.
2745 4189 2882 4255 Quid
2904 4199 2985 4252 est
3005 4206 3160 4262 ergo,
3181 4191 3338 4256 Petre
3351 4194 3372 4247 i
3387 4194 3604 4265 quamn
3621 4211 3723 4260 ne.-

2119 4282 2281 4353 gasti,
2311 4282 2439 4353 quid
2463 4282 2687 4342 timuisti
2712 4284 2735 4336 Ὶ
2764 4282 2956 4342 Totam
2981 4283 3127 4354 quod
3163 4285 3410 4354 timuisti,
3435 4287 3543 4350 hac
3575 4297 3720 4360 erat,

2123 4376 2284 4436 mori.
2318 4374 2481 4430 Vivus
2509 4383 2688 4444 tech
2716 4375 2985 4444 loquitur,
3011 4393 3174 4446 quem
3203 4387 3474 4444 mortuum
3497 4380 3716 4444 Vidisti:

2122 4467 2237 4532 noli
2260 4466 2368 4536 jam
2401 4466 2591 4528 timere
2616 4474 2886 4534 omnem;
2915 4468 2970 4530 in
2999 4468 3087 4534 illo
3116 4469 3253 4528 victa
3277 4471 3401 4530 est1
3422 4512 3437 4538 ,
3463 4486 3623 4542 quam
3653 4473 3724 4528 li-

2123 4557 2334 4618 mebas.
2365 4556 2624 4626 Ponenda
2651 4557 2705 4616 in
2728 4571 2885 4622 cruce
2910 4599 2924 4623 ,
2956 4561 3199 4622 conﬁxus
3221 4561 3524 4636 estclavis,
3555 4563 3720 4634 spiris

2122 4656 2237 4710 tum
2263 4647 2498 4712 reddidit
2521 4689 2536 4715 ,
2567 4648 2750 4710 lancea
2781 4665 3072 4720 percussus
3098 4661 3181 4714 est
3199 4695 3218 4726 ,
3247 4655 3304 4720 in
3330 4655 3579 4726 sepulcro
3615 4672 3720 4733 po~

2124 4738 2279 4804 situs.
2309 4737 2421 4796 lioc
2447 4739 2688 4810 timuisti,
2713 4741 2926 4812 quando
2943 4745 3183 4814 negasti;
3209 4761 3277 4800 ue
3307 4746 3410 4811 hoc
3431 4748 3716 4824 patereris,

2125 4830 2346 4892 tinuiin
2371 4848 2384 4898 ;
2412 4839 2469 4886 et
2509 4839 2735 4896 mortem
2779 4833 3017 4892 timendo
3040 4876 3056 4903 ,
3089 4836 3250 4896 vitam
3289 4839 3516 4909 negasti.
3563 4839 3724 4902 Modo

2125 4922 2360 4994 intellige
2392 4939 2404 4976 :
2438 4922 2654 4993 quando
2703 4924 2922 4986 timuisti
2968 4927 3103 4992 lucri
3128 4968 3144 4994 ,
3177 4937 3304 4986 tunc
3349 4943 3409 4986 es
3452 4939 3716 4990 mortuus.

2125 5013 2361 5076 Mortuus
2387 5022 2469 5078 est
2497 5015 2638 5072 enim
2669 5016 2911 5086 negando
2945 5035 2958 5070 :
2989 5017 3086 5080 sed
3114 5020 3406 5078 resurrexit
3430 5021 3718 5097 plorando.

2123 5107 2264 5176 Quid
2293 5106 2486 5166 deinde
2509 5109 2583 5168 ait
2605 5108 2728 5168 illi?
2759 5109 2979 5178 Sequere
3000 5128 3078 5166 me
3108 5129 3122 5141 ·
3149 5113 3328 5169 sciens
3349 5114 3466 5183 ejus
3491 5119 3721 5172 maturi-

2124 5209 2312 5268 tatem.
2340 5200 2397 5256 Si
2424 5201 2570 5256 enim
2597 5203 2934 5268 meministis,
2965 5206 3074 5260 imo
3095 5207 3220 5276 quia
3246 5209 3607 5270 meminerunt
3625 5213 3720 5282 qui

2127 5292 2394 5363 legerunt;
2414 5305 2902 5360 contmemomnlur
2915 5298 3078 5361 etiam
3096 5299 3185 5368 qui
3205 5313 3312 5358 non
3334 5301 3717 5370 meminerunt,

2120 5394 2221 5448 aut
2240 5396 2566 5458 cognoscant
2591 5389 2680 5458 qui
2701 5404 2809 5448 non
2837 5390 3103 5460 legerunt.
3133 5392 3355 5452 Dixerat
3379 5394 3571 5454 Petrus
3591 5413 3605 5450 :
3623 5394 3724 5452 Se.

2129 5495 2258 5549 quar
2285 5488 2331 5542 te
2372 5497 2684 5552 quocumque
2707 5482 2844 5538 utris.
2885 5483 2954 5544 Et
2977 5485 3238 5546 Dominus
3275 5487 3342 5554 ad
3369 5488 3521 5552 illum
3546 5506 3566 5548 ί
3595 5487 3722 5548 Non

2135 5583 2272 5642 potes
2292 5588 2371 5631 me
2393 5574 2535 5643 sequi
2555 5573 2703 5634 modo
2728 5591 2745 5626 :
2765 5576 2984 5646 sequeris
3003 5586 3175 5636 autem
3193 5587 3368 5648 postea
3391 5578 3570 5650 (locu.
3597 5595 3714 5649 xui,

2198 5737 2214 5767 ι
2378 5771 2391 5795 ,
2411 5735 2644 5814 rudest.
2661 5744 2727 5814 at
2744 5742 3079 5814 manuscripti,
3105 5743 3226 5800 ricta
3241 5749 3332 5806 est.
3357 5750 3411 5796 Et
3429 5757 3544 5806 mox
3573 5756 3638 5796 ex

2139 5797 2376 5859 n0nnulli,
2401 5811 2541 5861 quem
2563 5799 2761 5850 ttmcbas
2781 5797 2921 5853 mori.
