4070 6330
367 449 439 506 57
463 487 480 516 ,
511 441 626 515 ω).
673 437 866 504 lado,
901 435 1109 508 inquit,
1155 447 1258 489 non
1299 434 1440 502 potes
1465 441 1486 485 :
1513 423 1816 516 promittis,
1847 419 1943 476 sed

369 514 473 610 ego
495 514 650 593 video
676 532 820 588 vires
858 538 995 585 tuas.
1035 526 1151 596 Ego
1178 537 1367 580 venam
1392 518 1569 577 cordis
1597 514 1820 587 inspicio
1841 555 1857 579 ,
1891 520 1947 610 et

369 604 510 704 quod
536 641 720 684 verum
756 632 840 680 est
865 627 1065 693 aegroto
1084 615 1351 674 renuntio.
1382 612 1503 667 Non
1527 619 1665 682 potes
1700 624 1778 704 nte
1807 604 1947 676 sequi

369 699 541 778 modo.
564 717 670 778 Sed
694 716 796 772 ista
831 712 1024 770 medici
1047 707 1372 766 renuntiatio
1391 745 1408 772 ,
1439 719 1546 760 non
1589 710 1671 759 est
1695 699 1946 768 despera-

369 817 445 871 tio
473 829 488 868 :
517 809 779 883 adiunxit,
809 814 865 862 et
887 806 983 872 ait,
1011 800 1254 872 Sequeris
1281 807 1446 854 autem
1487 810 1680 867 postea.
1712 791 1833 846 Eris
1863 803 1950 844 ea»

369 925 471 964 nus
495 949 512 976 ,
557 912 612 962 et
650 901 890 974 sequeris
914 913 1020 954 me.
1051 896 1167 953 Jam
1195 894 1318 965 quia
1345 890 1490 946 videt
1529 887 1656 959 quid
1682 893 1865 956 agatur
1891 883 1948 938 in

367 999 534 1056 corde
580 995 785 1068 ipsius,
833 999 888 1056 et
931 987 1076 1044 videt
1119 985 1264 1058 quod
1310 984 1506 1039 donum
1556 978 1765 1036 dederit
1809 976 1947 1031 dile-

366 1090 562 1149 ctionis
586 1088 781 1145 animai
805 1083 994 1154 ipsius,
1014 1080 1143 1136 dicit
1167 1079 1216 1134 ei
1248 1095 1264 1135 :
1297 1075 1516 1144 Sequere
1539 1088 1637 1127 me.
1667 1070 1782 1141 Ego
1803 1075 1949 1124 certe

368 1185 658 1247 dixeram,
711 1175 836 1239 Non
879 1181 1020 1246 potes
1059 1171 1210 1232 modo
1240 1185 1259 1224 :
1287 1183 1388 1239 ego
1433 1165 1593 1221 modo
1637 1163 1794 1227 dico,
1848 1161 1949 1216 Se-

367 1291 519 1347 quere
536 1289 633 1328 me.

439 1365 666 1426 CAPUT
693 1363 783 1421 Ill.
803 1363 945 1419 —4’.
987 1357 1213 1429 omnia
1248 1355 1313 1411 de
1345 1352 1504 1410 verbis
1536 1350 1782 1416 Domini,
1823 1364 1948 1421 quo-

370 1461 521 1520 modo
547 1459 666 1514 uelit
689 1469 892 1511 manere
916 1450 1170 1516 Joannem
1195 1449 1352 1502 donec
1379 1446 1559 1502 ueniat.
1590 1441 1694 1498 Sed
1719 1449 1841 1496 nata
1869 1447 1954 1498 est

369 1552 613 1626 quaedam
638 1547 862 1622 quaestio
889 1559 995 1602 non
1019 1540 1330 1599 omittenda.
1355 1537 1492 1594 Cum
1522 1535 1743 1591 dixisset
1767 1532 1950 1590 Domi-

371 1661 476 1703 nus
509 1645 669 1704 Petro
691 1683 707 1710 ,
737 1641 958 1714 Sequere
981 1654 1060 1692 me
1085 1652 1104 1691 :
1132 1635 1368 1706 respexit
1398 1633 1587 1688 Petrus
1625 1629 1690 1684 ad
1715 1629 1954 1699 discipu-

373 1738 486 1794 lum
513 1749 670 1806 quem
711 1731 963 1802 diligebat
988 1729 1145 1786 lesus
1167 1769 1181 1793 ,
1213 1727 1268 1783 id
1313 1735 1396 1782 est
1417 1765 1432 1790 ,
1461 1723 1527 1780 ad
1573 1724 1746 1794 ipsum
1787 1722 1954 1778 Joan-

373 1846 497 1888 nem
519 1871 535 1897 ,
565 1829 654 1901 qui
679 1827 1022 1897 Evangelium
1063 1825 1165 1882 hoc
1203 1823 1454 1894 scripsit;
1485 1829 1542 1878 et
1583 1822 1658 1876 ait
1685 1820 1912 1875 Domino
1934 1860 1950 1888 ,

374 1925 590 1986 Domine
610 1963 624 1990 ,
655 1923 751 1977 iste
771 1920 936 1994 quid?
964 1919 1085 1975 Scio
1127 1918 1251 1988 quia
1275 1916 1450 1987 diligis
1493 1930 1616 1972 eum
1642 1954 1658 1982 ,
1686 1913 1954 1985 quomodo

369 2030 475 2087 ego
502 2029 714 2086 sequor,
747 2020 800 2068 et
827 2012 942 2083 ipse
967 2025 1072 2066 non
1101 2008 1382 2080 sequitur?
1411 2007 1500 2062 Ait
1528 2006 1787 2061 Dominus
1818 2021 1832 2058 :
1866 2004 1957 2060 Sic

267 2165 277 2174 ,
370 2126 488 2170 eum
514 2107 626 2164 volo
665 2122 870 2162 matters
890 2145 907 2174 ,
938 2104 1094 2159 donec
1121 2102 1316 2157 veniam
1344 2115 1362 2153 :
1389 2109 1442 2154 tu
1469 2116 1548 2154 me
1585 2115 1807 2169 sequere.
1839 2097 1956 2168 Ipse

373 2218 504 2264 vero
525 2200 879 2271 Evangelista,
911 2199 1026 2268 ipse
1045 2196 1135 2267 qui
1160 2195 1394 2266 scripsit,
1427 2193 1494 2249 dc
1517 2208 1620 2263 quo
1645 2192 1844 2247 dictum
1875 2196 1957 2245 est

373 2294 497 2357 hoc,
530 2291 620 2348 Sic
645 2307 760 2348 eum
781 2289 895 2345 volo
918 2303 1137 2352 manere,
1171 2285 1328 2340 donec
1355 2285 1550 2339 veniam
1575 2299 1592 2348 ;
1621 2291 1833 2337 secutus
1859 2280 1955 2335 ad-

368 2385 547 2456 junxit
583 2383 745 2438 verba
785 2394 879 2438 sua
906 2381 958 2435 in
988 2377 1280 2449 Evangelio
1306 2418 1320 2443 ,
1353 2385 1406 2432 et
1433 2377 1506 2430 ait
1529 2415 1543 2442 ,
1575 2384 1755 2430 natam
1796 2374 1958 2428 fuisse

375 2477 570 2532 famam
601 2475 742 2538 inter
767 2472 961 2528 fratres
983 2479 1200 2542 propter
1223 2469 1326 2523 hoc
1352 2469 1572 2524 verbum
1599 2508 1612 2532 ,
1645 2466 1769 2536 quia
1799 2464 1958 2520 disci-

375 2570 530 2641 pulus
572 2567 664 2623 ille
707 2581 812 2620 non
841 2571 984 2620 esset
1012 2561 1321 2616 moriturus.
1371 2559 1439 2614 Et
1466 2567 1523 2613 ut
1551 2557 1760 2612 tolleret
1800 2558 1956 2611 istam

373 2663 678 2734 opinionem
709 2658 991 2730 adjunxit:
1027 2655 1146 2709 Non
1171 2663 1340 2709 autem
1369 2652 1516 2718 dixit,
1540 2667 1652 2706 eum
1677 2667 1779 2704 non
1805 2653 1960 2721 fuisse

375 2754 675 2809 moriturum
703 2766 723 2806 :
749 2749 840 2814 sed
880 2756 1077 2803 tantum
1102 2747 1230 2801 dixit
1253 2787 1269 2812 ,
1302 2745 1390 2800 Sic
1426 2760 1541 2798 eum
1581 2744 1692 2798 volo
1716 2758 1919 2796 manere
1939 2784 1955 2809 ,

373 2848 534 2904 donec
559 2846 755 2902 ratione
781 2859 798 2899 :
831 2852 885 2897 tu
921 2858 1000 2895 nte
1023 2856 1242 2909 sequere.
1272 2839 1420 2894 lianc
1462 2852 1590 2908 ergo
1612 2838 1914 2907 opinionem
1939 2879 1953 2901 ,

373 2955 479 3012 qua
505 2936 788 3010 putabatur
813 2933 1046 2990 Joannes
1071 2946 1179 2987 non
1204 2931 1512 2995 moriturus,
1546 2927 1764 2983 abstulit
1799 2926 1960 2982 Joan-

375 3047 474 3088 nes
495 3031 608 3101 ipse
631 3025 1078 3098 consequentibus
1101 3022 1279 3078 verbis
1314 3023 1445 3089 suis,
1473 3027 1530 3076 et
1555 3035 1620 3075 ne
1647 3019 1749 3075 hoc
1773 3019 1962 3075 επιεάῆ-

377 3132 500 3189 tur,
551 3122 625 3178 ait
656 3138 671 3178 :
701 3119 817 3174 Non
862 3117 965 3175 hoc
1005 3115 1141 3172 dixit
1181 3113 1472 3178 Dominus,
1524 3111 1617 3167 sed
1661 3111 1791 3167 dixit
1834 3110 1956 3165 hoc.

375 3217 550 3285 Quare
577 3213 710 3270 illud
735 3220 913 3268 autem
942 3209 1154 3273 dixerit,
1183 3206 1416 3263 Joannes
1441 3219 1548 3259 non
1573 3202 1836 3273 exposuit,
1865 3202 1959 3257 sed

375 3309 531 3366 nobis
557 3306 772 3378 reliquit
796 3313 1014 3376 propter
1036 3299 1177 3374 quod
1199 3300 1490 3372 puisemus,
1523 3298 1569 3355 si
1592 3297 1730 3353 forte
1753 3297 1960 3368 aperia-

377 3412 464 3459 tur
483 3403 656 3457 nobis.

444 3491 674 3550 CAPUT
702 3491 790 3546 iV.
811 3489 955 3544 —5.
1004 3488 1167 3543 Verba
1193 3487 1287 3541 illa
1318 3485 1522 3540 Domini
1565 3483 1759 3538 duobus
1795 3481 1964 3537 modis

374 3587 589 3656 intelligi
616 3591 841 3655 posmnt.
872 3579 1050 3634 Primo
1077 3580 1139 3632 de
1167 3578 1401 3648 passione
1429 3593 1529 3630 non
1559 3592 1591 3629 a
1614 3574 1817 3629 Joanne
1835 3573 1958 3627 sub-

377 3677 581 3744 eunda,
611 3673 832 3729 secundo
883 3672 944 3725 de
982 3669 1202 3724 Joamtls
1231 3668 1506 3738 Evangelia
1534 3683 1635 3721 non
1661 3665 1784 3720 bene
1809 3665 1959 3719 intel-

376 3769 579 3843 ligendo
602 3769 700 3823 nisi
723 3769 777 3821 in
820 3771 992 3838 futura
1021 3764 1273 3837 felicitate.
1302 3763 1572 3830 Quantum
1615 3758 1746 3814 mihi
1773 3759 1960 3815 Domi-

376 3877 479 3922 nus
505 3860 705 3916 donare
729 3859 978 3929 dignatur
1001 3898 1016 3923 ,
1047 3863 1303 3927 quantum
1333 3852 1462 3908 mihi
1492 3851 1701 3906 videtur
1728 3851 1963 3921 (videtur

377 3963 556 4012 autem
573 3961 629 4008 et
648 3951 838 4007 melius
855 3947 1208 4018 melioribus),
1231 3946 1310 4001 sic
1333 3953 1456 4016 puto
1481 3945 1636 3998 istam
1658 3943 1794 3999 solvi
1818 3959 1964 4014 qua:-

376 4047 604 4103 stioncm
648 4043 855 4100 duobus
881 4041 1053 4097 modis
1085 4058 1098 4093 :
1132 4047 1222 4094 aut
1263 4038 1331 4094 de
1368 4038 1620 4108 passione
1644 4037 1789 4093 Petri
1829 4036 1963 4091 dixit

376 4136 652 4200 Dominus,
676 4133 820 4205 quod
843 4133 1004 4198 dixit;
1027 4138 1118 4186 aut
1141 4129 1208 4184 de
1235 4129 1520 4199 Evangelia
1544 4127 1785 4183 Joannis.
1809 4127 1962 4196 Quod

377 4235 463 4285 est
486 4229 556 4284 de
582 4227 866 4298 passione:
895 4232 955 4279 ut
976 4224 1046 4279 sit
1067 4264 1082 4290 ,
1117 4222 1338 4292 Sequere
1359 4237 1438 4275 me
1459 4263 1474 4289 ,
1503 4229 1685 4300 patere
1710 4236 1807 4292 pro
1833 4235 1920 4275 me
1943 4263 1959 4287 ,

382 4329 561 4392 patere
587 4319 729 4392 quod
772 4333 890 4388 ego.
920 4315 1213 4371 Crucilixus
1243 4322 1324 4370 est
1351 4313 1492 4368 enim
1523 4313 1764 4368 Christus
1788 4353 1801 4377 ,
1835 4326 1961 4366 cru-

380 4412 566 4470 ciﬁxus
607 4419 689 4468 est
715 4418 769 4464 et
798 4409 1005 4464 Petrus.
1049 4407 1313 4476 Expertus
1356 4413 1436 4461 est
1465 4405 1642 4459 clavos
1663 4445 1678 4469 ,
1713 4410 1962 4474 expertus

378 4514 461 4562 est
481 4503 763 4560 cruciatus.
781 4501 1010 4557 Joannes
1027 4509 1204 4554 autem
1221 4499 1354 4553 nihil
1370 4512 1554 4552 eorum
1577 4505 1829 4566 expertus
1845 4504 1926 4551 cst
1944 4512 1958 4548 :

379 4596 483 4653 hoc
507 4606 607 4662 est,
639 4596 727 4651 Sic
750 4611 863 4650 eum
901 4594 1014 4648 volo
1036 4610 1256 4660 manere,
1289 4591 1405 4647 sine
1436 4591 1676 4658 vulnere,
1708 4591 1823 4646 sine
1843 4606 1965 4645 crn-

379 4692 524 4746 ciatu
549 4691 809 4754 dormiat,
841 4698 892 4741 et
922 4694 1191 4756 exspectet
1218 4700 1326 4740 me.
1358 4683 1440 4738 Tu
1478 4701 1558 4739 me
1599 4701 1834 4755 sequere,
1865 4699 1963 4754 pa-

381 4790 495 4837 tere
519 4778 660 4850 quod
688 4793 786 4847 ego
811 4796 824 4830 :
853 4777 1163 4847 sanguinem
1194 4776 1304 4830 ludi
1329 4791 1424 4845 pro
1453 4783 1524 4840 te,
1551 4774 1711 4830 funde
1737 4791 1833 4850 pro
1854 4790 1958 4830 me.
2004 4775 2011 4786 '

383 4874 506 4930 Uno
534 4887 662 4942 ergo
692 4871 793 4924 isto
817 4869 975 4923 modo
1001 4869 1191 4939 exponi
1220 4877 1424 4939 potest,
1453 4867 1593 4938 quod
1619 4867 1815 4922 dictum
1845 4877 1924 4923 est
1946 4911 1960 4932 ,

385 4967 473 5020 Sic
513 4981 630 5018 eum
666 4964 778 5016 volo
803 4977 1037 5026 manere,
1070 4960 1225 5014 donec
1261 4959 1452 5012 veniam
1482 4974 1499 5012 :
1533 4967 1585 5010 tn
1625 4975 1702 5011 me
1725 4975 1963 5026 sequere:

383 5056 516 5112 Nolo
559 5065 612 5110 ut
651 5056 765 5124 ipse
805 5053 1068 5122 patiatur,
1112 5060 1166 5104 tu
1205 5057 1406 5119 patere.
1445 5048 1746 5103 Secundum
1789 5058 1964 5104 autem

384 5147 726 5217 Evangelium
751 5144 968 5201 Joannis
988 5185 1001 5208 ,
1034 5143 1134 5197 hoc
1161 5141 1289 5196 mihi
1320 5141 1528 5195 videtur
1554 5141 1772 5211 intelligi
1799 5159 1810 5193 :
1835 5156 1965 5212 quo-

384 5239 524 5293 niam
554 5239 742 5293 Pctrus
767 5236 982 5305 scripsit
1007 5232 1073 5288 de
1098 5233 1324 5287 Domino
1344 5273 1358 5298 ,
1396 5231 1722 5300 scripserunt
1759 5241 1810 5285 et
1838 5231 1962 5296 alii;

383 5329 478 5383 sed
505 5329 764 5398 scriptura
787 5340 974 5381 eorum
999 5323 1165 5394 magis
1188 5323 1326 5378 circa
1353 5321 1732 5376 humanitatem
1757 5321 1966 5376 Domini

385 5429 467 5475 cst
491 5427 766 5487 occupata.
798 5417 1053 5472 Dominus
1079 5415 1222 5471 enim
1248 5415 1490 5470 Christus
1519 5422 1572 5468 et
1600 5414 1740 5468 Deus
1769 5421 1849 5468 est
1867 5453 1882 5478 ,
1913 5421 1968 5468 et

386 5510 566 5564 homo.
599 5508 733 5577 Quid
764 5518 844 5564 est
874 5508 1068 5562 homo?
1098 5507 1286 5562 Anima
1313 5515 1368 5560 ct
1395 5520 1539 5559 caro.
1571 5505 1707 5573 Quid
1732 5513 1815 5560 est
1839 5520 1966 5575 ergo

385 5603 668 5660 Christus?
694 5601 925 5657 Verbum
949 5642 962 5667 ,
992 5601 1166 5656 anima
1187 5607 1240 5655 et
1263 5613 1406 5662 caro.
1432 5598 1537 5655 Sed
1559 5599 1727 5669 qualis
1752 5596 1966 5652 anima?

387 5696 510 5767 quia
535 5703 590 5749 et
614 5709 805 5765 pecora
823 5694 1018 5748 habent
1042 5693 1264 5748 animas.
1283 5689 1538 5758 Verbum,
1557 5691 1828 5746 rationalis
1853 5689 1968 5746 ani-

387 5804 476 5846 ma
509 5797 566 5845 et
603 5803 762 5855 caro;
796 5788 896 5844 hoc
934 5793 1102 5846 totum
1139 5785 1398 5844 Christus.
1441 5783 1548 5842 Sed
1585 5785 1654 5840 de
1690 5784 1962 5848 divinitate

1759 298 1995 362 πιωε
2029 298 2243 357 CCLIV.

3486 293 3629 359 “8!

2049 417 2242 474 Christi
2267 417 2319 474 in
2342 416 2530 475 litteris
2554 417 2697 476 Petri
2733 415 2972 486 aiiquid‘
2999 434 3013 473 :
3044 416 3097 473 in
3123 416 3409 490 Evangello
3446 429 3628 479 autem

2048 511 2268 573 Joannis
2305 513 2526 568 multum
2566 513 2782 569 eminet.
2829 511 2897 566 In
2934 513 3182 584 principio
3223 522 3329 567 erat
3376 513 3625 594 Verbum,

2051 603 2163 673 ipse
2189 603 2341 658 dixit.
2368 603 2716 660 Transcendit
2741 604 2909 660 nubes
2929 646 2944 672 ,
2981 613 3036 660 et
3063 603 3390 660 transcendit
3415 606 3586 661 sidera
3607 647 3624 675 ,

2053 697 2378 752 transcendit
2403 699 2663 768 Angelos,
2694 697 3019 754 transcendit
3043 711 3254 752 omnem
3289 707 3586 754 creaturam
3608 741 3627 768 ,

2051 792 2295 863 pervenit
2316 791 2380 847 ad
2407 792 2638 848 Verbum
2659 831 2675 859 ,
2706 807 2802 862 per
2825 791 2966 861 quod
2989 790 3125 847 facta
3153 802 3277 846 sunt
3300 793 3496 847 omnia.
3525 810 3544 845 ι
3568 791 3628 849 in

2052 885 2308 957 principio
2333 893 2448 940 erat
2470 884 2704 941 Verbum
2726 928 2739 952 ,
2768 895 2824 941 et
2846 885 3076 941 Verbum
3104 894 3218 940 erat
3251 885 3390 956 apud
3422 885 3587 940 Deum
3609 927 3626 955 ,

2052 986 2107 1034 et
2123 979 2260 1033 Deus
2275 986 2389 1034 erat
2402 976 2635 1033 Verbum
2657 996 2669 1031 :
2687 977 2788 1033 hoc
2803 986 2918 1033 erat
2938 977 2989 1032 in
3007 977 3266 1048 principio
3281 976 3417 1048 apud
3437 976 3626 1032 Deum.

2052 1069 2240 1125 Omnia
2260 1085 2357 1141 per
2375 1071 2547 1140 ipsum
2569 1067 2704 1124 facta
2726 1077 2849 1124 sunt
2869 1088 2887 1122 ι
2915 1067 3088 1141 (Joan.
3113 1085 3150 1138 ι,
3172 1069 3301 1139 1-5).
3320 1068 3450 1138 Quis
3466 1067 3629 1136 videt,

2053 1163 2172 1234 quis
2209 1163 2439 1233 c0gitat,
2484 1164 2604 1232 quis
2639 1162 2798 1234 digne
2832 1163 3116 1232 suscipiat,
3159 1163 3279 1234 quis
3313 1162 3470 1232 digne
3505 1177 3632 1233 pro-

2054 1256 2296 1312 nuntiet?
2327 1258 2474 1312 Tunc
2509 1256 2669 1313 habet
2709 1257 2846 1312 bene
2887 1256 3146 1328 intelligi’
3168 1299 3182 1324 ,
3215 1255 3428 1328 quando
3467 1260 3632 1311 vene-

2054 1349 2124 1403 rit
2147 1349 2409 1405 Christus.
2440 1350 2528 1404 Sic
2549 1366 2661 1404 eum
2695 1349 2806 1406 uolo
2833 1364 3066 1418 ntanere,
3098 1349 3254 1404 donec
3279 1349 3493 1404 ueniam.
3525 1348 3634 1403 Ex-

2055 1441 2208 1512 posui
2249 1443 2388 1498 sicut
2430 1442 2625 1513 potui:
2671 1449 2847 1512 potest
2892 1441 3004 1511 ipse
3047 1442 3238 1498 melius
3281 1442 3335 1498 in
3382 1439 3634 1498 cordibus

2055 1533 2266 1591 vestris.

2535 1623 2764 1682 snauo
2798 1622 2994 1681 ccuv
3021 1626 3040 1649 α
3065 1620 3164 1694 (α).

2487 1748 2536 1792 in
2558 1741 2733 1792 diebus
2752 1739 3074 1802 Paschaiibus,
3093 1751 3210 1790 xxv.

2130 1844 2355 1901 CAPUT
2384 1844 2663 1904 PRIMUM.
2685 1877 2756 1886 —
2777 1846 2830 1902 i.
2856 1845 3094 1900 Tristitia:
3126 1853 3319 1917 tempus
3341 1843 3481 1917 prius
3520 1852 3643 1902 temo

2062 1954 2182 2009 pore
2229 1939 2432 1993 thitiw.
2463 1938 2550 1994 Sic
2583 1953 2642 1995 se
2685 1938 2876 2006 habet,
2924 1939 3111 1994 fratres
3155 1938 3292 2006 mei,
3342 1937 3419 1993 sic
3457 1952 3515 1994 se
3548 1938 3644 1995 ha-

2060 2025 2150 2083 bet
2181 2028 2392 2084 miseria
2431 2036 2629 2084 nostrae
2665 2028 2986 2084 conditionis
3027 2037 3079 2084 et
3119 2028 3213 2084 Dei
3250 2028 3553 2098 miseratio,
3584 2039 3647 2092 ut

2062 2127 2269 2192 tempus
2294 2120 2559 2176 moestitim
2583 2128 2794 2190 tempus
2820 2119 3014 2174 iretitiae
3039 2119 3306 2190 prmcedat
3334 2138 3345 2172 :
3376 2119 3427 2176 id
3448 2129 3529 2176 est
3547 2161 3563 2190 ,
3589 2129 3648 2178 ut

2062 2215 2209 2285 prius
2243 2214 2309 2268 sit
2337 2224 2541 2284 tempus
2571 2213 2856 2280 maestitiae,
2894 2213 3156 2283 posterius
3182 2219 3388 2282 tempus
3410 2211 3643 2274 laetitiae;

2065 2307 2208 2375 prius
2236 2306 2303 2362 sit
2343 2314 2550 2378 tempus
2580 2305 2775 2361 laboris
2794 2346 2810 2374 ,
2838 2303 3105 2376 posterius
3134 2302 3360 2374 quietis;
3403 2302 3549 2373 prius
3577 2304 3648 2360 sit

2067 2389 2276 2468 tempus
2309 2396 2625 2453 calamitatis
2647 2437 2660 2462 ,
2694 2394 2959 2468 posterius
2986 2393 3270 2448 fclicitatis.
3297 2393 3384 2448 Sic
3407 2407 3465 2449 se
3487 2393 3648 2454 habet

2065 2489 2276 2543 miseria
2309 2496 2506 2542 nostra:
2536 2486 2876 2552 conditionis,
2908 2493 2969 2540 ut
2992 2485 3242 2551 diximus,
3262 2494 3316 2540 et
3342 2484 3518 2558 divina
3546 2485 3648 2544 mi-

2065 2579 2280 2632 seratio.
2325 2577 2557 2650 Tempus
2597 2578 2737 2633 enim
2780 2577 3079 2642 maestitia,
3115 2577 3346 2643 laboris,
3383 2576 3646 2646 miseria),

2067 2683 2278 2744 peccata
2308 2681 2488 2727 nostra
2519 2671 2672 2728 nobis
2714 2678 3034 2742 pepererunt
3065 2688 3078 2724 :
3113 2680 3318 2741 tempus
3347 2685 3472 2725 vero
3511 2669 3649 2727 iacti-

2068 2764 2152 2816 tirc
2170 2806 2183 2826 ,
2215 2763 2406 2834 quietis
2425 2804 2438 2828 ,
2471 2761 2739 2817 felicitatis
2759 2803 2772 2828 ,
2802 2776 2912 2816 non
2939 2760 3080 2817 venit
3100 2760 3165 2816 de
3190 2760 3394 2816 meritis
3417 2760 3646 2830 nostris,

2067 2854 2162 2909 sed
2187 2853 2253 2909 de
2282 2853 2449 2924 gratia
2473 2853 2787 2908 Salvatoris.
2817 2851 2973 2907 Aliud
2999 2866 3289 2919 meremur,
3308 2850 3450 2905 aliud
3471 2865 3652 2923 spera-

2068 2963 2187 3003 mus
2207 2966 2220 3002 :
2241 2964 2510 3004 meremur
2529 2947 2689 3015 maia,
2709 2961 2984 3020 speramus
3004 2947 3163 3002 bona.
3183 2945 3295 3002 Hoc
3315 2944 3438 3001 facit
3453 2945 3654 3004 miseri-

2066 3041 2247 3096 cordia
2269 3040 2406 3110 ejus,
2432 3039 2519 3113 qui
2545 3039 2744 3096 crcavit
2765 3055 2880 3094 nos.

2138 3135 2193 3188 2.
2221 3133 2446 3188 Tristitia
2465 3132 2598 3186 unde
2629 3149 2735 3187 esse
2754 3131 2913 3186 debet.
2942 3130 3242 3188 Poenitentia
3273 3130 3651 3204 impmnitenda.

2067 3225 2175 3281 Sed
2213 3235 2452 3298 tempore
2477 3223 2704 3278 miseriae
2733 3233 2929 3282 nostra:
2947 3265 2964 3290 ,
2991 3231 3081 3288 et,
3111 3223 3251 3278 sicut
3275 3222 3544 3296 Scriptura
3572 3223 3653 3280 lo-

2067 3319 2268 3388 quitur,
2290 3317 2477 3372 diebus
2502 3316 2788 3370 nativitatis
2813 3325 3028 3382 nostrae,
3055 3330 3213 3372 nosse
3243 3315 3498 3372 debemus
3512 3316 3657 3376 unde

2068 3408 2264 3464 debeat
2291 3423 2408 3463 esse
2436 3408 2546 3480 ipsa
2573 3407 2804 3461 tristitia.
2835 3407 3070 3463 Tristitia
3099 3408 3240 3464 enim
3270 3407 3348 3463 sic
3373 3417 3486 3476 est,
3518 3423 3655 3480 quo-

2068 3500 2230 3554 modo
2257 3507 2479 3554 stercus.
2507 3499 2724 3553 Stercus
2748 3513 2854 3553 non
2881 3499 3000 3553 loco
3027 3514 3122 3553 suo
3149 3499 3401 3570 positum,
3427 3500 3658 3555 immun-

2070 3589 2198 3644 ditia
2227 3599 2329 3646 est.
2369 3588 2586 3646 Stercus
2616 3605 2718 3644 non
2759 3587 2878 3644 loco
2905 3603 3002 3645 suo
3031 3589 3261 3660 positum
3280 3631 3296 3657 ,
3331 3590 3656 3648 immundam

2071 3682 2198 3738 facit
2224 3682 2441 3738 dontum
2466 3699 2480 3738 :
2506 3683 2623 3738 loco
2649 3696 2746 3737 suo
2770 3682 3028 3754 positum,
3041 3681 3266 3738 fertilem
3295 3680 3422 3738 facit
3446 3695 3652 3752 agrum.

2072 3777 2262 3832 Videte
2281 3775 2530 3833 stercoris
2559 3775 2733 3830 locum
2752 3774 2817 3827 ab
2838 3773 3064 3845 agricola
3095 3774 3387 3848 provisum.
3407 3774 3498 3830 Ait
3512 3775 3658 3844 Apo—

2071 3869 2243 3926 stoius
2271 3887 2284 3924 :
2324 3887 2343 3921 ‹
2371 3868 2437 3923 Ει
2473 3870 2593 3938 quis
2618 3876 2700 3923 cst
2735 3867 2823 3940 qui
2855 3882 2941 3922 me
2969 3867 3236 3940 laetiﬁcat,
3269 3867 3368 3922 nisi
3403 3867 3494 3938 qui
3521 3882 3654 3929 con-

2072 3965 2312 4020 tristatur
2335 3978 2403 4021 ex
2427 3978 2512 4019 mc
2541 3985 2560 4015 ι
2594 3962 2659 4034 (li
2692 3963 2810 4018 Cor.
2838 3977 2906 4027 ιι,
2939 3960 3038 4032 2)?
3067 3962 3135 4017 Et
3152 3961 3258 4018 aiio
3283 3961 3401 4017 loco
3429 3979 3443 4018 :
3479 3979 3502 4015 ι
3533 3961 3659 4019 Tri-

2071 4057 2236 4124 stitia,
2265 4076 2283 4110 ›
2317 4057 2506 4128 inquit,
2543 4075 2559 4108 ι
2584 4054 2876 4113 secundum
2905 4055 3071 4112 Deum
3098 4055 3466 4128 ptenitentiam
3490 4055 3544 4112 in
3571 4070 3659 4118 sa-

2071 4148 2236 4202 lutem
2266 4147 2700 4218 iuipuauitcndam
2723 4156 2973 4218 operatur
2997 4146 3107 4220 (1d.
3135 4162 3229 4214 vn,
3257 4147 3369 4218 i0).
3399 4165 3421 4200 ι
3452 4147 3555 4216 Qui
3573 4161 3659 4208 se.

2072 4237 2306 4293 cundum
2327 4239 2490 4296 Deum
2524 4237 2686 4294 tristis
2711 4247 2810 4304 est,
2833 4238 2884 4293 in
2916 4238 3286 4308 pmnitcntiam
3305 4238 3470 4298 tristis
3493 4237 3662 4302 estde

2073 4328 2304 4398 peccatis
2321 4329 2449 4382 suis.
2469 4327 2702 4382 Tristitia
2726 4327 2792 4384 dc
2817 4328 3092 4400 iniquitate
3107 4329 3377 4400 propriam
3397 4328 3473 4402 (b)
3493 4329 3662 4400 justi-

2072 4420 2200 4474 tiam
2233 4421 2477 4492 parturit.
2511 4421 2664 4478 Prius
2693 4419 2784 4476 tibi
2819 4420 3093 4491 displiceat
3113 4422 3254 4494 quod
3288 4438 3368 4492 es,
3401 4431 3461 4490 ut
3485 4423 3659 4494 possis

2071 4511 2192 4568 esse
2217 4511 2356 4584 quod
2382 4528 2484 4566 non
2506 4527 2586 4568 es.

2141 4604 2370 4660 CAPUT
2400 4605 2463 4660 ll.
2482 4636 2551 4645 -—
2577 4623 2594 4656 ι
2618 4603 2747 4672 Quae
2772 4606 3063 4662 secundum
3089 4607 3254 4662 Deum
3287 4614 3389 4673 est,
3416 4626 3437 4661 ι
3463 4607 3658 4677 inquit,

2077 4715 2097 4750 ι
2123 4697 2354 4762 tristitia,
2376 4697 2738 4766 ptenitentinm
2759 4698 2811 4754 in
2832 4698 3055 4754 salutem
3078 4697 3516 4768 impmnitendam
3535 4714 3664 4769 opo-

2069 4799 2238 4844 ratur.
2269 4789 2662 4858 Paenitentiam,
2695 4808 2712 4841 ι
2749 4789 2936 4860 inquit,
2974 4809 2992 4840 ε
3020 4789 3072 4842 in
3098 4789 3345 4842 salutem.
3375 4807 3395 4840 ι
3432 4788 3663 4857 Qualem

2071 4879 2338 4934 salutem?
2371 4898 2389 4930 ‹
2417 4877 2875 4949 impmuitcndam.
2908 4898 2926 4932 ι
2962 4878 3097 4952 Quid
3123 4888 3223 4943 est,
3262 4896 3280 4932 ‹
3311 4880 3658 4951 impaeniten-

2073 4969 2234 5025 dam?
2262 4989 2280 5021 ι
2314 4968 2475 5040 Cujus
2502 4980 2554 5025 tc
2581 4972 2796 5026 omnino
2823 4970 3081 5040 poenitere
3109 4986 3214 5026 non
3242 4973 3430 5044 possit.
3461 4973 3660 5032 Habui-

2074 5078 2190 5118 mus
2220 5063 2358 5122 cnim
2377 5063 2535 5116 vitam
2563 5063 2713 5135 cujus
2731 5079 2826 5118 nos
2852 5063 3128 5120 debuimus
3151 5066 3414 5135 poenitere
3435 5084 3448 5120 :
3472 5066 3662 5123 habui-

2076 5170 2196 5210 mus
2222 5155 2380 5210 vilam
2408 5154 2789 5234 pmuitcndam.
2806 5154 2912 5212 Sed
2941 5170 3043 5210 non
3073 5170 3355 5230 possumus
3378 5160 3662 5228 pervenire

2139 5293 2166 5402 ἓ
2179 5290 2455 5402 ῗῧέὲὶξιιιοῐ
2475 5288 2803 5350 manuscripti.
2829 5286 2916 5339 Alii
2951 5300 3096 5349 vero,
3132 5299 3228 5338 non
3264 5285 3466 5354 aliquid.
3506 5289 3659 5376 Editi,

2073 5366 2166 5446 "of
2181 5366 2340 5472 Silii;
2364 5422 2488 5462 Tunc
2511 5409 2636 5477 Inmc
2659 5409 2742 5472 qui
2773 5409 2888 5461 bene
2909 5410 3146 5477 intelligit.
3175 5411 3496 5477 Emendantur
3520 5421 3663 5464 vete-

2073 5491 2186 5590 rrimi
2204 5477 2424 5587 mdiguqse
2444 5474 2730 5524 auctoritate
2745 5506 2762 5533 ,
2800 5487 2832 5523 ε
2865 5475 3044 5538 quibus
3063 5474 3282 5524 nonnulli
3305 5475 3532 5526 omittunt
3555 5487 3663 5539 par-

2094 5553 2170 5589 iCU
2193 5553 2285 5590 am.
2339 5550 2382 5586 CI
2431 5572 2442 5583 .

2094 5550 2285 5598 tcutam,
2311 5550 2442 5587 certe.

2138 5607 2152 5621 '
2176 5597 2307 5650 tunc
2329 5609 2607 5663 sermonem
2631 5598 2681 5646 in
2714 5605 2829 5648 ante
2866 5598 3010 5650 editis
3030 5599 3338 5663 invenimus,
3364 5613 3460 5649 non
3498 5605 3660 5651 autem
3756 5597 3764 5605 ’

2072 5667 2124 5718 in
2144 5667 2494 5722 manuscriptis.

2137 5729 2208 5792 (ρ)
2249 5723 2388 5781 Alias,
2413 5721 2478 5770 de
2501 5728 2740 5792 Tempore
2763 5723 2868 5778 151.

2144 5729 2187 5790 [ιι
2249 5729 2388 5781 Alias,
2413 5729 2478 5770 de
2501 5729 2625 5784 γεω]

2144 5789 2166 5854 (
2165 5729 2211 5851 l1;
2236 5793 2390 5848 Forte,
2414 5783 2625 5847 propria.
