4056 6472
664 272 728 284 δ’..

397 364 544 432 1185

399 481 473 538 ad
511 481 673 538 vitam
712 479 1180 550 impmnitendam,
1224 478 1326 534 nisi
1369 481 1474 549 per
1506 477 1659 533 mala:
1702 478 1827 532 vitae
1865 478 1984 546 pm-

404 575 702 630 nitentiam.
744 571 1045 642 Numquid,
1091 572 1316 634 fratres,
1361 581 1419 626 ut
1457 570 1636 626 dicere
1679 569 1984 640 eoeperam',

406 665 462 723 in
488 679 660 721 massa
698 664 858 719 tritici
900 672 1117 735 purgata
1153 664 1392 720 invenies
1420 662 1665 718 stercus?
1694 663 1894 717 Tamen
1920 659 1987 714 ad

403 745 551 814 illum
607 757 832 812 nitorem
870 798 885 824 ,
936 755 1002 811 ad
1052 757 1192 810 illam
1245 755 1479 825 speciem
1533 762 1587 809 et
1636 751 1988 824 pulchritudi-

402 865 528 907 nem
554 865 649 921 pcr
682 857 888 904 stercus
914 847 1223 918 pervenitur
1254 864 1268 900 :
1301 847 1378 903 rei
1405 847 1639 918 pulchrae
1665 845 1876 900 foeditas
1902 843 1988 897 via

346 989 353 1010 δ
403 940 522 995 fuit.
1811 1005 1814 1007 Α

479 1034 532 1088 3.
564 1030 910 1102 Infructuosa:
938 1031 1106 1085 arbori
1148 1039 1338 1086 stercus
1365 1029 1648 1083 adhibitum
1688 1029 1854 1098 ﬁgura
1881 1042 1990 1096 pae-

405 1125 648 1178 nitentiae.
679 1122 866 1179 Merito
895 1124 1056 1178 etiam
1087 1122 1338 1177 Dominus
1364 1122 1491 1178 dicit
1531 1122 1582 1176 in
1615 1119 1901 1189 Evangelio
1925 1117 1990 1172 de

404 1219 631 1289 quadam
661 1222 852 1277 arbore
897 1222 1221 1279 infructuosa
1254 1240 1266 1276 :
1296 1221 1417 1276 Jam
1465 1237 1577 1274 ecce
1606 1218 1879 1273 triennium
1918 1223 1992 1269 est

404 1313 540 1382 quod
566 1314 706 1367 venio
726 1316 793 1368 ad
815 1331 924 1369 eam
942 1358 957 1382 ,
981 1325 1027 1369 et
1052 1320 1272 1386 fructum
1294 1316 1348 1367 in
1375 1331 1436 1369 ea
1461 1329 1562 1367 non
1590 1311 1783 1366 invenio
1806 1326 1824 1364 :
1855 1323 1990 1379 pra:-

406 1403 574 1458 cidam
595 1405 738 1459 illam
761 1446 775 1469 ,
806 1408 1010 1461 nemihi
1037 1424 1215 1478 agrum
1245 1405 1503 1477 impediat.
1533 1402 1818 1458 Intercedit
1843 1401 1990 1455 colo-

367 1489 369 1491 ’
405 1509 506 1549 nus
549 1513 564 1550 :
618 1496 897 1552 intercedit
929 1499 1037 1568 jam
1082 1499 1254 1575 securi
1297 1499 1605 1552 imminente
1653 1493 1993 1549 infructuosis

405 1587 704 1656 radicibus,
731 1600 784 1645 et
812 1606 945 1660 pene
975 1591 1198 1646 feriente
1225 1607 1238 1654 ;
1274 1587 1558 1643 intercedit
1585 1587 1992 1654 colonus,‘quo-

407 1679 571 1735 modo
594 1681 892 1735 intercessit
927 1682 1035 1736 Deo
1074 1682 1320 1753 Moyses;
1348 1678 1628 1736 intercedit
1654 1678 1876 1733 colonus
1897 1716 1912 1741 ,
1940 1683 1995 1730 et

411 1772 542 1829 dicit
567 1792 580 1829 :
613 1773 843 1841 Domine,
876 1775 1068 1830 dimitte
1099 1773 1241 1829 illam
1277 1783 1320 1828 et
1351 1773 1445 1828 hoc
1471 1789 1603 1826 anno
1624 1787 1642 1836 ,'
1663 1767 1995 1837 circumfodio

409 1866 476 1933 ei,
515 1876 562 1921 et
600 1866 811 1921 adhibeo
856 1851 1126 1938 cap/tinum
1163 1867 1390 1920 stercoris
1421 1882 1438 1921 :
1464 1866 1508 1918 si
1545 1863 1715 1936 fecerit
1753 1862 1993 1932 fructum,

412 1957 566 2021 bene;
606 1957 651 2011 si
687 1974 784 2028 quo
828 1959 1021 2023 minus,
1053 1957 1293 2024 prtecides
1328 1973 1436 2010 eam
1482 1954 1632 2025 (Luc.
1682 1969 1808 2019 xm,
1840 1951 1892 2020 6,
1917 1950 1994 2020 9).

409 2046 586 2102 Arbor
617 2047 713 2102 ista
762 2063 926 2118 genus
955 2058 1036 2102 est
1065 2047 1372 2102 humanum.
1397 2045 1644 2101 Visitavit
1668 2045 1820 2099 istam
1844 2043 2000 2098 arbo—

412 2151 526 2192 rem
576 2137 832 2193 Dominus
871 2150 1110 2208 tempore
1161 2137 1610 2203 Patriarcharum,
1637 2135 1787 2204 quasi
1827 2133 1998 2204 primo

411 2217 573 2283 anno.
607 2227 859 2284 Visitavit
897 2246 1014 2284 eam
1053 2240 1294 2301 tempore
1321 2231 1477 2300 Legis
1505 2239 1558 2285 et
1583 2229 1988 2298 Prophetarum,

410 2321 561 2390 quasi
586 2321 820 2376 secundo
849 2337 1009 2376 anno.
1042 2323 1181 2377 Ecce
1210 2322 1266 2376 in
1294 2320 1584 2392 Evangelio
1617 2319 1801 2375 tertius
1825 2331 2000 2371 annos

409 2411 599 2470 illuxit.
629 2415 744 2470 Jam
771 2417 920 2484 quasi
965 2415 1177 2486 praecidi
1214 2415 1396 2470 debuit
1419 2432 1431 2469 :
1455 2413 1550 2470 sed
1574 2411 1876 2482 interpellat
1903 2409 2003 2463 mi-

413 2507 655 2561 sericors
680 2506 1097 2561 misericordem.
1133 2507 1233 2574 Qui
1269 2506 1412 2561 enim
1434 2520 1493 2561 se
1519 2503 1729 2559 volebat
1752 2501 2005 2557 exhibere

409 2596 810 2652 misericordem
834 2639 847 2662 ,
881 2597 994 2666 ipse
1023 2597 1124 2652 sibi
1174 2596 1425 2668 opposuit
1453 2597 1880 2650 intercessorem.
1913 2592 2002 2647 Di~

414 2687 677 2753 mittatur,
712 2687 902 2758 inquit,
930 2697 983 2744 et
1013 2687 1113 2742 hoc
1142 2704 1282 2742 anno
1311 2705 1323 2742 :
1352 2686 1786 2742 circumfodiatur
1823 2685 1872 2739 ei
1896 2682 2006 2738 fos-

411 2793 508 2846 sa;
555 2779 764 2849 signum
814 2789 896 2834 est
961 2779 1275 2834 humilitatis
1327 2797 1339 2832 :
1385 2778 1699 2833 adhibeatur
1745 2777 2006 2846 ecpbinus

411 2869 685 2937 stercoris,
717 2869 762 2924 si
789 2869 928 2925 forte
949 2869 1040 2925 det
1063 2869 1311 2925 fructum.
1340 2871 1451 2926 lmo
1472 2870 1595 2940 quia
1624 2869 1715 2924 dat
1741 2869 2002 2935 fructum,

411 2973 482 3015 ex
522 2970 670 3030 parte
713 2977 819 3015 non
865 2960 956 3016 dat
999 2960 1266 3031 fructum,
1293 2963 1470 3017 veniet
1514 2961 1771 3016 Dominus
1791 2961 1925 3031 ejus,
1953 2969 2007 3014 et

413 3051 616 3107 dividet
658 3068 774 3107 eam
805 3053 822 3122 (
848 3051 975 3105 Luc.
1008 3069 1077 3107 xn
1103 3095 1118 3120 ,
1151 3053 1266 3125 46).
1297 3053 1434 3121 Quid
1462 3061 1547 3108 est
1570 3094 1585 3120 ,
1610 3051 1846 3107 dividet?
1871 3050 2006 3118 Quia

411 3149 538 3196 sunt
565 3141 712 3208 boni,
742 3151 799 3196 et
847 3152 970 3197 sunt
1010 3145 1134 3198 mali
1167 3162 1180 3198 :
1208 3144 1368 3198 modo
1393 3155 1569 3198 autem
1605 3144 1660 3198 in
1691 3160 1795 3199 uno
1837 3152 2002 3211 ctetu,

413 3241 663 3302 tanquam
691 3233 742 3287 in
771 3249 877 3288 uno
904 3249 1130 3304 corpore
1159 3244 1284 3289 sunt
1308 3235 1602 3289 constituti.

484 3322 710 3380 CAPUT
749 3323 838 3378 Ill.
865 3355 937 3364 —
966 3326 1020 3380 4.
1056 3325 1279 3380 Tristitia
1300 3326 1363 3380 de
1389 3327 1562 3380 saaculi
1581 3327 1726 3381 rebus
1750 3327 2004 3398 pernicio-

411 3432 491 3470 sa.
526 3415 652 3482 Quae
685 3415 766 3470 hic
792 3417 1030 3488 lugenda.
1063 3418 1202 3487 Ergo
1227 3460 1240 3484 ,
1269 3419 1460 3474 fratres
1482 3419 1607 3484 mei,
1633 3428 1688 3474 ut
1714 3419 1850 3486 dixi,
1873 3428 2008 3474 ster-

413 3507 556 3562 coris
589 3507 738 3562 locus
763 3519 1094 3578 opportunus
1129 3509 1221 3564 dat
1239 3509 1475 3565 fructum
1500 3552 1515 3578 ,
1546 3511 1879 3581 importunus
1908 3526 2005 3564 au-

415 3607 524 3656 tem
549 3600 724 3656 locum
767 3600 892 3657 facit
927 3602 1280 3656 immundum.
1319 3601 1511 3658 Nescio
1538 3603 1657 3673 quis
1695 3603 1858 3658 tristis
1882 3612 1964 3658 est
1987 3643 2004 3671 ,

415 3689 594 3747 inveni
643 3692 823 3747 nescio
868 3709 1024 3762 quem
1066 3696 1317 3749 tristem:
1347 3702 1552 3750 stercus
1597 3693 1787 3761 video,
1832 3695 2007 3750 locum

414 3795 631 3852 quaero;
663 3780 770 3848 dic,
801 3782 973 3838 amice
993 3824 1007 3850 ,
1031 3783 1171 3838 unde
1215 3785 1382 3839 tristis
1412 3785 1508 3839 es?
1530 3784 1763 3852 Perdidi,
1796 3785 2006 3856 inquit,

415 3871 716 3942 pecuniam.
757 3872 934 3928 Locus
977 3873 1318 3941 immundus,
1354 3874 1557 3930 fructus
1588 3876 1784 3931 nullus.
1817 3876 2010 3931 Audiat

415 3963 730 4034 Apostolum
761 3984 773 4019 :
819 3965 1045 4020 Tristitia
1087 3967 1263 4021 mundi
1287 3979 1497 4022 mortem
1525 3979 1762 4038 operatur
1793 3969 1859 4041 (ll
1889 3969 2005 4025 Cor.

419 4069 515 4123 vn,
576 4055 686 4128 10).
737 4056 854 4112 Non
893 4059 1064 4113 solum
1117 4061 1318 4114 fructus
1354 4061 1560 4126 nullus,
1591 4060 1684 4114 sed
1728 4071 1781 4116 ct
1819 4077 2008 4132 magna

418 4145 705 4215 pernicies.
735 4147 825 4203 Sic
859 4149 1003 4205 etde
1024 4151 1233 4206 caeteris
1269 4151 1429 4206 rebus
1466 4151 1532 4205 ad
1561 4151 1752 4221 gaudia
1789 4155 2010 4207 saecula-

419 4237 500 4292 ria
540 4239 956 4306 pertinentibus,
990 4257 1122 4312 quas
1158 4256 1247 4297 res
1288 4243 1504 4310 longum
1549 4253 1631 4297 est
1672 4259 2006 4299 enumerare.

421 4328 590 4387 Video
615 4331 776 4386 alium
807 4334 1125 4400 tristantem,
1154 4345 1472 4405 gementem,
1498 4334 1713 4391 ﬂentem
1744 4353 1756 4388 :
1787 4337 2011 4390 multum

418 4424 669 4480 stercoris
692 4425 877 4490 video,
911 4435 964 4480 et
995 4427 1063 4480 ibi
1093 4428 1268 4482 locum
1300 4443 1504 4498 quaero.
1539 4429 1604 4482 Et
1627 4443 1747 4482 Clllll
1775 4428 2010 4482 viderem

419 4513 625 4570 tristem
647 4557 662 4582 ,
692 4515 938 4581 ﬂentem;
970 4516 1176 4586 inspexi
1215 4527 1268 4573 et
1313 4528 1575 4573 orantem.
1625 4516 1796 4573 Orans
1829 4520 2013 4575 nescio

418 4605 547 4678 quid
578 4607 710 4662 mihi
754 4607 906 4662 bonze
955 4607 1357 4677 signiﬁcationis
1399 4611 1654 4681 ingessit:
1701 4611 1796 4667 sed
1841 4611 2015 4666 adhuc

419 4712 599 4779 locum
627 4714 832 4769 quaero.
860 4699 996 4767 Quid
1022 4701 1163 4754 enim
1188 4700 1234 4754 si
1273 4700 1373 4755 iste
1401 4715 1592 4766 orans,
1615 4716 1866 4770 gemens,
1897 4716 2014 4755 ma-

417 4809 524 4866 gno
560 4794 686 4851 ﬂetu
721 4805 946 4850 mortem
977 4803 1126 4866 roget
1169 4795 1367 4850 inimici
1411 4795 1764 4850 sui?Etiamsi
1805 4796 1882 4850 sic
1904 4796 2014 4866 jam

313 4965 318 4970 δ
418 4888 630 4959 plorat,
655 4887 766 4958 jam
799 4898 981 4958 rogat,
1011 4888 1124 4958 jam
1168 4896 1314 4953 orat;
1340 4887 1489 4943 locus
1532 4887 1872 4956 immundus,
1902 4887 2014 4944 fru-

417 4990 538 5036 etus
558 4979 756 5036 nullus.
787 4980 916 5035 Plus
949 4991 1033 5035 est
1074 4979 1216 5051 quod
1261 4979 1562 5034 invenimus
1590 4980 1643 5035 in
1682 4980 2012 5051 Scripturis:

418 5080 573 5143 rogat
601 5080 659 5126 ut
683 5072 946 5126 moriatur
968 5071 1215 5126 inimicus
1243 5071 1413 5141 ipsius
1433 5113 1448 5138 ,
1481 5071 1667 5128 incidit
1709 5074 1763 5128 in
1793 5074 2016 5129 maledi-

419 5163 651 5220 ctionem
699 5163 886 5219 Judm:
934 5161 1110 5217 Oratio
1155 5164 1264 5234 ejus
1311 5163 1404 5232 ﬁat
1443 5163 1496 5217 in
1538 5175 1797 5236 peccatum
1845 5164 2016 5237 (Psal.

421 5269 564 5320 cvm,
598 5254 676 5325 7).
709 5252 924 5324 Inspexi
969 5254 1133 5309 alium
1182 5270 1370 5310 rursus
1407 5265 1709 5326 gementem
1730 5298 1744 5323 ,
1778 5255 2015 5322 ﬂentem,

348 5353 358 5429 ς
421 5354 662 5402 orantem
690 5364 703 5399 :
736 5353 942 5402 stercus
966 5361 1218 5417 agnosco,
1253 5346 1429 5402 locum
1458 5363 1662 5418 quaaro.
1695 5348 1900 5403 Intendi
1925 5363 2019 5403 au—

345 5433 355 5482 ἱ
424 5447 533 5495 tem
563 5438 792 5494 orationi
820 5439 958 5510 ejus,
985 5448 1039 5496 et
1064 5441 1222 5497 audio
1249 5440 1514 5498 dicentem
1539 5485 1554 5510 ,
1580 5443 1690 5514 Ego
1720 5442 1826 5496 dixi
1856 5459 1874 5496 ,ο
1904 5442 2015 5497 Do-

425 5530 580 5596 mine,
603 5531 982 5597 misereremei;
1007 5549 1133 5587 sana
1157 5533 1384 5587 animam
1412 5549 1576 5588 meam
1601 5577 1615 5602 ,
1643 5535 1880 5606 quoniam
1904 5552 2018 5605 pec-

427 5622 539 5677 cavi
579 5619 666 5676 tibi
704 5621 878 5693 (Psal.
905 5640 995 5692 ιι,
1053 5623 1131 5698 5).
1180 5626 1358 5684 Gemit
1399 5638 1676 5700 peccatum
1718 5647 1732 5684 :
1784 5644 2016 5700 agnosco

427 5730 638 5789 agrum,
667 5728 920 5788 exspecto
946 5719 1198 5776 fructum.
1231 5722 1340 5777 Deo
1368 5724 1599 5794 gratias:
1628 5723 1769 5779 bono
1790 5723 1910 5779 loco
1933 5731 2015 5778 est

427 5821 675 5880 stercus;
721 5826 828 5869 non
871 5812 943 5871 ibi
975 5822 1167 5882 vacat;
1208 5814 1440 5872 fructum
1483 5817 1726 5889 parturit.
1767 5815 1881 5874 Hoc
1933 5827 2019 5876 εει

1651 355 1705 413 S.
1735 350 2101 414 AUGUSTlNl
2137 348 2434 409 EPISCOPI

3536 350 3681 411 ΗΜ

2091 487 2218 529 vere
2269 480 2478 541 tempus
2531 468 2814 526 fructuosae
2856 467 3160 535 maestitiae,
3205 476 3266 524 ut
3317 466 3679 524 conditionem

2091 563 2431 619 mortalitatis
2461 571 2656 617 nostra:
2674 604 2688 628 ,
2720 561 3098 617 abundantiam
3125 562 3479 641 tentationum
3500 605 3515 629 ,
3545 564 3677 619 sub-

2091 657 2360 726 'reptiones
2432 663 2772 726 peccatorum
2794 695 2810 721 ,
2875 653 3224 709 adversitates
3283 653 3634 724 cupiditatum
3664 696 3680 720 ,

2091 749 2235 805 rixas
2303 747 2849 818 concupiscentiarum
2919 755 3103 802 contra
3165 745 3334 800 bonas
3395 745 3684 816 cogitatio-

2093 856 2190 897 nes
2235 842 2448 911 semper
2484 838 2916 895 tumultuantium
2965 837 3280 894 doleamus:
3328 837 3453 893 hiuc
3497 837 3682 892 tristes

2091 934 2278 989 simus.

2164 1027 2389 1084 CAPUT
2429 1027 2518 1082 IV.
2545 1055 2618 1067 -—
2643 1027 2698 1082 5.
2721 1024 2840 1080 Duo
2883 1034 3138 1096 tempora,
3181 1024 3602 1095 Quadragesimaz
3637 1032 3686 1077 et

2097 1119 2538 1190 Quinquagesima:
2560 1160 2574 1185 ,
2615 1117 2738 1188 quid
2782 1118 3083 1190 significent.
3131 1115 3544 1186 Alleluia’quid.
3567 1114 3686 1170 Hoc

2094 1218 2303 1280 tempus
2330 1209 2578 1265 miseriae
2626 1218 2822 1264 nostra:
2861 1218 2914 1264 et
2949 1207 3178 1278 gemitus
3201 1209 3406 1274 nostri,
3442 1207 3685 1278 quadra-

2092 1303 2238 1372 ginta
2259 1301 2373 1357 dies
2399 1302 2474 1356 illi
2519 1303 2817 1372 significant
2854 1310 2977 1356 ante
3010 1301 3254 1357 Pascha:
3281 1301 3480 1357 laetitia
3526 1315 3682 1368 vero,

2095 1407 2212 1463 qua:
2237 1392 2504 1464 posterior
2542 1393 2680 1458 erit,
2708 1392 2898 1461 quietis
2917 1433 2934 1458 ,
2963 1391 3257 1458 felicitatis,
3280 1393 3403 1448 vitae
3441 1403 3685 1459 aeternae,

2095 1486 2243 1557 regni
2268 1485 2384 1540 sine
2415 1485 2536 1551 ﬁne,
2565 1486 2705 1556 quod
2737 1485 2970 1541 nondum
2995 1485 3206 1552 est,’his
3219 1485 3689 1557 diebus'quinqua-

2096 1578 2259 1649 ginta,
2291 1578 2487 1648 quibus
2519 1578 2706 1634 diebus
2750 1579 2859 1634 Deo
2896 1579 3082 1634 laudes
3106 1578 3376 1646 dicuntur,
3413 1579 3691 1652 signiﬁca-

2098 1679 2202 1725 tur.
2237 1669 2611 1741 Signiﬁeantur
2641 1671 2802 1727 enim
2846 1671 3000 1727 nobis
3042 1671 3152 1727 duo
3199 1680 3439 1742 tempora
3471 1690 3487 1726 :
3517 1687 3688 1727 unum

2098 1769 2223 1818 ante
2264 1764 2706 1820 resurrectionem
2750 1764 2990 1829 Domini;
3017 1764 3243 1819 alterum
3282 1766 3403 1835 pust
3439 1777 3693 1820 resurre-

2099 1855 2330 1912 ctionem
2375 1856 2801 1923 Domini;unum
2842 1857 2895 1911 in
2945 1870 3051 1926 quo
3102 1871 3318 1924 sumus,
3356 1856 3590 1912 alterum
3635 1857 3694 1912 in

2101 1963 2208 2018 quo
2231 1963 2328 2003 nos
2370 1947 2576 2004 futuros
2619 1963 2740 2004 esse
2777 1962 3075 2018 speramus.
3122 1947 3356 2017 Tempus
3413 1947 3690 2012 maeroris,

2102 2040 2242 2110 quod
2285 2041 2586 2111 signiﬁcant
2611 2040 2726 2096 dies
2754 2039 3217 2111 Quadragesimzn,
3250 2049 3304 2095 et
3327 2040 3694 2111 significamus

2105 2140 2160 2188 et
2185 2132 2443 2188 habemus
2467 2152 2479 2187 :
2503 2141 2711 2202 tempus
2731 2142 2909 2188 autem
2926 2132 3122 2187 laetitiae
3142 2141 3194 2187 et
3215 2132 3409 2202 quietis
3434 2141 3490 2187 et
3515 2133 3693 2203 regni,

2106 2223 2248 2292 quod
2275 2224 2569 2294 significant
2602 2224 2717 2280 dies
2746 2224 2864 2291 isti,
2896 2224 3255 2294 significamus
3293 2240 3391 2295 per
3414 2225 3650 2280 Alleluia
3674 2267 3692 2294 ,

2106 2313 2201 2370 sed
2221 2315 2455 2370 nondum
2477 2315 2734 2374 trahemus
2755 2315 2956 2371 laudes.
2985 2315 3090 2372 Sed
3112 2331 3252 2371 nunc
3273 2317 3608 2388 suspiramus
3626 2317 3696 2373 ad

2107 2405 2355 2461 Alleluia.
2403 2406 2540 2474 Quid
2591 2415 2693 2473 est,
2741 2407 3005 2462 Alleluia?
3051 2407 3286 2462 Laudate
3336 2408 3526 2464 Deum.
3589 2408 3696 2464 Sed

2107 2497 2344 2552 nondum
2373 2497 2633 2554 habemus
2668 2497 2854 2554 laudes
2883 2517 2896 2552 :
2923 2499 2975 2553 in
3020 2499 3257 2555 Ecclesia
3293 2498 3700 2570 frequentantur

2107 2587 2292 2644 laudes
2321 2589 2416 2644 Dei
2438 2598 2557 2659 post
2594 2589 3040 2646 resurrectionem
3063 2631 3080 2658 ,
3111 2591 3234 2662 quia
3254 2590 3407 2646 nobis
3435 2593 3540 2647 erit
3567 2608 3700 2664 per-

2109 2689 2264 2751 petua
2303 2679 2433 2748 laus
2490 2688 2612 2752 post
2671 2682 3118 2737 resurrectionem
3172 2690 3431 2739 nostram.
3485 2683 3700 2739 Domini

2109 2774 2288 2845 passio
2333 2783 2540 2844 tempus
2587 2785 2829 2830 nostrum
2869 2775 3168 2846 signiﬁcat,
3199 2776 3252 2830 in
3295 2792 3402 2847 quo
3429 2792 3572 2831 nunc
3601 2776 3703 2832 ﬂe-

2109 2881 2249 2920 mus.
2279 2865 2511 2937 Flagella
2535 2909 2549 2933 ,
2571 2867 2780 2922 vincula
2803 2907 2819 2933 ,
2859 2867 3198 2923 contumelias
3221 2909 3237 2934 ,
3269 2877 3422 2938 Sputa
3449 2909 3466 2935 ,
3512 2870 3704 2940 spinea

2112 2973 2331 3025 corona,
2360 2959 2539 3014 vinum
2577 2959 2833 3023 fellitum,
2863 2960 2917 3015 in
2947 2961 3168 3031 spongia
3205 2971 3434 3030 acetum,
3469 2963 3700 3019 insulta-

2112 3051 2304 3118 tiones,
2331 3051 2635 3121 Opprohria,
2665 3061 2936 3122 postremo
2962 3051 3077 3121 ipsa
3102 3066 3252 3118 crux,
3285 3053 3338 3107 in
3364 3053 3510 3125 ligno
3539 3070 3683 3122 mem

2110 3141 2206 3197 bra
2231 3157 2380 3198 sacra
2404 3143 2708 3213 pendentia,
2734 3142 2861 3213 quid
2886 3142 3042 3198 nobis
3074 3143 3372 3212 signiﬁcant
3388 3185 3404 3209 ,
3432 3145 3538 3200 nisi
3563 3152 3706 3201 tem-

2111 3248 2212 3303 pus
2231 3234 2371 3305 quod
2416 3233 2620 3304 agimus
2639 3275 2655 3299 ,
2689 3242 2896 3303 tempus
2925 3235 3192 3302 maeroris,
3219 3244 3429 3306 tempus
3454 3237 3704 3292 mortali-

2111 3325 2262 3390 tatis,
2291 3333 2500 3395 tempus
2538 3325 2878 3380 tentationis?
2905 3324 3029 3402 Ideo
3067 3324 3266 3382 foedum
3311 3335 3562 3398 tempus:
3606 3327 3708 3384 sed

2111 3404 2325 3472 foeditas
2355 3417 2454 3472 ista
2484 3418 2737 3473 stercoris
2762 3417 2832 3472 sit
2859 3419 2912 3472 in
2936 3433 3064 3489 agro
3090 3460 3106 3486 ,
3135 3433 3244 3473 non
3272 3419 3324 3474 in
3350 3419 3534 3475 domo.
3565 3419 3708 3477 Mm-

2111 3527 2202 3566 ror
2228 3510 2298 3566 sit
2336 3510 2404 3566 de
2433 3511 2669 3582 peccatis
2691 3552 2707 3578 ,
2737 3525 2845 3566 non
2887 3510 2956 3566 de
2997 3510 3373 3581 cupiditatibus
3419 3510 3705 3568 fraudatis.

2112 3603 2338 3660 Fmdum
2373 3612 2582 3672 tempus
2613 3620 2626 3656 :
2656 3601 2751 3658 sed
2775 3603 2822 3657 si
2849 3599 2986 3658 bene
3007 3610 3218 3657 utamur
3236 3644 3262 3668 ,ν
3281 3602 3439 3658 ﬁdele
3467 3611 3706 3675 tempus.

2113 3694 2249 3764 Quid
2267 3693 2501 3750 fmtidius
2524 3708 2653 3765 agro
2677 3701 2988 3749 stercorato.
3017 3693 3296 3748 Pulchrior
3322 3692 3421 3754 fuit
3444 3709 3595 3764 ager,
3611 3710 3713 3751 an-

2116 3794 2327 3856 tequam
2367 3784 2654 3853 cophinum
2695 3785 2946 3840 stercoris
2984 3784 3241 3851 haberet;
3287 3785 3576 3855 perductus
3624 3798 3715 3844 est

2113 3891 2240 3946 ager
2280 3876 2347 3930 ad
2398 3875 2718 3941 foeditatem,
2749 3885 2809 3930 ut
2833 3876 3042 3933 veniret
3078 3876 3146 3932 ad
3189 3877 3507 3934 ubertatem.
3561 3879 3712 3951 Ergo

2113 3965 2324 4023 foeditas
2353 3968 2508 4038 hujus
2539 3967 2794 4038 temporis
2818 3969 3028 4039 signum
3056 3978 3140 4025 est
3173 3987 3185 4024 :
3211 3970 3306 4025 sed
3331 3971 3488 4026 nobis
3506 3972 3578 4027 sit
3605 3973 3712 4028 ista

2114 4061 2328 4118 foeditas
2351 4070 2558 4131 tempus
2579 4059 2883 4116 fertilitatis.

2185 4152 2416 4208 CAPUT
2456 4152 2522 4206 V.
2553 4183 2626 4193 —
2648 4152 2936 4208 Videamus
2957 4168 3084 4223 ergo
3112 4168 3234 4208 cum
3270 4153 3548 4223 propheta,
3578 4154 3715 4225 quid

2118 4244 2280 4306 dicat,
2315 4243 2544 4298 Vidimus
2582 4261 2716 4309 eum,
2745 4244 3001 4312 Qualem?
3032 4243 3156 4299 Non
3194 4244 3456 4299 habentem
3494 4247 3719 4315 speciem

2117 4355 2273 4408 neque
2288 4338 2517 4392 decorem
2546 4336 2697 4408 (lsai.
2723 4353 2832 4402 Lm,
2860 4336 2939 4409 2).
2967 4337 3368 4407 Quare?Alium
3394 4338 3718 4408 prophetam

2120 4430 2385 4500 interroga
2420 4447 2432 4483 :
2465 4429 2921 4483 Dinumcraverunt
2944 4430 3115 4482 omnia
3141 4445 3256 4482 ossa
3280 4444 3391 4482 mea
3411 4429 3717 4500 (Psal.xxt,

2120 4523 2232 4593 18).
2262 4522 2602 4586 Dinumerata
2631 4532 2754 4576 sunt
2777 4535 2899 4576 ossa
2929 4521 3230 4591 pendentis.
3257 4520 3420 4576 Foeda
3456 4522 3672 4592 species
3697 4563 3717 4589 ,

2119 4613 2357 4669 cruciﬁxi
2380 4613 2618 4684 species:
2643 4613 2738 4668 sed
2763 4612 2862 4667 ista
2887 4611 3102 4667 foeditas
3116 4612 3562 4683 pulchritudinem
3590 4629 3719 4684 par-

2121 4705 2260 4760 turit.
2317 4705 2487 4775 Quam
2547 4702 3026 4774 pulchritudinem?
3075 4703 3520 4759 ltesurrectionis.
3577 4704 3718 4774 Quia

2121 4797 2376 4868 speciosus
2403 4798 2567 4868 forma
2593 4811 2699 4866 prae
2722 4795 2843 4865 ﬁliis
2867 4795 3126 4849 hominum
3146 4793 3320 4866 (Psal.
3349 4811 3494 4860 κων,
3521 4795 3602 4866 3).

2193 4892 2247 4946 6.
2277 4889 2485 4944 Debitor
2511 4889 2650 4945 Deus
2689 4891 2806 4960 quia
2833 4889 3081 4960 promisit,
3110 4905 3211 4944 non
3227 4890 3344 4960 quia
3364 4890 3579 4960 accepit.
3602 4889 3722 4946 Deo

2121 4983 2394 5038 retribuere
2421 4980 2614 5052 aliquid
2655 4997 2756 5036 non
2783 4981 3024 5035 valemus.
3056 4979 3357 5036 Laudemus
3401 4995 3530 5052 ergo
3557 5021 3573 5048 ,
3603 4980 3719 5035 fra-

2123 5085 2255 5140 tres,
2288 5075 2568 5130 Dominum
2588 5090 2604 5140 ;
2626 5075 2748 5145 quia
2779 5073 2894 5144 ejus
2921 5073 3093 5129 ﬁdelia
3117 5073 3380 5144 promissa
3395 5075 3716 5141 retinemus,

2125 5165 2362 5222 nondum
2405 5163 2725 5236 accepimus.
2757 5164 2950 5220 Parum
3001 5165 3226 5234 putatis,
3257 5165 3382 5236 quia
3423 5166 3724 5235 promisso-

2124 5275 2239 5315 rem
2285 5268 2562 5326 tenemus,
2593 5268 2653 5314 ut
2670 5259 2779 5330 jam
2819 5257 3115 5314 debitorem
3152 5259 3723 5328 exigamus?Promis-

2125 5365 2216 5406 sor
2243 5351 2381 5406 Deus
2400 5351 2608 5406 debitor
2637 5349 2806 5405 factus
2834 5358 2916 5405 est
2951 5349 3190 5405 bonitate
3216 5364 3309 5404 sua
3333 5389 3348 5416 ,
3381 5364 3486 5404 non
3514 5365 3725 5419 praero-

2125 5444 2305 5514 gantia
2361 5453 2564 5498 nostra.
2611 5441 2748 5511 Quid
2792 5442 2841 5496 ei
2884 5441 3163 5505 dedimus,
3221 5447 3279 5494 ut
3331 5454 3454 5494 eum
3502 5440 3720 5495 debito-

2126 5552 2239 5591 rem
2290 5535 2606 5590 teneamus?
2647 5535 2728 5588 An
2766 5533 2902 5588 forte
2926 5531 3069 5603 quod
3112 5531 3332 5586 audistis
3369 5531 3422 5585 in
3452 5531 3671 5587 Psalmo
3702 5550 3717 5586 :

2133 5627 2269 5695 Quid
2306 5629 2576 5684 retribuam
2623 5626 2888 5681 Domino?
2915 5625 3095 5680 Primo
3127 5623 3340 5695 quando
3379 5623 3547 5690 dicit,
3581 5623 3724 5690 Quid

2126 5720 2400 5776 retribuam
2424 5719 2681 5774 Domino?
2709 5718 2868 5774 verba
2892 5725 3018 5772 sunt
3037 5715 3313 5784 debitoris,
3339 5730 3450 5771 non
3473 5713 3720 5770 debitum

2129 5816 2410 5887 exigentis.
2446 5816 2808 5886 Praerogatum
2844 5821 2930 5872 est
2969 5811 3082 5870 illi:
3117 5810 3254 5882 Quid
3293 5809 3564 5867 retribuam
3607 5807 3723 5867 Do-
