4070 6330
373 392 513 448 H85

365 505 546 560 mino?
578 501 714 572 Quid
761 509 873 570 est,
907 501 1043 569 Quid
1100 499 1415 556 retribuam?
1451 496 1784 569 Rependam.
1837 497 1944 553 Pro

367 613 469 668 qua
488 596 580 652 re?
612 593 717 648 Pro
741 593 969 648 omnibus
993 608 1105 663 qua:
1126 592 1353 646 retribuit
1379 592 1520 645 mihi.
1543 589 1679 658 Quid
1704 589 1949 645 retribuit

367 689 532 745 mihi?
560 688 739 743 Primo
766 686 897 742 nihil
924 701 1094 753 eram,
1126 694 1178 741 et
1205 685 1328 740 fecit
1351 700 1464 750 me;
1493 686 1779 754 perieram,
1803 698 1950 753 quaa-

368 784 490 837 sivit
518 797 633 848 me;
659 793 905 850 quaerens
924 778 1125 834 invenit
1152 794 1259 845 me,
1290 777 1555 849 captivum
1581 776 1808 832 redemit
1824 790 1931 841 me,

368 886 604 946 emptum
656 874 899 930 liberavit
952 887 1068 939 me,
1099 871 1166 926 de
1202 885 1356 926 servo
1396 869 1613 925 fratrem
1660 868 1785 924 fecit
1840 882 1946 922 me.

370 967 507 1033 Quid
548 964 823 1021 retribuam
852 963 1107 1019 Domino?
1131 962 1246 1018 Non
1288 962 1455 1017 habes
1480 960 1621 1032 quod
1666 959 1949 1015 retribuas.

368 1058 592 1128 Quando
619 1058 687 1113 ab
726 1057 819 1113 illo
865 1065 1032 1112 totum
1078 1065 1375 1127 exspectas,
1426 1054 1553 1125 quid
1592 1054 1756 1109 habes
1795 1054 1954 1108 retri-

370 1149 572 1206 buere?
598 1146 704 1203 Sed
748 1155 997 1217 exspecta
1026 1163 1038 1199 :
1072 1146 1253 1202 nescio
1296 1144 1424 1216 quid
1461 1144 1570 1199 vult
1612 1145 1813 1200 dicere.
1846 1142 1954 1197 Cur

370 1242 584 1313 quaerit,
611 1240 745 1306 Quid
764 1239 1033 1293 retribuam
1062 1237 1281 1292 Domino
1309 1253 1400 1307 pro
1421 1237 1650 1291 omnibus
1674 1250 1783 1305 qua:
1812 1233 1956 1288 retri-

371 1331 477 1385 buit
518 1330 686 1384 mihi?
725 1328 1170 1398 Circumspiciens
1206 1327 1442 1397 undique
1488 1325 1616 1397 quid
1662 1324 1951 1391 retribuat,

371 1422 523 1494 quasi
543 1422 761 1477 invenit.
779 1420 915 1489 Quid
934 1419 1172 1475 invenit?
1191 1417 1408 1473 Calicem
1426 1417 1665 1473 salutaris
1686 1417 1953 1487 accipiam.

374 1516 690 1571 Rctribuere
718 1514 987 1584 cogitabas
1011 1554 1027 1581 ,
1059 1512 1234 1568 adhuc
1261 1512 1752 1583 accipere‘quaeris.
1783 1511 1915 1566 Vide
1937 1551 1953 1578 ,

374 1623 527 1679 rogo.
554 1607 610 1663 Si
636 1606 811 1661 adhuc
834 1606 1077 1675 accipere
1104 1604 1299 1675 quaeris
1318 1645 1333 1670 ,
1367 1604 1543 1660 adhuc
1582 1604 1791 1659 debitor
1812 1603 1953 1669 eris;

370 1697 581 1768 quando
633 1696 955 1752 retributor?
1008 1694 1065 1751 Si
1118 1710 1244 1767 ergo
1291 1711 1504 1766 semper
1550 1694 1758 1751 debitor
1810 1695 1954 1760 eris,

372 1788 582 1859 quando
627 1787 923 1843 retribues?
948 1786 1064 1841 Non
1111 1787 1315 1842 invenis
1344 1786 1483 1857 quod
1512 1786 1778 1841 retribuas
1809 1801 1823 1840 :
1857 1784 1958 1840 nisi

372 1879 513 1950 quod
540 1879 765 1944 dederit,
796 1894 899 1933 non
922 1878 1164 1933 habebis.

450 1972 500 2024 7.
550 1970 715 2024 Homo
764 1970 825 2023 de
872 1986 964 2024 suo
1015 1986 1115 2023 non
1160 1969 1302 2023 habet
1356 1970 1453 2023 nisi
1502 1968 1837 2022 mendacium.
1865 1968 1958 2022 Vi-

374 2059 470 2127 de,
530 2061 740 2131 quando
790 2059 1022 2127 dicebas,
1056 2059 1190 2125 Quid
1234 2059 1541 2114 retribuam?
1592 2058 1657 2114 ad
1685 2059 1809 2113 illud
1841 2074 1961 2128 per-

377 2153 509 2206 tinet
570 2150 712 2221 quod
771 2149 981 2216 dixisti,
1042 2148 1218 2202 Omnis
1282 2150 1429 2203 homo
1479 2149 1696 2205 mendax
1756 2146 1954 2219 (Psal.

375 2260 499 2312 cxv,
550 2241 765 2312 11-15).
811 2240 911 2307 Qui
951 2241 1093 2295 enim
1132 2240 1357 2295 voluerit
1393 2239 1572 2295 dicere
1617 2239 1739 2310 quia
1791 2238 1957 2294 retri-

376 2333 505 2389 buet
550 2331 746 2402 aliquid
790 2331 935 2397 Deo,
964 2330 1192 2385 mendax
1231 2339 1312 2385 est
1365 2329 1578 2403 (omnia
1610 2330 1676 2384 ab
1710 2329 1801 2384 illo
1839 2343 1962 2399 spe-

377 2423 541 2479 randa
568 2431 719 2489 sunt;
742 2438 773 2477 a
794 2423 947 2478 nobis
970 2422 1100 2493 ipsis
1125 2431 1317 2493 praeter
1344 2422 1492 2476 illum
1524 2422 1654 2476 nihil
1694 2423 1795 2477 nisi
1822 2421 1959 2477 forte

378 2515 701 2586 peccatum),
733 2523 787 2570 et
810 2513 1139 2570 mendacium
1166 2514 1232 2569 de
1253 2529 1351 2569 suo
1377 2515 1629 2584 loquitur.
1656 2514 1790 2569 Vere
1812 2514 1965 2584 plene

377 2607 446 2663 de
472 2622 569 2661 suo
596 2604 831 2661 abundat
860 2605 1057 2671 homo;
1087 2604 1426 2660 mendacium
1450 2605 1667 2660 omnino
1696 2605 1781 2660 hic
1806 2604 1966 2661 habet

378 2705 432 2752 et
468 2696 776 2752 thesaurum
815 2694 1212 2751 mendaciorum
1245 2714 1258 2751 :
1312 2710 1404 2751 cor
1447 2710 1604 2750 suum
1646 2697 1961 2764 mentiatur,

379 2800 635 2862 quantum
664 2798 876 2860 potest,
907 2804 1010 2844 non
1032 2789 1249 2855 deﬁcit;
1278 2789 1440 2859 ﬁngat
1472 2788 1728 2860 quidquid
1754 2798 1962 2860 potest,

379 2886 665 2941 mentiatur
705 2883 961 2955 quidquid
996 2892 1189 2954 potest.
1240 2883 1452 2952 Quare?
1478 2882 1612 2949 Quia
1639 2882 1779 2953 quod
1803 2882 1965 2953 gratis

380 2977 574 3047 habet,
604 2977 673 3034 de
697 2992 756 3034 se
782 2977 971 3044 habet,
1001 2992 1104 3031 non
1144 2975 1271 3030 illud
1316 2975 1466 3030 emit.
1494 2974 1717 3043 Quando
1755 2975 1966 3031 venitur

379 3072 447 3127 ad
473 3071 769 3137 veritatem,
801 3071 845 3148 si
876 3085 1036 3127 verax
1062 3070 1174 3124 vult
1194 3084 1335 3137 esse,
1367 3084 1474 3125 non
1498 3070 1601 3123 erit
1625 3068 1691 3124 de
1720 3083 1839 3124 suo.

450 3164 673 3221 CAPUT
713 3163 799 3218 Vl.
828 3193 899 3203 —
925 3163 1148 3218 Mendax
1180 3162 1371 3218 Petrus
1410 3162 1479 3216 de
1518 3178 1636 3223 suo.
1668 3161 1769 3223 Ubi
1817 3181 1968 3224 men.

384 3256 481 3314 dax
505 3257 527 3314 ?
554 3255 805 3313 Promisit
850 3254 1006 3312 nobis
1048 3254 1303 3313 Dominus
1349 3259 1655 3330 passionem
1688 3268 1779 3313 :et
1815 3258 1965 3327 dicit,

383 3353 525 3407 Absit
554 3362 652 3406 ate
673 3393 688 3418 ,
715 3368 815 3406 non
841 3352 931 3421 ﬁat
959 3352 1109 3405 illud.
1141 3351 1317 3406 Omnis
1348 3352 1497 3407 homo
1539 3352 1776 3406 mendax.
1817 3350 1970 3408 Unde

383 3446 651 3502 mendax?
674 3445 849 3515 Ipsum
883 3444 1164 3499 Dominum
1208 3444 1371 3498 audi:
1406 3443 1528 3498 Non
1548 3445 1685 3514 sapis
1727 3460 1840 3515 qua:
1872 3443 1971 3499 Dei

382 3546 519 3600 sunt,
549 3536 635 3590 sed
673 3551 784 3607 qua:
820 3543 936 3588 sunt
990 3534 1223 3589 hominis.
1284 3534 1457 3588 Verax
1520 3544 1699 3590 autem
1739 3535 1967 3607 Petrus:

386 3627 632 3697 quando?
661 3624 741 3679 Tu
774 3642 825 3680 es
855 3624 1081 3680 Christus
1110 3624 1279 3680 Filius
1305 3624 1401 3679 Dei
1428 3625 1544 3679 vivi.
1574 3624 1728 3681 Unde
1757 3625 1855 3679 ista
1875 3640 1971 3680 ve-

386 3717 515 3773 ritas
546 3716 745 3771 homini
771 3715 1051 3770 mendaci?
1108 3714 1245 3770 Ecce
1273 3714 1432 3769 homo
1451 3714 1579 3769 dicit
1598 3756 1612 3782 ,
1643 3712 1722 3767 Tu
1741 3731 1791 3768 es
1820 3714 1973 3769 Chri-

386 3819 493 3863 stus
521 3806 686 3863 Filius
714 3806 807 3862 Dei
833 3807 949 3862 vivi.
982 3806 1111 3875 Quis
1141 3807 1307 3861 dicit?
1327 3808 1536 3862 Petrus.
1570 3806 1706 3876 Quid
1734 3816 1847 3862 erat
1870 3806 1973 3862 Pe-

387 3901 538 3955 trus?
576 3899 780 3967 Homo,
808 3899 899 3971 qui
941 3898 1075 3955 dixit
1119 3914 1326 3955 verum.
1369 3899 1549 3967 Certe,
1604 3898 1781 3955 Omnis
1825 3900 1973 3955 homo

391 3991 627 4046 mendax.
672 3991 810 4046 Ecce
834 4030 851 4057 ,
877 4004 1002 4046 ecce
1031 3991 1207 4061 lingua
1235 3990 1383 4061 ejus;
1406 4006 1532 4047 ecce
1562 3991 1737 4060 lingua
1766 3989 1833 4045 de
1874 3991 1975 4047 lin~

392 4098 493 4155 gua
536 4083 654 4153 ejus
702 4099 717 4135 :
775 4081 1064 4153 quomodo,
1115 4080 1292 4135 Omnis
1330 4083 1478 4136 homo
1515 4081 1772 4136 mendax?
1814 4081 1971 4149 Audi,

390 4175 511 4247 quia
551 4174 728 4228 Omnis
774 4176 923 4229 homo
962 4175 1214 4241 mendax,
1252 4174 1375 4244 quia
1409 4173 1476 4229 de
1504 4190 1622 4230 suo.
1668 4175 1808 4246 Ergo
1836 4176 1976 4231 unde

392 4266 580 4322 Petrus
608 4266 809 4323 verax?
844 4266 982 4322 Audi
1009 4268 1176 4337 ipsam
1212 4268 1489 4322 veritatem
1524 4284 1538 4320 :
1566 4265 1752 4322 Beatus
1781 4284 1852 4333 es,
1886 4267 1975 4323 Si-

393 4376 512 4413 mon
541 4358 826 4413 Bar-Jona.
858 4358 1010 4415 Unde
1036 4359 1259 4415 beatus?
1279 4359 1344 4413 de
1374 4359 1513 4413 suo?
1534 4359 1702 4414 Absit.
1739 4360 1870 4426 Quia
1890 4360 1977 4415 tibi

394 4468 496 4505 non
541 4451 769 4505 reuelauit
806 4468 923 4504 caro
952 4459 997 4504 et
1033 4451 1275 4523 sanguis,
1306 4451 1395 4505 sed
1437 4450 1592 4505 Pater
1632 4468 1771 4506 meus
1814 4452 1901 4523 qui
1923 4452 1976 4507 in

396 4544 534 4599 caelis
563 4553 633 4597 est
658 4542 868 4615 (Matth.
898 4559 986 4597 va
1007 4586 1022 4609 ,
1049 4543 1142 4611 2‘2,
1170 4542 1263 4611 23,
1295 4545 1382 4609 l6,
1408 4544 1519 4615 l7).

472 4634 526 4688 8.
558 4631 869 4686 Laudandus
899 4632 1036 4687 Deus
1060 4650 1191 4687 nunc
1212 4642 1257 4688 et
1286 4651 1499 4705 semper.
1523 4634 1825 4691 Laudemus
1850 4649 1979 4705 ergo

399 4722 705 4789 Dominum,
729 4724 1024 4777 charissimi
1046 4765 1062 4792 ,
1086 4724 1361 4780 laudemus
1382 4727 1547 4780 Deum
1569 4767 1582 4793 ,
1611 4727 1851 4784 dicamus
1880 4729 1977 4783 Al-

400 4813 579 4870 leluia.
604 4812 971 4883 Signiﬁeemus
994 4813 1110 4867 istis
1133 4814 1320 4870 diebus
1341 4815 1480 4871 diem
1513 4817 1628 4872 sine
1653 4818 1789 4883 ﬁne;
1818 4820 1981 4890 signi-

402 4906 625 4962 ﬁcemus
644 4905 818 4960 locum
846 4904 1279 4974 immortalitatis,
1305 4916 1512 4977 tempus
1534 4908 1976 4974 immortalitatis;

399 4998 711 5054 festinemus
733 4995 800 5051 ad
828 4994 1045 5052 domum
1071 5009 1341 5053 aeternam.
1372 4997 1517 5052 Beati
1552 5000 1637 5066 qui
1676 5000 1900 5053 habitant
1928 5000 1981 5055 in

401 5090 549 5145 domo
573 5099 694 5155 tua;
724 5090 779 5143 in
820 5089 1005 5143 uacula
1045 5092 1342 5145 saeculorum
1385 5090 1660 5146 laudabunt
1708 5102 1755 5146 te
1806 5090 1978 5164 (Psal.

402 5195 601 5235 Lxxxnt
624 5222 639 5247 ,
661 5180 737 5251 5).
783 5178 895 5235 Lex
918 5179 1081 5246 dicit,
1108 5179 1377 5249 Scriptura
1414 5180 1542 5236 dicit
1564 5224 1578 5247 ,
1601 5184 1797 5238 veritas
1831 5183 1978 5239 dicit.

404 5271 627 5327 Venturi
655 5286 837 5327 sumus
861 5270 929 5326 ad
957 5271 1173 5326 domum
1208 5271 1338 5340 Dei,
1363 5287 1480 5342 quae
1515 5280 1596 5327 est
1624 5272 1677 5327 in
1702 5274 1874 5329 coelis.
1904 5274 1981 5330 lbi

402 5378 511 5418 non
567 5363 941 5435 quinquaginta
1008 5363 1196 5419 diebus
1247 5364 1412 5420 Deum
1463 5364 1831 5432 laudabimus;
1887 5366 1981 5422 sed

403 5454 847 5527 quemadmodum
888 5457 1143 5528 scriptum
1186 5466 1301 5523 est,
1333 5458 1385 5511 in
1421 5458 1610 5513 swcula
1658 5460 1979 5515 surculorum.

404 5546 716 5604 Videbimus
743 5591 759 5616 ,
786 5550 1081 5605 amabimus
1102 5592 1118 5617 ,
1149 5550 1496 5606 laudabimus.
1533 5550 1646 5608 Nec
1672 5552 1811 5623 quod
1838 5552 1982 5607 vide-

409 5638 585 5695 bimus
610 5639 841 5707 deﬁciet,
872 5658 969 5698 nec
997 5642 1138 5712 quod
1160 5642 1451 5697 amabimus
1475 5644 1685 5713 peribit,
1719 5659 1815 5698 nec
1841 5643 1982 5713 quod

405 5729 741 5787 laudabimus
800 5734 992 5788 tacebit
1024 5750 1038 5800 ;
1077 5734 1457 5805 sempiternum
1497 5744 1662 5790 totum
1692 5736 1826 5804 erit,
1868 5736 1983 5792 sine

406 5818 515 5881 ﬁne
542 5821 663 5879 erit.
705 5822 1038 5897 Laudemus,
1073 5825 1377 5896 laudemus;
1407 5827 1499 5885 sed
1538 5844 1641 5885 non
1669 5828 1794 5887 solis
1838 5830 1981 5886 voci-

1782 383 2014 441 SERMO
2048 382 2243 440 CCLV.

3490 382 3636 442 “86

2048 499 2170 564 bus,
2205 496 2482 554 laudemus
2505 505 2560 554 et
2595 497 2834 553 moribus
2857 510 2871 549 :
2894 494 3074 551 laudet
3100 495 3275 567 lingua
3295 535 3314 565 ,
3339 494 3514 552 laudet
3548 498 3635 554 vi-

2052 598 2138 655 ta;
2167 589 2259 644 sed
2292 589 2483 645 habeat
2506 589 2820 646 charitatem
2844 586 3123 644 inﬁnitam.
3151 588 3407 645 Conversi
3430 588 3496 643 ad
3522 588 3626 645 Do:
3695 670 3701 677 ι

2050 681 2274 748 minum,
2294 690 2397 736 etc.

2528 772 2755 828 SERMO
2791 770 2967 826 CCLV
3007 772 3024 793 ο
3065 767 3162 842 (α).

2471 890 2523 933 ιιι
2542 884 2715 934 diebus
2730 882 3050 943 Pasdialibus,
3074 895 3209 932 xx".

2671 982 2748 1036 De
2772 981 3011 1037 Alleluia.

2128 1094 2352 1153 CAPUT
2390 1095 2673 1153 PRIMUM.
2696 1127 2767 1137 —
2809 1099 2854 1151 l.
2887 1097 3107 1153 Alleluia
3129 1141 3143 1165 ,
3193 1099 3395 1171 piorum
3443 1096 3523 1151 hic
3552 1111 3638 1153 so-

2058 1189 2235 1242 latium
2255 1229 2268 1253 ,
2313 1187 2422 1241 sola
2469 1189 2563 1241 erit
2591 1191 2721 1242 actio
2754 1189 3027 1245 beatorum.
3059 1192 3318 1260 Quoniam
3348 1188 3512 1243 voluit
3539 1188 3642 1242 Do-

2058 1280 2256 1346 minus,
2307 1289 2366 1333 ut
2412 1280 2740 1334 Charitatem
2785 1290 3015 1335 vestram
3061 1282 3116 1336 in
3162 1281 3385 1337 Alleluia
3429 1278 3640 1334 videre-

2059 1386 2177 1426 mus
2204 1372 2302 1443 (b),
2326 1371 2392 1427 de
2422 1372 2647 1427 Alleluia
2677 1372 2827 1427 vobis
2847 1373 3065 1428 verbum
3093 1373 3368 1429 debemus.
3392 1373 3507 1439 Non
3538 1370 3641 1427 sim

2061 1462 2230 1527 meri,
2259 1463 2303 1516 si
2330 1477 2694 1519 commemoro
2720 1464 2861 1534 quod
2892 1464 3057 1519 nostis
3086 1484 3097 1518 :
3128 1466 3249 1535 quia
3275 1474 3329 1520 et
3352 1466 3522 1536 ipsum
3547 1464 3643 1519 Al-

2062 1554 2219 1609 leluia
2249 1554 2486 1625 quotidie
2512 1554 2759 1622 dicimus,
2791 1566 2844 1611 et
2881 1556 3115 1627 quotidie
3153 1557 3493 1611 delectamur.
3532 1554 3645 1610 No-

2062 1647 2158 1701 stis
2183 1648 2324 1702 enim
2356 1649 2479 1717 quia
2502 1648 2751 1712 Alleluia,
2778 1649 2935 1703 latine
2960 1648 3151 1703 dicitur
3174 1647 3405 1702 Laudate
3434 1648 3597 1702 Deum
3626 1664 3643 1703 :

2064 1748 2118 1795 et
2144 1741 2197 1794 in
2225 1741 2323 1794 hoc
2345 1740 2509 1794 verbo
2535 1751 2891 1795 consonantes
2917 1755 3011 1795 ore
3036 1749 3092 1795 et
3114 1740 3504 1795 consentientes
3528 1754 3647 1795 cor-

2063 1832 2148 1895 de,
2183 1832 2528 1887 exhortamur
2571 1848 2669 1887 nos
2714 1832 2939 1888 invicem
2984 1833 3050 1886 ad
3095 1831 3416 1886 laudandum
3456 1832 3642 1886 Deum.

2064 1920 2198 1975 Eum
2235 1929 2440 1976 tantum
2473 1922 2633 1976 homo
2675 1938 2893 1977 securus
2936 1922 3159 1987 laudat,
3204 1921 3295 1991 qui
3336 1936 3443 1976 non
3491 1920 3651 1976 habet

2065 2011 2205 2066 unde
2234 2011 2534 2081 displiceat.
2568 2012 2632 2065 Et
2663 2012 2714 2066 in
2745 2012 2845 2066 hoc
2887 2011 3102 2082 quidem
3145 2021 3380 2082 tempore
3418 2011 3651 2081 peregri-

2065 2103 2297 2159 nationis
2329 2114 2528 2158 nostrm
2554 2104 2619 2158 ad
2651 2104 2896 2159 solatium
2927 2104 3102 2158 viatici
3133 2102 3358 2158 dicimus
3386 2101 3647 2170 Alleluia;

2067 2194 2226 2249 modo
2254 2195 2407 2248 nobis
2437 2195 2661 2249 Alleluia
2691 2188 2956 2249 canticum
2984 2204 3066 2250 est
3096 2195 3312 2248 viatoris
3337 2213 3349 2248 :
3384 2194 3649 2249 tendimus

2065 2295 2239 2342 autem
2297 2304 2391 2356 per
2437 2288 2575 2342 viam
2622 2288 2942 2342 laboriosam
2991 2286 3057 2342 ad
3107 2288 3339 2356 quietam
3386 2288 3644 2358 patriam,

2066 2379 2155 2433 uhi
2182 2380 2427 2433 retractis
2452 2379 2701 2433 omnibus
2730 2379 3029 2434 actionibus
3070 2379 3287 2445 nostris,
3329 2394 3433 2434 non
3473 2396 3651 2436 rema-

2067 2471 2213 2525 nebit
2238 2471 2337 2524 nisi
2364 2472 2608 2526 Alleluia.

2138 2561 2366 2616 CAPUT
2406 2562 2466 2618 ll.
2498 2594 2567 2602 --
2593 2563 2646 2615 2.
2681 2562 2865 2617 Maria:
2903 2572 2953 2616 et
2980 2562 3199 2618 Martha:
3234 2564 3429 2617 diversa
3470 2565 3659 2635 oﬂicia.

2070 2651 2226 2707 Istam
2256 2662 2458 2722 partem
2490 2655 2856 2709 suavissimam
2897 2654 2997 2710 sibi
3025 2654 3185 2709 Maria
3224 2654 3491 2726 elegerat,
3532 2671 3653 2725 quae

2068 2742 2309 2810 vacabat,
2340 2744 2591 2807 discebat,
2637 2744 2921 2800 laudabat:
2953 2746 3153 2800 Martha
3184 2762 3311 2801 vero
3338 2761 3490 2801 soror
3514 2747 3650 2816 ejus,

2071 2836 2212 2891 circa
2242 2836 2471 2906 plurima
2501 2836 2673 2891 fuerat
2702 2847 2973 2907 occupata.
3008 2838 3263 2908 Equidem
3309 2840 3495 2909 agebat
3539 2856 3653 2896 rem

2069 2929 2449 2995 necessariam,
2474 2928 2568 2984 sed
2593 2945 2699 2984 non
2727 2945 3123 3000 permansurum
3150 2949 3162 2984 ε
3187 2931 3376 3001 agebat
3399 2946 3509 2985 rem
3532 2932 3650 2997 viae,

2070 3023 2304 3078 nondum
2332 3023 2515 3093 patria:
2541 3041 2555 3077 :
2582 3023 2769 3095 agebat
2792 3039 2901 3077 rem
2932 3024 3388 3098 peregrinationis,
3416 3023 3650 3083 nondum

2070 3115 2446 3192 pOSScssiOnis.
2476 3122 2795 3191 Susceperat
2823 3136 2966 3176 enim
3011 3121 3310 3187 Dominum,
3338 3131 3393 3177 et
3429 3138 3523 3178 eos
3561 3124 3655 3195 qui

2072 3226 2193 3267 cum
2225 3213 2316 3267 illo
2342 3221 2511 3268 erant.
2538 3213 2605 3267 Et
2627 3212 2880 3267 Dominus
2902 3228 3117 3268 carnem
3146 3214 3410 3269 habebat:
3438 3224 3491 3269 et
3520 3216 3657 3270 sicut

2074 3320 2171 3376 pro
2190 3305 2344 3360 nobis
2366 3305 2612 3375 dignatus
2631 3314 2713 3359 est
2731 3320 2947 3361 carnem
2985 3306 3276 3374 suscipere,
3308 3306 3379 3359 ita
3411 3305 3657 3376 dignatus

2074 3408 2156 3455 est
2171 3398 2373 3453 esurire
2399 3407 2450 3453 et
2472 3398 2638 3452 sitire.
2675 3398 2740 3451 Et
2757 3413 2819 3451 ex
2837 3413 2901 3452 eo
2923 3398 3061 3467 quod
3087 3397 3332 3468 dignatus
3349 3406 3431 3453 est
3450 3399 3659 3453 esurire

2076 3501 2130 3547 et
2161 3494 2329 3555 sitire,
2357 3491 2599 3561 dignatus
2629 3498 2712 3543 est
2738 3490 2882 3559 pasci
2924 3490 2990 3544 ab
3018 3490 3094 3544 eis
3124 3505 3257 3558 quos
3284 3490 3396 3559 ipse
3432 3489 3655 3545 ditavit:

2077 3582 2325 3652 dignatus
2354 3590 2435 3635 est
2464 3581 2682 3650 suscipi,
2726 3596 2829 3634 non
2884 3580 3080 3650 inopia,
3114 3579 3206 3634 sed
3235 3582 3422 3651 gratia.
3454 3581 3660 3651 Agebat

2076 3688 2205 3745 ergo
2226 3673 2427 3727 Martha
2450 3673 2588 3743 quod
2613 3672 2909 3742 pertinebat
2930 3672 2997 3727 ad
3023 3674 3395 3729 necessitatem
3420 3674 3658 3729 esurien-

2080 3767 2209 3821 tium
2241 3776 2293 3820 et
2321 3766 2612 3819 sitientium
2642 3784 2655 3819 :
2699 3766 2919 3836 parabat
2955 3768 3357 3823 conversatione
3399 3768 3655 3837 sollicita,

2078 3856 2219 3927 quod
2250 3856 2658 3911 manducaretur
2681 3866 2735 3911 et
2760 3857 3030 3912 biberetur
3058 3873 3089 3912 a
3119 3858 3316 3913 sanctis
3355 3868 3407 3914 et
3444 3860 3512 3915 ab
3542 3860 3659 3929 ipso
3710 3893 3719 3903 ς

2080 3948 2276 4004 Sancto
2307 3956 2611 4002 sanctorum
2644 3947 2695 4001 in
2738 3948 2897 4002 domo
2944 3948 3060 4018 ejus
3103 3949 3271 4019 (Luc.
3315 3966 3350 4004 x
3375 3991 3391 4017 ,
3432 3950 3595 4005 38-42
3612 3950 3656 4021 ).

2078 4040 2321 4110 Magnum
2354 4054 2506 4108 opus,
2539 4037 2633 4093 sed
2664 4039 3049 4094 transitorium.
3083 4040 3345 4111 Numquid
3374 4042 3578 4095 esurire
3606 4047 3661 4095 et

2081 4132 2229 4186 sitire
2254 4146 2467 4201 semper
2508 4130 2646 4185 erit?
2677 4130 2899 4199 Quando
2942 4131 3318 4186 inhaerebimus
3364 4133 3660 4202 purissimae

2082 4222 2155 4277 illi
2181 4231 2233 4277 et
2262 4222 2665 4291 perfectissima
2692 4222 2935 4289 bonitati,
2965 4237 3070 4278 non
3100 4224 3200 4278 erit
3228 4240 3391 4293 quare
3417 4225 3433 4254 ¹
3462 4225 3662 4279 servire

2081 4314 2405 4369 necessitati.
2451 4313 2601 4368 Beati
2626 4312 2843 4377 erimus,
2887 4314 3031 4367 nullo
3067 4313 3391 4385 indigentes;
3438 4317 3661 4371 multum

2084 4404 2361 4472 habentes,
2392 4404 2523 4459 nihil
2554 4414 2871 4474 quaerentes.
2905 4405 2971 4459 Et
2997 4404 3121 4474 quid
3160 4415 3238 4459 est
3269 4406 3407 4476 quod
3438 4405 3661 4462 habebi-

2081 4513 2221 4562 mus,
2247 4507 2305 4551 ut
2330 4495 2462 4550 nihil
2489 4496 2832 4565 quteramus?
2865 4496 2980 4551 Dixi
3005 4514 3018 4550 :
3051 4496 3189 4567 quod
3215 4497 3445 4563 creditis,
3478 4505 3661 4567 postea

2084 4589 2332 4645 videbitis
2354 4591 2396 4642 ².
2424 4588 2575 4656 Quod
2614 4605 2741 4660 ergo
2780 4590 3029 4657 diximus,
3075 4591 3296 4645 multum
3328 4591 3581 4647 habentes
3610 4601 3664 4649 et

2084 4681 2220 4736 nihil
2250 4689 2571 4751 quaerentes,
2598 4680 2649 4736 id
2680 4689 2781 4746 est,
2815 4682 2958 4735 nullo
2984 4681 3310 4751 indigentes;
3337 4681 3461 4751 quid
3488 4692 3569 4739 est
3593 4684 3665 4754 ip-

2084 4786 2203 4826 sum
2232 4771 2374 4841 quod
2405 4770 2759 4825 habebimus?
2781 4770 3143 4826 Servientibus
3165 4772 3262 4825 sibi
3294 4772 3452 4839 Deus,
3486 4775 3665 4830 colen-

2085 4860 2224 4916 tibus
2250 4875 2393 4924 eum,
2422 4859 2764 4915 credentibus
2799 4862 2849 4915 in
2891 4876 3035 4927 eum,
3078 4863 3412 4931 sperantibus
3434 4864 3487 4919 in
3518 4879 3663 4936 eum,

2084 4953 2382 5007 amantibus
2410 4968 2529 5009 eum
2560 4954 2684 5025 quid
2715 4954 2897 5009 dabit?

2156 5044 2381 5101 CAPUT
2407 5044 2623 5101 lll.—5.
2640 5046 2890 5117 Beneﬁcia
2908 5047 3002 5101 Dei
3016 5048 3069 5101 in
3087 5064 3257 5103 omnes
3271 5058 3319 5104 et
3334 5050 3487 5106 bonos
3507 5060 3554 5107 et
3566 5068 3666 5107 ma-

2150 5160 2167 5192 ι
2208 5158 2324 5208 Fditi
2344 5194 2360 5221 ,
2426 5171 2660 5224 qurerere.
2729 5158 2893 5209 Melius
2937 5166 3101 5210 autem
3164 5163 3500 5213 Germanensis
3549 5171 3666 5228 Ms.,

2183 5234 2251 5271 re.

2085 5233 2329 5343 Wf’bfditi,
2366 5282 2495 5342 Dixi,
2522 5283 2649 5348 quod
2672 5283 2716 5332 si
2735 5281 2952 5344 creditis,
2974 5289 3137 5348 postea
3155 5282 3580 5348 uidebitis._ltbest,
3601 5286 3663 5347 si,

2084 5357 2110 5393 a
2271 5346 2598 5416 Germanensi.
2628 5351 2791 5416 Itaque
2815 5345 3045 5416 verbum,
3073 5345 3439 5416 Diri,_respic_i_t
3484 5345 3662 5416 ad

2087 5408 2670 5475 perierem‘seutentiam,
2693 5404 3039 5459 intrwrebimus
3063 5404 3339 5473 purissimi
3355 5408 3430 5460 illi
3447 5416 3494 5461 et
3513 5410 3669 5475 perfe-

2086 5466 2313 5519 ctissima:
2336 5466 2548 5519 bonitati.

2148 5532 2165 5551 ‘
2186 5538 2319 5579 Hunc
2340 5543 2617 5579 sermonem
2637 5530 2843 5582 vidimus
2861 5533 2911 5582 in
2933 5533 3074 5583 unico
3114 5547 3189 5597 gr.
3227 5541 3279 5584 et
3314 5535 3365 5584 in
3402 5533 3538 5584 Ulim.
3563 5541 3668 5589 Par.

2082 5598 2192 5643 ων.

2152 5656 2224 5716 (a)
2251 5653 2393 5712 Alias,
2412 5655 2476 5704 de
2494 5656 2701 5705 Diversis
2722 5656 2766 5704 l.

2150 5714 2221 5784 (ὁ)
2246 5716 2416 5766 llabuit
2436 5731 2555 5784 ergo
2580 5721 2937 5784 sermonemin
2968 5717 3075 5770 loco
3104 5722 3382 5784 peregrino,
3420 5719 3543 5770 forte
3564 5726 3670 5770 Car-

2088 5778 2288 5889 magiae
2310 5791 2436 5850 anno
2466 5778 2576 5839 418,
2617 5794 2714 5843 quo
2736 5782 2946 5844 synodus
2987 5784 3054 5833 ibi
3092 5778 3257 5834 contra
3281 5778 3562 5849 Pelagianos
3590 5794 3668 5838 ca-

2089 5838 2173 5889 len
2208 5854 2247 5889 IS
2268 5853 2379 5889 man
2400 5841 2645 5889 celebrata
2668 5851 2761 5889 est.

2089 5838 2247 5891 lendis
2268 5842 2379 5889 maii
2400 5838 2650 5895 celebrata
2668 5851 2761 5897 est.
