4056 6462
444 450 584 518 tm

441 576 540 631 tes.
569 573 777 629 Sanum
800 579 834 624 α
860 568 988 625 Deo.
1016 559 1271 624 Videmus
1307 564 1452 622 enim
1487 570 1682 635 quanta
1719 561 1810 618 det
1834 562 1891 616 in
1917 559 2021 615 hoc

445 673 688 737 tempore
714 654 1074 720 difﬁdentibus
1102 663 1168 718 de
1196 661 1287 717 illo
1307 703 1321 728 ,
1345 658 1750 730 desperantibus
1787 657 1854 712 de
1893 655 2019 723 illo,

1671 445 1732 504 S.
1770 437 2138 504 Αυρυετιιιι
2172 437 2474 500 EPISCOPI

3569 433 3633 501 ii
3644 439 3715 501 83

2129 555 2542 612 inebedientiam
2594 547 2751 608 unius
2801 549 3033 609 hominis
3079 549 3392 622 suam
3431 559 3714 614 Μικκίιὶ

2129 653 2253 704 sunt
2290 649 2438 702 multi
2454 670 2474 720 7;
2514 647 2592 702 sic
2635 655 2691 702 et
2737 655 2832 717 per
2852 646 3208 703 obedientiam
3251 650 3410 706 unius
3451 649 3712 720 hominis,

442 719 760 812 mea.“
815 756 946 822 ίιιο,
1005 719 1498 824 ωειεριιεηπίηιίυιὶε
1544 751 1726 816 illum;
1778 719 2024 802 videmus
2126 719 3030 812 justiconstiiuentUrmultii(Rom.
3053 751 3105 807 ν,
3143 737 3258 812 ta).
3284 741 3389 798 Per
3412 741 3562 800 tuum
3582 760 3717 816 ergo

441 857 638 918 quanta
682 847 818 902 dona
864 847 1134 917 largiatur.
1173 842 1255 899 Ab
1286 844 1374 898 illo
1402 847 1486 898 est
1513 843 1652 898 enim
1683 842 1852 912 primo
1877 841 2024 894 sani-

445 948 522 993 tas
553 957 564 990 :
598 955 718 1008 qua:
748 939 824 993 sic
849 938 1019 992 dulcis
1042 948 1142 1004 est,
1172 943 1229 991 ut
1257 937 1309 990 in
1336 934 1608 989 fastidium
1635 948 1902 1003 nunquam
1929 946 2023 988 ve-

443 1031 573 1087 niat.
603 1030 826 1099 Quando
855 1031 990 1084 hanc
1016 1029 1195 1095 habet,
1226 1027 1353 1098 quid
1379 1027 1528 1083 deest
1558 1023 1814 1096 pauperi?
1843 1024 2024 1091 Quan-

443 1125 513 1181 do
542 1125 696 1180 istam
727 1139 834 1180 non
867 1123 1054 1190 habet,
1088 1121 1340 1192 quidquid
1366 1121 1526 1176 habet
1552 1119 1678 1189 quid
1708 1116 1924 1187 prodest
1948 1115 2026 1170 di-

442 1220 573 1276 viti?
600 1220 680 1276 Ab
710 1221 798 1274 illo
828 1228 908 1274 est
934 1234 1082 1289 ergo,
1121 1217 1172 1272 id
1203 1224 1304 1282 est,
1350 1231 1381 1271 a
1424 1215 1649 1270 Domino
1693 1213 1804 1268 Deo
1833 1219 2028 1294 [nostro

443 1329 604 1384 quem
635 1313 877 1379 colimus,
906 1329 933 1365 a
966 1315 1092 1366 vero
1123 1311 1232 1366 Deo
1257 1311 1306 1364 in
1346 1323 1501 1379 quem
1548 1306 1846 1368 credimus,
1893 1313 1946 1358 et
1975 1304 2025 1358 in

445 1420 551 1476 quo
581 1419 880 1475 speramus,
917 1412 972 1458 et
1011 1418 1167 1474 quem
1205 1401 1498 1471 diligimus;
1541 1399 1606 1452 ab
1645 1397 1734 1451 illo
1772 1403 1852 1450 est
1887 1402 2028 1449 tanta

445 1511 554 1560 res,
580 1495 800 1552 sanitas.
834 1483 1022 1549 Videte
1062 1502 1268 1556 tamen,
1297 1507 1417 1546 eum
1459 1489 1527 1544 sit
1555 1502 1741 1559 magna
1768 1501 1854 1541 res
1883 1485 2029 1539 sani-

448 1597 550 1656 tas,
581 1587 849 1658 quomodo
875 1603 993 1642 eam
1019 1586 1109 1642 det
1137 1594 1190 1642 et
1219 1584 1371 1640 bonis
1399 1593 1451 1638 et
1477 1582 1651 1648 malis,
1693 1589 1746 1636 et
1786 1577 2032 1648 blasphe-

443 1680 740 1744 matoribus
773 1679 880 1734 suis
908 1686 962 1738 ct
997 1675 1358 1732 laudatoribus
1387 1674 1517 1728 suis.
1558 1672 1627 1726 Et
1659 1670 1783 1741 quid
1825 1666 2033 1725 dicam?

446 1760 672 1842 Utrique
699 1771 941 1826 homines
965 1779 1106 1824 sunt.
1131 1769 1284 1824 Omni
1313 1780 1505 1836 pecore
1531 1763 1721 1819 melior
1740 1771 1822 1818 cst
1845 1771 1898 1816 et
1922 1775 2036 1815 ma-

447 1841 534 1918 ius
560 1841 742 1916 homo.
776 1863 876 1915 Dat
905 1860 1185 1914 sanitatem
1222 1857 1382 1912 etiam
1417 1855 1670 1926 jumentis
1705 1861 1757 1907 et
1785 1849 2032 1907 draconi-

448 1941 568 2017 bus,
598 1967 760 2022 usque
785 1950 849 2006 ad
876 1965 1085 2006 muscas
1110 1958 1163 2004 et
1190 1947 1507 2004 vermiculos
1529 1945 1691 2002 donat
1716 1945 2030 2009 sanitatem;

452 2052 508 2099 et
537 2043 703 2099 salvat
729 2042 904 2098 omnia
926 2042 1015 2112 qui
1043 2039 1242 2096 creavit
1268 2040 1465 2094 omnia.
1492 2037 1561 2094 Ut
1585 2052 1713 2108 ergo
1740 2036 1842 2090 alia
1872 2035 2031 2090 omit-

450 2143 664 2201 tamus;
703 2137 822 2206 quia
855 2135 986 2190 nihil
1014 2135 1204 2189 melius
1232 2133 1528 2188 invenimus
1571 2145 1727 2200 quam
1775 2137 1856 2183 est
1888 2127 2033 2182 sani-

451 2236 534 2288 tas
559 2249 569 2284 :
600 2244 705 2284 non
735 2230 905 2286 solum
936 2244 1053 2284 eam
1084 2227 1174 2282 dat
1203 2227 1340 2282 Deus
1369 2224 1672 2280 hominibus
1693 2264 1707 2290 ,
1740 2223 1834 2276 sed
1860 2229 1914 2278 et
1943 2235 2036 2290 pe-

455 2323 694 2387 coribus,
723 2323 859 2377 sicut
888 2321 1015 2377 dicit
1035 2320 1281 2376 Psalmus
1307 2337 1320 2374 :
1354 2316 1596 2372 Homines
1619 2325 1665 2371 et
1680 2317 1912 2388 jumenta
1931 2312 2036 2368 sal-

451 2430 539 2470 vos
564 2416 740 2486 facies,
774 2413 1025 2477 Domine;
1054 2414 1179 2468 sicut
1209 2410 1543 2482 multiplicata
1584 2417 1657 2463 est
1700 2406 2042 2461 misericordia

456 2514 566 2572 tua,
594 2495 754 2558 Deus.
784 2503 872 2559 Sic
901 2505 1043 2558 enim
1075 2519 1153 2568 es,
1182 2503 1302 2574 quia
1334 2502 1475 2556 Deus
1501 2515 1591 2566 es;
1624 2509 1682 2554 ut
1709 2499 1916 2554 bonitas
1952 2505 2040 2552 tua

455 2611 565 2652 non
593 2604 867 2652 remaneat
893 2596 946 2652 in
976 2595 1219 2662 summis,
1247 2602 1300 2650 et
1326 2593 1538 2649 deserat
1564 2591 1763 2646 inlima.
1796 2589 2043 2644 Pervenit

433 2674 528 2747 ἐι)
565 2690 784 2762 Angelis
825 2705 990 2759 usque
1034 2688 1101 2745 ad
1146 2695 1385 2750 eattrema
1429 2695 1483 2742 et
1525 2685 1728 2740 minuta
1775 2681 2039 2737 animalia.

458 2769 719 2840 Pervenit
743 2782 882 2838 cnim
909 2798 937 2836 a
971 2781 1076 2837 line
1105 2796 1271 2850 usque
1298 2779 1351 2834 in
1382 2778 1540 2832 linem
1581 2774 1900 2846 pertendens
1937 2772 2045 2828 for-

459 2868 587 2934 titer
612 2875 895 2946 sapientia,
924 2884 979 2930 et
1003 2874 1236 2944 disponit
1263 2872 1440 2928 omnia
1468 2869 1700 2925 suaviter
1734 2866 1904 2941 (Sap.
1927 2882 2042 2933 vni,

461 2955 487 3024 ἰ
517 2964 537 3039 )
567 2985 578 3020 :
613 2978 668 3022 et
693 2968 744 3023 in
777 2969 890 3038 ipsa
914 2967 1263 3038 dispositione
1289 2964 1564 3023 suavitatis
1589 2963 1721 3034 ejus,
1754 2962 1932 3019 suavis
1966 2969 2048 3018 est

461 3059 709 3115 omnibus
738 3061 958 3114 sanitas.

532 3147 760 3204 CAPUT
801 3149 890 3203 iV.
919 3178 988 3190 --
1015 3149 1068 3204 4.
1101 3148 1268 3204 Deum
1290 3147 1484 3219 aliquid
1509 3164 1706 3202 seruare
1740 3148 1899 3202 bonis.
1931 3147 2046 3201 Ho—

461 3238 621 3295 mines
649 3251 694 3294 et
716 3240 811 3309 ﬁlii
836 3240 1093 3294 hominum
1124 3241 1177 3294 in
1203 3257 1299 3310 quo
1335 3238 1592 3306 cli/ferant.
1627 3239 1758 3294 Cum
1785 3253 1910 3310 ergo
1935 3246 2050 3293 tan-

468 3325 584 3388 tum
614 3329 812 3388 bonum
842 3333 932 3388 det
958 3341 1011 3388 et
1061 3333 1214 3388 bonis
1243 3341 1298 3388 ct
1335 3333 1508 3400 malis,
1565 3341 1618 3388 et
1659 3331 1959 3389 hominibus
1997 3341 2051 3399 et

455 3420 749 3498 iumentis;
777 3424 904 3495 quid
942 3432 1043 3493 est,
1075 3423 1265 3496 fratres
1299 3425 1423 3489 mei,
1465 3423 1605 3495 quod
1646 3432 1822 3478 servat
1861 3423 2051 3478 bonis?

463 3505 582 3573 «iam
609 3517 752 3573 enim
781 3517 1006 3584 dixerat,
1051 3517 1290 3572 "omines
1333 3527 1378 3572 et
1411 3519 1642 3587 jumenta
1679 3516 1844 3572 salvos
1873 3516 2046 3587 facies,

463 3605 710 3674 Domine;
737 3614 864 3672 sicut
893 3610 1226 3683 multiplicata
1256 3620 1327 3666 est
1367 3611 1708 3665 misericordia
1739 3620 1846 3678 tua,
1892 3607 2047 3663 Deus.

465 3687 534 3758 Et
555 3702 747 3758 deinde
769 3703 1011 3773 adjunxit
1033 3725 1046 3759 :
1074 3703 1194 3757 Filii
1223 3714 1388 3758 autem
1415 3702 1672 3756 hominum
1698 3701 1864 3773 (Psal.
1885 3717 2046 3767 xxxv,

464 3781 523 3862 7,
545 3793 579 3849 8
604 3794 644 3865 ).
672 3795 772 3865 Qui
803 3803 927 3849 sunt
954 3795 1076 3850 isti?
1102 3795 1260 3862 Quasi
1287 3795 1377 3849 alii
1403 3803 1524 3848 sunt
1550 3793 1813 3859 homines,
1840 3793 1906 3848 de
1931 3793 2050 3863 qui»

459 3881 566 3941 bus
597 3887 756 3957 paulo
781 3897 904 3942 ante
931 3887 1157 3952 dixerat,
1192 3885 1430 3940 Homines
1459 3896 1506 3940 et
1521 3887 1751 3957 jumenta
1774 3886 1938 3940 salvos
1964 3886 2047 3955 {a-

467 3977 588 4046 cies,
621 3979 879 4044 Domine;
908 3990 961 4037 et
989 3981 1078 4036 alii
1111 3981 1203 4034 ﬁlii
1235 3979 1530 4034 hominum.
1563 3979 1718 4032 Aliud
1748 3979 1890 4034 enim
1931 3987 2054 4034 sunt

469 4071 717 4128 homines
741 4090 899 4144 quam
932 4073 1024 4128 lilii
1050 4062 1342 4134 hominum,
1369 4081 1422 4127 et
1443 4071 1582 4126 aliud
1614 4079 1737 4125 sunt
1767 4070 1858 4124 ﬁlii
1884 4070 2055 4125 homi-

390 4233 400 4241 ‘
468 4179 599 4220 num
625 4181 782 4234 quam
813 4165 1094 4220 homines?
1121 4164 1258 4232 Quid
1287 4163 1386 4218 sibi
1427 4179 1555 4233 ergo
1584 4163 1696 4217 vult
1733 4163 1832 4217 ista
1862 4163 2054 4217 distin-

469 4255 616 4309 ctio?
642 4253 752 4308 Nisi
781 4255 916 4309 forte
942 4256 1063 4325 quia
1095 4255 1336 4308 homines
1367 4255 1634 4323 pertinent
1661 4252 1728 4307 ad
1758 4252 2049 4318 hominem,

475 4345 570 4401 lilii
603 4347 876 4402 hominum
903 4347 966 4402 ad
998 4348 1188 4402 Filium
1217 4347 1448 4402 hominis
1476 4366 1488 4401 :
1536 4347 1812 4414 homines,
1857 4346 1925 4402 ad
1954 4346 2053 4402 ho-

471 4441 707 4505 minem;
743 4440 832 4494 lilii
866 4440 1158 4506 hominum,
1189 4441 1253 4494 ad
1287 4440 1476 4494 Filium
1510 4440 1758 4495 hominis.
1792 4441 1886 4495 Est
1911 4441 2054 4495 enim

470 4531 684 4602 quidam
717 4534 874 4587 homo
902 4533 990 4601 qui
1032 4547 1134 4585 non
1177 4533 1271 4586 luit
1310 4533 1445 4587 ﬁlius
1487 4533 1735 4586 hominis.
1765 4532 1866 4600 Qui
1911 4533 2054 4587 enim

469 4625 673 4696 primus
704 4625 872 4680 lactus
900 4632 1001 4689 est,
1031 4621 1190 4678 homo
1221 4622 1332 4688 fuit,
1368 4623 1507 4680 ﬁlius
1539 4623 1769 4678 hominis
1800 4639 1905 4678 non
1935 4623 2051 4678 fuit.

469 4709 608 4786 Quid
636 4731 761 4785 ergo
801 4715 954 4771 nobis
982 4715 1126 4769 venit
1165 4730 1258 4784 per
1288 4713 1556 4769 hominem
1581 4755 1597 4781 ,
1634 4724 1688 4769 et
1730 4715 1855 4786 quid
1903 4715 2054 4770 nobis

471 4808 617 4862 venit
646 4823 740 4877 per
778 4807 970 4862 Filium
1012 4806 1275 4860 hominis?
1319 4805 1690 4860 Commemoro
1729 4805 1868 4875 quod
1910 4805 2056 4860 venit

471 4912 566 4969 per
596 4898 889 4966 hominem,
917 4906 970 4953 et
999 4897 1236 4968 Apostoli
1265 4895 1422 4952 verba
1453 4895 1608 4952 dico:
1646 4895 1746 4950 Per
1776 4913 1928 4950 unum
1958 4897 2053 4950 ho-

471 4993 656 5044 minem
685 5000 940 5060 peccatum
967 4991 1169 5044 intrauit
1196 4990 1249 5044 in
1285 4989 1549 5058 mundum,
1590 4998 1634 5043 et
1672 5005 1760 5060 per
1799 4998 2056 5059 peccatum

472 5098 607 5136 mors
633 5098 650 5135 :
678 5091 726 5136 et
753 5083 823 5136 ita
849 5083 903 5136 in
932 5099 1101 5137 omnes
1136 5083 1361 5136 homines
1403 5083 1711 5153 pertransiit,
1741 5083 1794 5137 in
1820 5098 1920 5152 quo
1948 5099 2057 5137 om-

477 5189 563 5226 nes
590 5183 917 5243 peccaverunt
959 5173 1130 5246 (Rom.
1166 5189 1220 5240 v,
1252 5175 1318 5227 1'2
1338 5171 1380 5247 ).
1415 5174 1554 5228 Ecce
1580 5174 1719 5243 quod
1751 5175 1900 5230 nobis
1931 5189 2055 5244 pro-

469 5259 669 5336 pinavit
699 5265 861 5321 homo
883 5309 896 5332 ,
934 5281 1060 5321 ecce
1085 5267 1227 5337 quod
1262 5259 1328 5322 de
1355 5275 1577 5338 parente
1611 5257 1859 5333 bibimus,
1889 5275 1942 5322 et
1968 5267 2057 5322 vix

469 5359 782 5428 digerimu's.
815 5355 871 5414 Si
897 5359 1000 5416 nec
1025 5371 1121 5428 per
1141 5358 1434 5424 hominem,
1464 5357 1589 5428 quid
1621 5372 1714 5428 per
1737 5356 1926 5412 Filium
1954 5357 2055 5414 ho-

472 5451 670 5507 minis?
703 5471 723 5504 l
759 5445 1006 5522 Proprio,
1049 5471 1067 5504 ι
1103 5451 1290 5522 inquit,
1335 5471 1355 5504 ι
1402 5449 1538 5506 Filio
1581 5467 1688 5506 non
1730 5452 1984 5522 pepercit.
2031 5472 2049 5506 ι

472 5544 526 5597 Si
567 5565 583 5595 ι
621 5546 835 5615 proprio
865 5545 1002 5600 Filio
1034 5560 1138 5600 non
1166 5546 1422 5615 pepercit,
1451 5545 1544 5600 sed
1576 5555 1670 5615 pro
1695 5543 1850 5602 nobis
1885 5543 2056 5602 omni-

470 5623 571 5687 l‘n‘is
601 5631 816 5691 tradidit
843 5651 995 5704 eum;
1029 5629 1297 5707 quomodo
1337 5653 1443 5692 non
1487 5645 1543 5694 et
1581 5655 1700 5693 eum
1745 5628 1836 5692 illo
1879 5640 2055 5694 omnia

471 5727 625 5782 nobis
662 5727 881 5785 donabit
913 5731 926 5761 ⁸
965 5747 984 5782 ι
1030 5728 1162 5801 (Id.
1198 5745 1290 5785 vni
1311 5773 1326 5799 ,
1358 5729 1427 5786 5‘2
1448 5729 1488 5803 ).
1515 5729 1647 5787 Item
1674 5773 1688 5800 ,
1728 5749 1748 5782 ι
1782 5729 1932 5788 Sicut
1961 5745 2057 5803 per

532 5863 550 5894 ί
571 5863 686 5913 niti
710 5896 728 5921 ,
1009 5871 1067 5916 At
1116 5873 1198 5916 tus.
1239 5865 1579 5920 Get'manensis
1602 5899 1620 5928 ,
1650 5863 1843 5922 donabit
1861 5879 1881 5932 ;
1917 5868 2059 5933 Juxta

471 5937 704 5990 graecum,
722 5925 996 5978 clmrisetai.

2130 842 2435 906 peccatum,
2463 847 2557 903 per
2583 831 2852 888 Christum
2883 831 3105 902 iustitia.
3134 835 3333 890 Omnes
3361 840 3490 907 ergo
3518 851 3716 907 pecca-

2130 935 2276 983 tores
2300 927 2367 982 ad
2406 925 2674 981 hominem
2705 927 2968 997 pertinent
2993 944 3007 981 :
3036 939 3222 982 omnes
3247 928 3378 998 juSti
3413 931 3480 985 ad
3520 931 3715 987 Filium

2131 1017 2381 1073 hominis.
2410 1019 2545 1086 Quid
2573 1032 2702 1090 ergo
2735 1017 3021 1086 miramini,
3063 1020 3186 1089 quia
3222 1023 3548 1092 peucatorcs,
3590 1027 3718 1096 quia

2133 1109 2317 1181 iutpii,
2357 1111 2479 1181 quia
2512 1103 2706 1180 iniqui,
2754 1112 2876 1179 quia
2917 1111 3010 1167 Dei
3051 1119 3484 1184 contemptores,
3527 1129 3557 1172 a
3607 1113 3722 1174 Deo

2131 1203 2341 1268 aversi,
2375 1202 2555 1257 srcculi
2585 1201 2898 1270 dilectores,
2935 1204 3316 1272 amplectentcs
3345 1206 3718 1278 iniquitatem,

2135 1292 2258 1347 odio
2285 1294 2546 1348 habentes
2576 1294 2877 1358 veritatem,
2912 1293 3012 1348 hoc
3037 1303 3142 1363 est,
3171 1297 3412 1352 homines
3440 1299 3720 1370 pertineno

2136 1397 2217 1441 tes
2246 1386 2312 1440 ad
2341 1381 2643 1452 hominem;
2674 1386 2798 1456 quid
2827 1386 3112 1453 miramini,
3160 1388 3282 1459 quia
3325 1387 3521 1446 habent
3559 1391 3723 1449 istam

2134 1479 2417 1534 sanitatem
2439 1521 2454 1546 ,
2481 1489 2600 1534 cum
2636 1481 2864 1536 audiatis
2891 1481 3160 1538 Psalmum
3189 1525 3204 1550 ,
3257 1469 3500 1541 Homines
3540 1495 3590 1541 ct
3624 1491 3724 1559 ju-

2136 1580 2303 1623 menta
2330 1571 2494 1624 salvos
2537 1573 2710 1644 facies,
2744 1572 3002 1629 Domine!
3041 1574 3118 1631 Ne
3162 1575 3476 1634 extollercn't
3519 1591 3581 1635 se
3621 1580 3724 1651 ipsi

2136 1660 2399 1730 homines,
2433 1664 2556 1734 quia
2588 1665 2788 1721 habent
2815 1668 3163 1737 temporalem
3202 1671 3512 1742 sanitatem,
3542 1671 3727 1730 addita

2136 1762 2260 1807 sunt
2289 1754 2393 1808 illis
2416 1755 2827 1824 jumenta.Q‘uld
2857 1766 2939 1814 est
2965 1769 3091 1830 ergo
3119 1759 3259 1816 unde
3281 1761 3502 1833 gaudes,
3522 1759 3730 1822 homo?

2136 1842 2324 1901 Nonne
2349 1847 2446 1902 tibi
2478 1863 2597 1904 cum
2631 1851 2780 1904 asino
2812 1861 2902 1905 tuo
2928 1866 3211 1909 commune
3236 1862 3336 1920 est,
3368 1851 3572 1912 etcum
3608 1857 3730 1928 εει·
3783 1888 3792 1896 -

2139 1938 2247 1994 lina
2270 1949 2378 2006 tua,
2409 1955 2526 1994 cum
2556 1957 2887 2013 quocumque
2911 1945 3180 2000 animante
3209 1943 3262 2000 in
3286 1947 3445 2002 domo
3468 1955 3577 2014 tua,
3603 1963 3732 2004 cum

2138 2033 2255 2088 istis
2281 2035 2619 2103 passeribus?
2646 2049 2824 2092 nonne
2858 2036 2951 2093 tibi
2981 2040 3180 2094 sanitas
3207 2040 3451 2111 corporis
3491 2053 3615 2097 cum
3647 2042 3734 2099 bis

2141 2124 2388 2180 Omnibus
2415 2129 2711 2182 communis
2742 2127 2860 2183 est?

2214 2217 2438 2275 CAPUT
2476 2218 2539 2274 ν.
2581 2250 2651 2262 —-—
2688 2219 2741 2276 5.
2786 2219 2897 2276 Piis
2948 2224 3194 2293 promissa
3248 2224 3514 2281 delectatio
3563 2226 3737 2284 laudis

2146 2309 2262 2378 Dei,
2293 2323 2406 2381 gnte
2428 2328 2528 2366 non
2554 2313 2703 2366 datur
2729 2313 2919 2383 impiis.
2950 2314 3141 2381 Quaere
3168 2322 3294 2389 ergo
3321 2312 3462 2388 quod
3493 2317 3737 2391 promis-

2145 2415 2261 2457 sum
2292 2410 2375 2457 est
2404 2402 2526 2456 ﬁliis
2558 2403 2854 2469 hominum,
2884 2413 2939 2461 et
2965 2407 3088 2461 audi
3119 2407 3260 2478 quod
3287 2411 3566 2481 sequitur:
3609 2407 3742 2468 Filii

2147 2505 2314 2548 autent
2341 2495 2599 2550 hominum
2623 2497 2713 2550 sub
2741 2499 2954 2568 tegmine
2976 2499 3174 2553 alarum
3205 2508 3404 2556 tuarum
3433 2501 3740 2574 sperabunt.

2147 2587 2364 2642 interim
2395 2588 2705 2658 Sperabunt,
2733 2589 2984 2660 quamdiu
3015 2591 3066 2646 in
3111 2593 3194 2646 via
3239 2599 3380 2649 sunt.
3414 2592 3542 2650 Filii
3568 2607 3746 2652 autem

2149 2679 2406 2734 hominum
2437 2679 2526 2734 sub
2563 2681 2774 2751 tegmine
2817 2681 3014 2736 alarum
3057 2692 3256 2737 tuarum
3288 2683 3579 2754 sperabunt.
3635 2687 3748 2759 Spe

2147 2772 2280 2826 enim
2306 2771 2430 2825 salui
2458 2771 2583 2841 facti
2610 2785 2781 2826 sumus
2809 2771 2917 2844 (Id.
2947 2790 3059 2842 vm,
3086 2767 3200 2844 24).
3233 2769 3346 2831 iioc
3375 2779 3476 2831 non
3508 2779 3748 2850 pertinet

2149 2865 2216 2919 ad
2242 2864 2486 2920 homines
2511 2873 2563 2920 et
2599 2865 2856 2937 iumenta,
2893 2883 3107 2938 sperare
3134 2868 3233 2930 sub
3270 2867 3502 2940 tegmine
3536 2867 3748 2929 alarum

2151 2951 2265 3013 Dei.
2292 2959 2358 3013 Et
2384 2953 2506 3013 ecce
2522 2973 2642 3029 spes
2668 2959 2827 3014 lactat
2853 2974 2969 3024 nos,
2991 2962 3157 3016 nutrit
3178 2973 3294 3028 nos,
3320 2961 3606 3023 conﬁrmat
3625 2982 3747 3032 nos,

2151 3053 2206 3105 ct
2246 3050 2297 3104 in
2329 3043 2427 3104 ista
2469 3050 2732 3105 laboriosa
2763 3053 2867 3106 vita
2899 3053 3205 3108 consolatur
3231 3064 3361 3121 nos;
3405 3055 3457 3110 in
3504 3056 3621 3128 ipsa
3651 3073 3751 3130 spe

2153 3153 2429 3200 cantamus
2468 3143 2714 3200 Alleluia.
2748 3146 2884 3200 Ecce
2913 3157 3034 3215 spes
3061 3155 3314 3217 quantum
3350 3145 3608 3218 gaudium
3648 3151 3751 3206 ha-

2151 3239 2262 3295 bet.
2293 3239 2398 3294 Res
2429 3239 2542 3310 ipsa
2573 3237 2700 3310 quid
2728 3240 2870 3295 erit?
2896 3240 3030 3309 Quid
3058 3243 3159 3296 erit
3185 3241 3580 3314 qumrisiAudi
3603 3246 3752 3316 quod

2153 3333 2423 3403 sequitur:
2449 3330 2836 3386 Inebriabuntur
2857 3333 2919 3386 ab
2943 3333 3165 3388 ubertate
3188 3334 3365 3389 domus
3409 3345 3514 3392 tua:
3549 3335 3570 3410 (
3598 3335 3753 3393 Psal.

2154 3435 2322 3490 xxxv,
2360 3423 2455 3479 7-9
2479 3423 2518 3496 ).
2551 3419 2719 3494 Hujus
2745 3425 2821 3479 rei
2860 3435 2982 3493 spes
3016 3433 3115 3479 est.
3159 3423 3412 3492 Sitimus,
3454 3428 3751 3498 esurimus,

2155 3525 2288 3587 Opus
2318 3521 2400 3572 est
2426 3527 2485 3572 nt
2512 3515 2766 3572 satiemur
2798 3531 2812 3573 ε
2840 3519 2932 3573 sed
2964 3519 3015 3572 in
3043 3517 3125 3572 via
3157 3515 3346 3589 fames,
3378 3519 3429 3574 in
3456 3522 3634 3591 patria
3665 3539 3754 3578 sa-

2155 3611 2332 3665 tietas.
2356 3609 2582 3676 Quando
2607 3609 2951 3665 satiabi'mur?
2995 3607 3233 3666 Satiabor
3269 3611 3382 3666 cum
3426 3614 3758 3686 manifestata

2157 3699 2310 3775 fuerit
2332 3704 2496 3774 gloria
2524 3713 2611 3758 tua
2641 3702 2811 3776 (Psal.
2843 3701 3036 3772 “1,15
3054 3701 3264 3775 ).Modo
3277 3717 3450 3762 autem
3463 3707 3637 3777 gloria
3662 3707 3760 3764 Dei

2157 3797 2344 3862 neSIri,
2360 3793 2523 3865 gloria
2547 3795 2741 3849 Christi
2770 3797 2937 3850 nostri
2959 3796 3119 3851 latet:
3144 3807 3338 3856 etcum
3361 3797 3450 3852 illo
3470 3797 3757 3856 abscondi-

2157 3887 2209 3941 tia
2231 3893 2314 3940 est
2333 3889 2386 3941 et
2406 3895 2608 3940 nostra.
2625 3883 2731 3941 Sed
2747 3897 2860 3939 cum
2876 3884 3106 3941 Christus
3131 3889 3421 3958 apparuerit
3443 3889 3547 3944 vita
3563 3903 3754 3959 vestra,

2159 3987 2276 4032 tunc
2303 3983 2348 4032 et
2371 3991 2456 4032 eos
2477 3989 2590 4031 cum
2615 3978 2705 4032 illo
2729 3971 3035 4048 apparebitis
3060 3979 3112 4032 in
3136 3975 3297 4050 gloria
3321 3976 3538 4052 (Coloss.
3562 3999 3649 4049 ut,
3678 3981 3756 4054 4).

2157 4062 2308 4125 Tunc
2337 4071 2441 4125 erit
2471 4069 2701 4125 Alleluia
2749 4071 2804 4124 in
2845 4085 2938 4124 re:
2985 4071 3146 4126 modo
3176 4081 3350 4126 autem
3381 4073 3434 4126 in
3466 4088 3586 4144 Spe.
3622 4071 3760 4145 Spes

2158 4161 2303 4216 illam
2333 4169 2544 4227 cantat,
2592 4175 2742 4215 amor
2788 4169 2967 4216 cantat
3004 4161 3183 4229 modo,
3233 4177 3384 4216 amor
3421 4166 3664 4220 cantabit
3705 4176 3761 4221 et

2159 4261 2323 4310 tunc:
2357 4254 2450 4309 sed
2491 4251 2650 4309 modo
2677 4263 2856 4309 cantat
2894 4264 3044 4308 amor
3073 4255 3333 4323 esuriens,
3367 4265 3492 4311 tunc
3520 4257 3762 4316 cantabit

2159 4349 2310 4401 amor
2351 4346 2549 4401 fruens.
2589 4347 2725 4414 Quid
2765 4355 2846 4401 est
2893 4347 3034 4400 enim
3082 4346 3324 4416 Alleluia,
3375 4345 3571 4404 fratres
3615 4349 3760 4405 mei?

2159 4435 2277 4494 Dixi
2307 4440 2477 4504 vobis,
2505 4435 2645 4493 Laus
2671 4439 2764 4494 Dei
2791 4448 2893 4494 est.
2923 4439 3059 4494 Ecce
3089 4439 3246 4494 modo
3282 4439 3505 4495 verbum
3534 4439 3756 4512 auditis,

2160 4539 2214 4585 et
2242 4529 2294 4583 in
2323 4529 2589 4584 audiendo
2618 4529 2953 4584 deleclamini
2974 4571 2988 4593 ,
3021 4537 3072 4584 ct
3099 4531 3150 4584 in
3181 4527 3538 4587 delectatione
3564 4527 3751 4588 laudav-

2160 4622 2246 4676 tis.
2271 4620 2327 4675 Si
2353 4637 2529 4676 rorem
2555 4622 2631 4674 sic
2657 4621 2867 4688 amatis,
2893 4619 3089 4696 fontem
3114 4621 3284 4692 ipsum
3309 4622 3582 4695 quomodo
3604 4641 3758 4681 ama-

2159 4713 2322 4772 bilis?
2350 4715 2500 4781 Quod
2534 4721 2615 4770 est
2645 4715 2784 4770 enim
2813 4717 3088 4775 stomacho
3118 4716 3348 4771 ructanti
3373 4713 3627 4786 ructatio,
3652 4720 3758 4776 hoc

2163 4817 2244 4863 cst
2273 4807 2423 4862 cordi
2466 4808 2706 4877 Sagittam
2748 4807 2997 4864 laudatio.
3023 4807 3078 4863 Si
3117 4807 3256 4863 enim
3287 4809 3570 4866 laudamus
3609 4813 3756 4884 quod

2159 4898 2446 4964 credimus,
2471 4899 2737 4970 quomodo
2759 4898 3091 4956 laudabimus
3112 4916 3231 4956 cum
3267 4894 3592 4958 viderimus?
3617 4889 3759 4961 Ecce

2160 4993 2299 5063 quod
2325 4993 2422 5048 sibi
2447 4991 2606 5046 Maria
2632 4989 2863 5064 elegerat
2887 5011 2900 5047 :
2926 4993 3019 5048 sed
3039 4991 3369 5066 signiﬁcabat
3388 4995 3553 5062 vitam
3581 4991 3757 5068 illam,

2159 5078 2395 5140 nondum
2427 5083 2657 5146 tenebat.

2229 5171 2458 5232 CAPUT
2495 5175 2583 5231 Vi.
2602 5208 2672 5216 —
2692 5172 2744 5232 6.
2775 5169 2907 5231 Dim:
2931 5175 3042 5234 vitae
3070 5177 3121 5233 in
3152 5171 3358 5234 Hart/ta
3385 5189 3432 5238 et
3462 5167 3635 5238 Maria
3661 5187 3758 5240 ad-

2162 5267 2422 5323 umbrata’.
2474 5257 2640 5324 Unum
2699 5267 3052 5330 necessarium.
3081 5263 3177 5326 Dei
3216 5267 3388 5343 fruitio
3450 5275 3546 5330 erit
3592 5261 3756 5332 beatis

2163 5361 2406 5416 bonorum
2431 5363 2652 5415 omnium
2678 5361 2807 5416 loco.
2841 5363 2969 5417 Dum
2997 5372 3120 5418 sunt
3146 5363 3266 5420 vitae
3290 5382 3305 5420 :
3333 5381 3436 5427 una
3475 5356 3759 5436 pertinens

2163 5453 2229 5508 ad
2258 5454 2693 5520 delectationem,
2736 5454 2901 5510 altera
2943 5451 3215 5524 pertinens
3246 5454 3311 5511 ad
3351 5460 3759 5518 neceSSitatcm.

2161 5547 2293 5616 Quae
2318 5549 2384 5603 ad
2410 5549 2806 5615 necessitatem,
2833 5543 3100 5604 laboriosa
3129 5557 3248 5604 est:
3273 5539 3392 5621 qua;
3421 5549 3487 5607 ad
3519 5552 3760 5610 delecta-

2162 5642 2384 5704 tionem.
2423 5641 2736 5712 VoluptnOsa
2786 5650 2886 5695 est.
2937 5637 3042 5696 Sed
3086 5641 3222 5696 intra
3267 5643 3425 5710 intro,
3467 5646 3576 5701 noli
3623 5625 3760 5704 loris

2163 5750 2404 5807 quaerere
2433 5733 2840 5790 delectationem
2868 5753 2881 5792 :
2912 5751 2981 5790 ne
3009 5744 3271 5794 tumescas
3298 5737 3365 5792 de
3406 5724 3516 5807 illa,
3557 5749 3617 5796 et
3660 5757 3764 5811 per

2164 5837 2445 5897 angustum
2475 5827 2675 5881 intrare
2716 5842 2819 5881 non
2866 5827 3059 5898 possis.
3109 5828 3245 5886 Ecce
3289 5821 3558 5906 quomodo
3587 5815 3761 5888 Maria

2163 5919 2444 5982 Dominum
2467 5918 2680 5976 videbat
2703 5919 2757 5976 in
2780 5935 2961 5991 carne,
2990 5929 3046 5977 et
3068 5921 3348 5979 Dominum
3373 5905 3626 5983 audiebat.
3647 5939 3762 6000 pc:
