4070 6330
327 622 564 697 carnem,
605 604 741 683 Sicut
766 614 1007 690 audistis,
1038 635 1157 677 cum
1189 604 1422 690 Epistula
1454 606 1518 670 ad
1550 601 1802 668 llehrmos
1830 604 1907 665 ie-

324 736 561 798 geretur,
590 718 738 795 quasi
770 735 864 790 per
886 716 1059 773 velum
1092 708 1273 785 (Iiebr.
1303 729 1336 765 x
1356 752 1371 778 ,
1406 706 1475 765 9.0
1498 708 1535 779 ).
1568 706 1776 761 Nullum
1807 703 1909 760 erit

322 820 523 882 velum,
552 813 762 885 quando
784 811 1078 866 videbimus
1108 807 1241 862 facie
1269 800 1333 860 ad
1367 803 1569 858 faciem.
1596 800 1754 855 Maria
1782 815 1908 869 ergo

323 911 565 977 sedebat,
608 902 710 963 hoc
752 913 834 961 cst
870 900 1109 966 vacabat,
1141 908 1195 955 et
1220 890 1501 961 audiebat,
1530 902 1582 949 et
1616 890 1862 948 laudabat
1892 908 1903 943 :

320 1000 523 1063 Martha
567 1017 696 1057 vero
739 1001 878 1055 circa
924 998 1206 1069 plurimum
1253 991 1607 1047 ministerium
1653 996 1908 1055 occupata

320 1109 455 1157 erat.
501 1088 569 1152 Et
605 1090 730 1149 dicit
760 1095 807 1148 ei
851 1090 1103 1146 Dominus
1128 1132 1141 1151 ,
1188 1085 1395 1140 Martha
1420 1126 1433 1148 ,
1484 1080 1729 1146 Martha,
1777 1078 1911 1130 circa

319 1195 480 1253 multa
506 1209 556 1248 es
587 1199 827 1259 occupata
855 1202 873 1241 :
900 1203 1048 1257 porro
1077 1199 1233 1237 unum
1262 1190 1330 1234 est
1360 1176 1691 1232 necessaritun
1731 1172 1749 1243 (
1778 1170 1906 1223 an.

320 1304 376 1355 λ,
411 1286 499 1352 58,
537 1282 605 1338 49.
628 1281 665 1351 ).
696 1276 868 1335 Unum
903 1292 1085 1330 verum
1110 1294 1121 1328 :
1151 1273 1315 1328 multa
1350 1286 1452 1324 non
1482 1275 1632 1323 erunt
1662 1278 1909 1318 necessa-

322 1352 422 1435 ria.
468 1377 765 1442 Antequam
811 1367 1181 1439 perveniamus
1223 1361 1287 1416 ad
1334 1376 1528 1424 unum,
1562 1355 1740 1409 multis
1770 1352 1910 1406 iudi-

318 1466 531 1542 gemtts.
560 1440 736 1541 Unum
764 1478 860 1517 nos
887 1450 1159 1524 extendat,
1206 1472 1271 1511 ne
1311 1453 1476 1509 multa
1516 1440 1819 1507 distendant
1858 1454 1912 1502 et

318 1538 637 1630 abrumpant
665 1538 730 1611 ab
761 1571 886 1610 uno.
919 1543 1092 1624 ipsum
1126 1565 1287 1604 unum
1317 1546 1450 1601 dixit
1476 1541 1744 1614 apostolus
1770 1538 1909 1593 Pau-

318 1636 424 1720 itts,
451 1655 569 1725 quia
600 1646 830 1706 nondum
861 1648 1189 1718 perceperat.
1222 1641 1350 1713 Ego,
1384 1638 1574 1709 inquit,
1602 1652 1701 1688 non
1728 1650 1804 1685 me
1830 1648 1914 1684 ar—

321 1724 479 1804 bitror
520 1741 928 1817 apprehendisse.
966 1737 1136 1793 Unum
1174 1743 1518 1802 autem,qaw
1547 1736 1677 1781 retro
1709 1724 1908 1790 oblitus,

320 1832 374 1896 in
396 1850 453 1894 ea
477 1816 586 1909 qua:
610 1846 725 1890 ante
751 1841 866 1887 sunt
892 1838 1134 1885 extentus.
1159 1827 1273 1881 Non
1298 1824 1579 1883 distentus,
1606 1816 1699 1873 sed
1729 1825 1914 1871 exten-

322 1928 429 1989 'tus.
458 1905 631 1986 Unum
670 1926 810 1981 enim
842 1920 1100 1988 extendit,
1146 1934 1250 1973 non
1293 1913 1567 1969 distendit.
1616 1909 1773 1963 Multa
1805 1905 1914 1960 dis-

322 2012 568 2090 tendunt,
584 2036 744 2076 unum
768 2016 1023 2075 extendit.
1043 2014 1106 2069 Et
1130 2009 1379 2083 quamdiu
1403 2002 1674 2062 extendit?
1712 2002 1912 2068 Quam-

325 2119 418 2175 diu
446 2118 528 2172 ltic
558 2129 760 2171 smnus.
793 2110 923 2167 Cum
953 2105 1275 2166 venerimus,
1319 2098 1553 2169 colligit,
1584 2111 1691 2149 non
1730 2098 1914 2148 exten~

324 2208 422 2266 dit.
451 2206 621 2264 Unum
646 2213 834 2267 autem,
857 2216 969 2271 qua:
994 2206 1123 2251 retro
1150 2193 1351 2257 oblitus,
1380 2191 1433 2243 in
1455 2206 1510 2243 ea
1528 2203 1640 2257 qttw
1666 2193 1779 2238 ante
1798 2191 1914 2236 sunt

324 2306 575 2366 extentus,
618 2296 890 2353 secundum
930 2291 1274 2346 intentionem.
1319 2285 1455 2341 Ecce
1498 2280 1862 2337 extensionem
1898 2295 1912 2332 :

325 2400 597 2466 nunquam
622 2390 1021 2446 distensionem.
1056 2382 1347 2439 Secundum
1368 2376 1691 2432 intentionem
1715 2389 1911 2440 sequor,

327 2489 396 2544 ad
418 2462 637 2559 palmam
658 2497 888 2553 superna:
908 2477 1179 2533 vocationis
1202 2474 1298 2529 Dei
1322 2475 1371 2526 in
1394 2469 1595 2526 Christo
1614 2465 1740 2521 Jesa
1763 2462 1918 2535 (Phi-

327 2576 457 2653 lipp.
502 2594 578 2643 ιιι,
624 2576 711 2643 15,
756 2570 883 2644 14).
916 2570 1058 2626 Ordo
1085 2567 1367 2623 verborum
1397 2572 1517 2618 est:
1551 2560 1720 2615 Unum
1750 2566 1917 2653 autem

324 2646 529 2743 seqztor.
559 2669 709 2723 Tunc
738 2681 864 2736 ergo
896 2662 1191 2725 veniemus,
1218 2668 1271 2713 ct
1300 2671 1405 2711 uno
1433 2651 1796 2726 perfruentur;
1823 2646 1917 2703 sed

326 2758 502 2838 ipsum
533 2778 695 2817 unum
728 2760 902 2814 omnia
946 2755 1098 2812 nobis
1128 2751 1249 2808 crit.
1295 2748 1430 2819 Quid
1472 2748 1612 2802 enim
1662 2744 1913 2809 diximus,

326 2857 541 2923 fratres,
574 2848 783 2926 quando
808 2849 945 2922 coepi
976 2846 1156 2918 loqui?
1182 2844 1318 2912 Quid
1358 2851 1439 2898 est
1477 2842 1651 2911 ipsum
1692 2838 1914 2893 multum

332 2944 473 3023 quod
502 2947 835 3011 habebimus,
865 2943 1076 3016 quando
1111 2956 1214 2996 non
1248 2934 1639 3009 indigebimus?
1679 2932 1803 3005 quid
1835 2940 1917 2987 cst

333 3046 558 3100 inultum
587 3040 725 3114 quod
751 3037 1100 3095 habebimus?
1130 3030 1241 3089 lloc
1282 3046 1658 3104 proposueram
1692 3028 1869 3083 dicere
1900 3044 1913 3080 :

329 3134 455 3208 quid
486 3134 635 3190 nobis
676 3132 823 3188 dabit
867 3130 1007 3185 Deus
1028 3170 1041 3195 ,
1075 3126 1215 3198 quod
1245 3142 1348 3179 non
1383 3123 1529 3179 dabit
1556 3118 1695 3176 illis?
1746 3118 1787 3172 Τ
1790 3119 1919 3172 olla-

332 3215 639 3297 tarir‘ttpitts,
672 3240 732 3279 ne
756 3223 919 3278 videat
944 3220 1223 3274 claritatem
1260 3213 1355 3271 Dei
1395 3212 1565 3286 (Isai.
1602 3228 1755 3277 xxvn,
1786 3209 1914 3283 i0).

330 3312 475 3391 Ergo
504 3317 799 3373 claritatem
838 3328 987 3369 suam
1029 3311 1182 3366 nobis
1222 3308 1385 3364 dabit.
1416 3310 1575 3371 Deus,
1621 3321 1723 3376 qua
1767 3301 1915 3358 frua-

330 3402 456 3468 inur
482 3430 493 3465 :
526 3408 665 3463 unde
692 3407 907 3461 tolletur
934 3404 1145 3473 impius,
1184 3414 1250 3456 ne
1279 3398 1455 3455 videat
1481 3398 1770 3453 claritatem
1799 3397 1914 3449 Dei.

333 3496 526 3558 Totum
556 3494 777 3554 multum
810 3502 1048 3550 nostrum
1080 3488 1219 3561 quod
1249 3488 1579 3554 habebimus,
1624 3489 1735 3558 ipse
1779 3487 1917 3543 Deus

330 3597 457 3669 erit.
484 3594 679 3657 Avare,
716 3587 841 3660 quid
868 3584 1142 3658 quaerebas
1170 3582 1450 3653 accipere?
1488 3582 1625 3651 Quid
1660 3582 1850 3653 quaerit
1887 3598 1918 3637 a

331 3672 466 3754 Deo,
508 3686 592 3742 cui
621 3700 726 3740 non
753 3679 945 3737 sufficit
980 3678 1156 3733 Deus?

340 3764 343 3787 ⁷
406 3780 631 3840 CAPUT
663 3779 773 3835 Vll.
803 3809 872 3819 —
898 3776 950 3832 7.
982 3774 1214 3832 Caritatis
1244 3773 1479 3845 cogitatio
1509 3774 1571 3829 de
1599 3773 1772 3844 futura
1806 3775 1920 3845 feli-

336 3856 505 3936 citate.
551 3873 803 3931 Gaudium
845 3868 1049 3923 carnale
1091 3868 1153 3921 de
1195 3865 1372 3921 mentis
1420 3866 1719 3938 (egritudine
1766 3867 1914 3921 venit.

344 3961 477 4031 Vera
502 3970 691 4027 sanitas
722 3966 911 4029 nostra,
939 3962 1315 4051 intmortalilqs.
1342 3960 1543 4015 Divitiae
1564 3972 1790 4025 terrenae,
1817 3978 1917 4013 non

336 4052 616 4165 facultatis,
642 4062 729 4118 sed
755 4057 1065 4131 inﬁrmitatis
1087 4066 1404 4128 argumenta.
1432 4052 1535 4112 Sed
1558 4054 1768 4125 quando
1783 4052 1922 4110 dici-

335 4142 444 4229 ltur,
471 4159 592 4232 quia
619 4158 786 4211 Deum
810 4151 1140 4216 habebimus,
1176 4157 1229 4205 et
1268 4149 1384 4219 ipso
1411 4148 1525 4203 solo
1547 4148 1781 4203 contenti
1812 4142 1923 4205 eri-

336 4246 476 4327 inus,
504 4254 611 4307 imo
654 4250 767 4320 ipso
817 4244 930 4301 solo
973 4240 1049 4298 Sic
1089 4238 1493 4307 delectabimur,
1527 4248 1585 4295 ut
1614 4238 1745 4294 nihil
1774 4232 1920 4295 aliud

336 4336 699 4419 rcquiramus;
731 4342 852 4412 quia
881 4348 934 4393 et
962 4338 1013 4392 in
1037 4354 1140 4392 uno
1167 4339 1283 4407 ipso
1310 4334 1571 4402 fruemur,
1600 4344 1653 4389 et
1684 4334 1735 4389 in
1764 4335 1919 4389 nobis

338 4418 563 4500 invicem
597 4439 711 4507 ipso
749 4426 986 4489 fruemur
1026 4448 1039 4483 :
1082 4428 1227 4502 (quid
1262 4428 1400 4484 enim
1428 4444 1631 4493 sumus,
1665 4428 1708 4481 si
1752 4428 1918 4482 Deum

338 4520 447 4590 non
493 4526 785 4585 habemus?
829 4533 920 4579 aut
953 4521 1079 4593 quid
1099 4519 1244 4575 aliud
1275 4521 1325 4575 in
1356 4520 1509 4575 nobis
1550 4535 1706 4589 quam
1751 4520 1919 4573 Deuni

340 4614 597 4683 debemus
637 4620 875 4689 diligere,
908 4626 997 4670 aut
1026 4616 1147 4684 quia
1178 4615 1453 4677 habemus,
1495 4622 1588 4667 aut
1613 4620 1673 4667 ut
1719 4612 1917 4667 habea-

342 4718 526 4786 mus?)
558 4712 766 4785 quando
792 4725 917 4780 ergo
944 4709 1136 4764 dicitur
1156 4710 1276 4779 quia
1299 4716 1488 4763 caetera
1517 4706 1918 4773 subtrahtmtur,

342 4819 397 4867 et
426 4807 573 4864 solus
606 4804 742 4857 Deus
772 4800 871 4855 erit
900 4814 1005 4870 quo
1043 4798 1398 4861 delectemur;
1431 4798 1580 4867 quasi
1610 4806 1923 4866 angustatur

344 4902 543 4967 anima,
588 4910 705 4966 quae
748 4882 1022 4947 consuevit
1050 4888 1234 4943 multis
1263 4880 1557 4951 delectari;
1591 4886 1794 4941 etdieit
1820 4887 1921 4941 sibi

347 4993 525 5051 anima
562 4980 809 5051 carnalis,
838 4981 982 5037 carni
1014 4972 1240 5044 addicta,
1288 4977 1586 5031 carnalibus
1616 4976 1923 5046 cupiditati-

348 5064 452 5147 bus
476 5083 765 5154 implicata,
802 5077 946 5132 visco
976 5073 1235 5129 malarum
1273 5071 1621 5142 cupiditatum
1660 5050 1924 5125 involuttis

343 5194 552 5259 pennas
583 5176 804 5240 habens,
837 5185 905 5226 ne
944 5169 1087 5223 volet
1112 5166 1179 5221 ad
1217 5166 1405 5232 Deum,
1438 5164 1565 5220 dicit
1599 5163 1737 5219 sibi:
1787 5163 1925 5230 Quid

348 5255 617 5338 iuiltierit,
649 5267 741 5323 ubi
785 5280 894 5320 non
938 5260 1288 5325 manducabo,
1321 5256 1410 5312 ubi
1455 5272 1562 5311 non
1602 5255 1800 5321 bibam,
1832 5255 1927 5311 ubi

347 5383 466 5425 cum
497 5377 663 5419 uxore
689 5362 808 5415 mea
834 5372 937 5411 non
980 5350 1277 5410 dormiam?
1308 5350 1462 5421 quale
1504 5348 1633 5404 mihi
1675 5348 1923 5419 gaudium

347 5436 481 5518 erit?
509 5434 620 5512 iioc
647 5450 895 5524 gaudium
936 5455 1085 5502 tuum
1128 5441 1197 5499 de
1235 5440 1546 5513 aegritudine
1572 5448 1675 5508 est,
1704 5454 1810 5495 non
1856 5438 1925 5495 de

345 5530 588 5608 sanitate.
612 5545 766 5601 Certe
788 5542 899 5612 ipsa
929 5551 1053 5594 caro
1084 5545 1169 5591 tua
1202 5535 1254 5589 in
1284 5532 1385 5588 hoc
1413 5542 1649 5603 tempore
1680 5532 1924 5602 aliquan-

345 5618 415 5703 do
443 5626 682 5716 tegrOtat,
710 5633 991 5707 aliquando
1031 5646 1158 5687 sana
1190 5637 1289 5685 est.
1320 5626 1604 5695 lntcndite,
1640 5636 1694 5681 ut
1724 5625 1924 5697 aliquid

343 5724 535 5803 dicam,
564 5733 702 5790 unde
722 5729 960 5800 capiatis,
995 5725 1298 5794 exemplum
1338 5724 1415 5777 rei
1442 5737 1603 5793 quam
1646 5736 1753 5803 non
1798 5736 1923 5790 pos-

350 5846 465 5888 sum
499 5829 692 5883 dicere.
747 5823 880 5879 Sunt
926 5818 1165 5890 quaedam
1219 5815 1587 5887 tegrotantium
1619 5800 1919 5868 desideria:

346 5904 535 5979 ardent
578 5914 842 5973 desiderio
898 5920 989 5965 aut
1040 5908 1261 5977 alicujus
1321 5896 1501 5971 fontis,
1551 5914 1641 5959 aut
1698 5896 1925 5973 alitujus

343 6017 526 6099 pomi;
556 6023 609 6076 ct
640 6012 719 6076 sic
765 6009 975 6087 ardent,
1014 6014 1073 6070 ut
1113 6005 1417 6099 existiment
1441 6004 1566 6081 quia
1589 6003 1635 6097 si
1659 6004 1777 6094 sani
1807 6002 1921 6065 lues
1956 6094 1959 6095 ν

1741 482 1970 552 statuto
2009 484 2226 549 CGLVl.

3468 482 3602 542 H90

2016 608 2141 674 rint,
2176 600 2278 660 frtti
2308 605 2535 662 debeant
2566 607 2693 677 ipsis
2720 598 3001 661 desideriis
3034 596 3163 659 Suis.
3192 598 3349 661 Venit
3378 606 3597 676 sanitas,

2015 706 2068 757 et
2107 702 2244 772 perit
2281 702 2559 771 cupiditas.
2598 700 2755 771 Quod
2798 694 3155 770 desiderabat,
3198 696 3440 757 fastidit:
3477 703 3602 774 quia

2016 794 2117 852 hoc
2147 798 2198 852 in
2223 798 2313 852 illo
2337 798 2498 852 febris
2527 798 2812 868 qumrchat.
2844 790 2912 853 Ει
2940 798 3107 869 "Qualis
3130 800 3211 853 est
3241 795 3342 853 ista
3371 796 3594 868 sanitas,

2016 891 2069 945 in
2097 909 2198 963 qtta
2223 892 2545 946 convalescit
2574 891 2842 961 mgt‘olus?

2087 984 2311 1040 CAPUT
2343 982 2475 1040 Vill.
2516 1015 2588 1024 —
2624 982 2832 1039 Sanitas
2887 982 2984 1039 ista
3036 998 3138 1056 qua
3186 981 3412 1039 dicimur
3459 976 3598 1054 sani,

2016 1074 2141 1148 quid
2187 1080 2305 1133 est?
2355 1077 2459 1132 Sed
2510 1087 2688 1133 tamen
2737 1076 2859 1132 hinc
2895 1077 3067 1148 capite
3111 1075 3435 1146 exemplum.
3468 1073 3602 1141 Quia

2016 1183 2135 1223 cum
2168 1169 2330 1222 multa
2361 1168 2464 1223 sint
2504 1168 2872 1239 argrotantium
2914 1165 3199 1234 desideria,
3236 1182 3354 1237 quae
3387 1165 3486 1220 ista
3521 1180 3608 1219 sa-

2016 1262 2154 1315 nitas
2178 1262 2337 1322 tollit;
2370 1261 2633 1330 quomodo
2662 1261 2747 1315 illa
2782 1260 2916 1314 tollit
2957 1263 3055 1315 ista
3084 1258 3302 1327 sanitas,
3327 1259 3404 1315 sic
3424 1256 3606 1313 omnia

2016 1353 2154 1407 tollit
2200 1354 2609 1407 immortalitas:
2643 1353 2762 1423 quia
2818 1352 3015 1407 sanitas
3064 1361 3246 1407 nostra
3293 1346 3607 1405 immortali-

2019 1449 2099 1498 tas
2139 1454 2241 1499 est.
2290 1444 2531 1499 Rccolitc
2589 1444 2923 1515 Apostolum,
2976 1450 3030 1499 et
3063 1443 3237 1498 videte
3286 1441 3411 1514 quid
3465 1442 3605 1499 erit:

2023 1530 2226 1605 Oportet
2273 1534 2593 1606 corruptibile
2639 1532 2732 1589 hoc
2792 1534 3001 1589 induere
3049 1533 3503 1603 incorruptionem,
3559 1541 3607 1587 et

2018 1630 2229 1683 mortale
2272 1629 2364 1682 hoc
2395 1629 2604 1683 induere
2633 1629 3062 1682 immortalitatem
3107 1626 3161 1697 (Ι
3191 1625 3308 1680 Cor.
3340 1643 3430 1693 xv,
3476 1627 3544 1682 55

2020 1720 2311 1776 Eteritnus
2363 1723 2595 1793 a-quales
2650 1722 2866 1793 Angelis
2914 1720 3006 1777 Dei
3056 1714 3278 1789 (Matth.
3313 1736 3448 1781 xxu,
3477 1712 3608 1791 50).

2018 1802 2281 1884 Numquid
2306 1814 2379 1867 illi
2412 1814 2592 1868 miseri
2631 1824 2774 1879 sunt,
2810 1813 2898 1884 qui
2930 1828 3034 1867 non
3067 1811 3391 1882 epulantur?
3420 1810 3608 1867 Nonne

2018 1904 2139 1959 ideo
2169 1906 2455 1974 beatiores,
2484 1907 2604 1976 quia
2635 1907 2749 1961 istis
2780 1923 2887 1961 non
2920 1904 3194 1975 indigent?
3225 1905 3307 1958 An
3330 1919 3455 1958 vero
3483 1902 3605 1974 qui-

2018 1994 2146 2053 libet
2174 1997 2322 2053 dives
2372 1996 2666 2067 :equabitur
2712 1998 2969 2068 Angelis?
3022 1997 3209 2067 Augeli
3251 2013 3376 2052 vere
3422 1995 3611 2051 divites

2018 2100 2160 2147 sunt.
2184 2091 2319 2160 Quid
2343 2092 2593 2146 dicuntur
2615 2090 2810 2145 divitia:
2828 2090 2849 2143 ?
2869 2089 3187 2146 Facultates.
3208 2086 3395 2159 Augeli
3414 2082 3613 2144 habent

2018 2201 2238 2255 magnas
2269 2184 2562 2251 facultates,
2593 2185 2680 2255 qui
2710 2184 2906 2239 habent
2936 2200 3152 2255 magnas
3183 2180 3479 2238 facilitates.
3506 2178 3613 2237 Au-

2019 2275 2100 2330 dis
2127 2292 2247 2330 cum
2274 2276 2516 2331 laudatur
2542 2276 2691 2331 dives
2719 2276 3013 2344 :Qnantum
3051 2292 3273 2346 magnus
3311 2285 3410 2342 est,
3440 2270 3612 2330 domi-

2020 2384 2123 2424 nus
2149 2378 2250 2434 est,
2276 2368 2421 2422 dives
2439 2376 2537 2433 est,
2557 2377 2749 2439 potens
2771 2376 2867 2423 est.
2887 2367 3148 2436 Quantum
3182 2382 3426 2439 magnum
3446 2374 3503 2420 ut
3526 2372 3613 2420 cat

2021 2478 2124 2532 quo
2153 2461 2283 2526 vult,
2311 2460 2550 2531 jumenta
2575 2460 2770 2516 adsunt
2796 2504 2806 2521 ,
2838 2469 3077 2531 sumptus
3098 2454 3308 2525 adsunt,
3341 2457 3480 2513 servi
3519 2454 3612 2510 ad-

2020 2564 2166 2622 sunt,
2196 2554 2491 2608 ministeria
2518 2553 2731 2608 adsunt.
2768 2553 2955 2608 Omnia
2984 2550 3080 2607 ista
3108 2548 3267 2606 habet
3293 2546 3442 2605 dives
3469 2568 3480 2603 :
3506 2565 3612 2620 quo

2021 2646 2131 2700 vult
2162 2646 2221 2713 it,
2257 2645 2492 2700 laborem
2541 2661 2644 2699 non
2685 2644 2906 2716 patitur.
2965 2642 3202 2715 Angelus
3244 2642 3331 2698 ubi
3361 2640 3606 2706 voluerit,

2020 2739 2092 2795 ibi
2123 2739 2225 2795 crit
2255 2758 2266 2792 :
2309 2757 2408 2794 nec
2455 2738 2601 2805 dicit,
2642 2736 2846 2808 Junge;
2888 2752 2987 2792 uec
3015 2735 3179 2802 dicit,
3212 2734 3435 2799 Stcrne;
3466 2733 3611 2805 quod

2021 2846 2142 2885 cum
2187 2830 2429 2901 superbia
2476 2828 2660 2885 dicunt
2700 2828 2911 2893 divites,
2945 2837 2998 2882 et
3034 2838 3331 2882 tumescere
3373 2824 3491 2882 inde
3521 2843 3613 2881 v0-

2023 2910 2157 2991 lunt,
2190 2925 2311 2995 quia
2338 2923 2533 2978 habent
2564 2921 2755 2992 quibus
2785 2918 2983 2987 dicant,
3015 2919 3185 2991 Junge
3210 2930 3262 2976 et
3283 2914 3488 2974 Sterne.
3524 2918 3613 2973 In-

2023 3016 2166 3082 felix,
2196 3016 2352 3071 verba
2384 3016 2480 3070 ista
2513 3024 2635 3069 sunt
2666 3012 3007 3078 infirmitatis,
3038 3029 3141 3068 non
3184 3012 3465 3067 facultatis.
3498 3011 3611 3067 Non

2023 3126 2149 3180 ergo
2180 3109 2531 3179 indigehimus
2564 3126 2576 3163 :
2624 3117 2677 3161 et
2706 3107 2825 3162 ideo
2868 3108 3007 3163 beati
3039 3108 3256 3162 erimus.
3295 3102 3446 3159 Pleni
3471 3105 3613 3159 enim

2023 3200 2242 3270 erimus,
2277 3198 2369 3255 Sed
2414 3201 2520 3253 Deo
2554 3208 2736 3253 nostro
2769 3218 2778 3250 :
2810 3206 2863 3253 et
2891 3199 3068 3252 omnia
3102 3214 3219 3268 quae
3249 3196 3334 3251 hic
3364 3210 3459 3266 pro
3491 3213 3608 3251 ma-

2022 3308 2129 3363 gno
2158 3291 2547 3355 desideramus,
2592 3290 2703 3360 ipse
2748 3288 2901 3344 nobis
2928 3286 3048 3343 erit.
3082 3286 3186 3342 Pro
3216 3303 3407 3356 magno
3437 3286 3613 3342 cibum

2023 3378 2110 3437 hic
2132 3384 2366 3453 quieris:
2404 3382 2544 3436 υνυς
2576 3380 2860 3435 tibi‘cibus
2902 3382 3022 3435 erit.
3072 3380 3388 3448 Amplexum
3437 3378 3614 3432 carnis

2022 3473 2110 3530 hic.
2163 3477 2395 3547 quaeris:
2443 3473 2572 3528 Mihi
2616 3485 2779 3527 autent
2823 3473 3081 3527 ad/twret'e
3128 3470 3257 3538 Deo,
3313 3468 3495 3525 bonum
3542 3482 3615 3526 est

2025 3564 2208 3643 (l’sal.
2259 3582 2424 3632 Lxxu,
2467 3560 2599 3636 28).
2660 3562 2880 3618 Divitias
2922 3562 3010 3616 hic
3067 3563 3303 3633 qureris:
3348 3561 3615 3643 quomodo

2023 3648 2117 3711 tibi
2150 3657 2376 3711 deerunt
2423 3657 2621 3721 omnia,
2656 3653 2868 3725 quando
2923 3654 3067 3708 illum
3122 3652 3340 3709 habebis
3370 3656 3457 3723 qui
3485 3642 3615 3708 fecit

2023 3749 2237 3803 omnia?
2264 3749 2329 3802 Et
2362 3756 2415 3802 ut
2438 3746 2612 3803 verbis
2645 3744 2882 3815 Apostoli
2914 3753 2963 3801 te
2996 3742 3182 3799 faciam
3229 3761 3496 3810 securum,
3541 3744 3609 3801 de

2022 3838 2113 3895 illa
2164 3840 2267 3895 vita
2322 3839 2421 3893 hoc
2469 3838 2639 3893 dixit:
2702 3836 2769 3891 Ut
2814 3838 2875 3891 sit
2923 3835 3057 3890 Dens
3102 3832 3347 3891 omniain
3387 3836 3615 3891 omnibus

2025 3931 2084 4005 (l
2109 3932 2227 3989 ω’
2256 3929 2721 4056 ‘V’Qs’smo
2759 3984 2961 4055 CCLV!
2988 4003 3007 4024 ί
3037 3998 3137 4070 (α).

2432 4100 2483 4144 In
2504 4095 2679 4144 diebus
2700 4091 3019 4155 Paschalibus,
3044 4104 3197 4144 χχιιι.

2643 4178 2721 4231 De
2747 4178 2988 4232 Alleluia.

2099 4276 2149 4328 1.
2196 4268 2431 4327 Laudare
2481 4271 2646 4325 Deam
2699 4277 2891 4341 oportet
2921 4270 3021 4322 vita
3061 4277 3108 4322 et
3165 4269 3356 4336 lingua.
3395 4264 3616 4324 Concor-

2026 4369 2112 4423 dia
2148 4378 2193 4421 et
2228 4367 2467 4421 securitas
2513 4368 2731 4435 perfecta
2788 4362 3104 4415 laudantium
3154 4361 3314 4415 Deam
3363 4378 3462 4415 non
3517 4362 3615 4416 nisi

2022 4462 2078 4515 in
2108 4460 2253 4513 caelo.
2281 4457 2541 4525 Quoniam
2579 4456 2775 4525 placuit
2804 4447 3033 4509 Domino
3068 4454 3177 4509 Deo
3202 4461 3407 4517 nostro,
3443 4461 3499 4506 ut
3526 4452 3614 4507 hic

2025 4549 2300 4606 Constituti
2327 4548 2607 4619 prmsentia
2653 4546 2913 4616 corporali
2963 4543 3061 4618 (ὁ),
3090 4546 3248 4600 etiam
3290 4558 3408 4597 cum
3438 4552 3612 4598 vestra

2027 4646 2298 4701 Charitate
2324 4643 2397 4696 illi
2426 4651 2764 4695 cautaremus
2812 4640 3059 4707 Alleluia,
3092 4637 3228 4709 qttod
3258 4637 3417 4691 latine
3444 4637 3612 4691 inter-

2026 4746 2295 4808 pretatur,
2352 4734 2586 4789 Luttdatc
2628 4734 2943 4798 Dominum;
2990 4731 3263 4786 laudemus
3308 4729 3610 4794 Dominum,

2028 4830 2240 4893 fratres,
2269 4829 2372 4882 vita
2397 4835 2448 4882 et
2474 4827 2670 4896 lingua,
2705 4825 2865 4880 corde
2887 4833 2940 4879 et
2967 4837 3079 4885 ore,
3109 4822 3329 4877 vocibus
3354 4822 3408 4877 et
3449 4818 3616 4875 moris

2029 4924 2148 4978 bus.
2171 4922 2260 4977 Sic
2286 4921 2425 4975 enim
2451 4920 2549 4974 sibi
2592 4919 2693 4973 dici
2724 4918 2836 4972 vult
2868 4918 3005 4971 Deus
3038 4915 3286 4981 Alleluia,
3319 4922 3377 4969 ut
3408 4912 3516 4969 non
3546 4908 3617 4969 sit

2030 5000 2083 5068 in
2113 5013 2361 5067 laudante
2391 5010 2677 5066 discordia.
2705 4996 3044 5064 Concordeut
3064 5022 3190 5077 ergo
3211 5006 3357 5077 prius
3382 5007 3434 5060 in
3462 5000 3615 5061 nobis

2031 5094 2159 5179 ipsis
2201 5108 2376 5176 lingua
2421 5110 2542 5160 eum
2595 5104 2724 5168 vita,
2754 5116 2815 5157 os
2841 5112 2963 5156 cum
3003 5101 3348 5157 censcientla.
3378 5098 3610 5155 Concor-

2030 5200 2177 5269 dcnt,
2211 5200 2450 5270 inquam,
2500 5206 2658 5253 voces
2705 5208 2825 5250 cum
2854 5194 3089 5249 moribus
3116 5235 3132 5260 ,
3178 5192 3246 5249 ne
3294 5192 3427 5249 forte
3463 5184 3617 5249 home

2030 5298 2189 5351 voces
2241 5293 2601 5349 testimonium
2654 5289 2833 5343 dicant
2884 5294 3071 5342 contra
3126 5287 3293 5344 malos
3330 5294 3527 5343 mores.
3570 5282 3617 5343 Θ

2032 5372 2157 5446 felix
2200 5384 2423 5445 Alleluia
2455 5386 2507 5438 in
2536 5383 2690 5443 ctielo,
2720 5381 2809 5434 ubi
2839 5380 3093 5451 templum
3122 5381 3212 5435 Dei
3245 5378 3433 5452 Angeli'
3460 5370 3615 5436 sunt!

2031 5479 2105 5536 ibi
2151 5480 2290 5535 enim
2335 5474 2616 5532 concordia
2648 5486 2855 5527 summa
2900 5468 3246 5536 laudantium,
3285 5470 3376 5526 ubi
3412 5480 3497 5527 est
3528 5488 3619 5529 ex-

2031 5573 2243 5629 sultatio
2272 5583 2458 5625 secura
2480 5566 2807 5621 cantantium
2837 5582 2848 5617 :
2883 5564 2971 5619 ubi
3000 5564 3141 5617 nulla
3173 5560 3257 5618 lex
3284 5562 3338 5618 in
3360 5562 3615 5619 membris

2030 5674 2290 5736 repugnat
2321 5662 2423 5731 legi
2446 5658 2643 5714 mentis
2673 5675 2685 5723 ;
2717 5658 2803 5713 ubi
2831 5673 2936 5712 non
2972 5667 3053 5713 est
3074 5658 3187 5711 rixa
3212 5657 3536 5729 cupiditatis,
3568 5660 3617 5713 iu

2093 5760 2109 5779 ·
2129 5750 2434 5807 correximus
2456 5751 2585 5802 hunc
2605 5756 2883 5802 sermonem
2906 5749 2966 5801 ad
2996 5750 3045 5801 d.
3072 5744 3133 5801 ei.
3158 5760 3200 5800 r.
3227 5742 3265 5802 ι.
3290 5750 3386 5804 vat.
3412 5742 3461 5801 ἡ.
3490 5750 3541 5802 et
3565 5742 3620 5805 ad

2204 5880 2339 5945 alias,
2379 5892 2443 5927 ex
2464 5875 2804 5945 sirtnondianis
2829 5874 2905 5924 18.

2092 5936 2160 6007 (bi
2194 5944 2306 5991 lude
2332 5936 2482 6014 patet
2511 5940 2641 5997 hunc
2678 5937 2829 6001 etiam
2863 5936 3390 6007 sermonemhabttutn
3418 5948 3533 5992 esse
3569 5936 3616 6000 tu

1990 6085 2005 6091 Α
2028 6009 2136 6068 loco
2158 6009 2449 6085 peregrino,

2582 6126 2588 6131 ,
2622 6108 2745 6127 ,mm“
