4102 6326
539 363 676 426 1191

529 503 638 562 qua
663 484 990 560 periclitetur
1037 480 1261 538 victoria
1309 477 1602 535 charitatis.
1631 475 1728 531 Hic
1770 488 1900 546 ergo
1924 479 2110 530 cante-

530 595 649 636 mus
700 576 924 633 Alleluia
967 573 1141 630 adhuc
1188 570 1425 638 solliciti,
1474 578 1531 626 ut
1581 568 1692 623 illic
1719 567 1985 639 possimus
2018 563 2114 618 ali-

530 669 740 742 quando
765 677 981 724 cantare
1026 665 1221 722 securi.
1253 664 1432 732 Quare
1462 661 1548 716 hic
1587 659 1841 715 solliciti?
1881 657 1997 712 Non
2029 655 2113 710 vis

529 771 589 817 ut
616 762 716 816 sim
745 760 1021 826 sollicitus,
1064 757 1276 829 quando
1305 757 1446 828 lego,
1476 752 1744 824 Numquid
1771 769 1872 806 non
1903 749 2111 806 tentatio

527 864 600 909 est
633 855 734 908 vita
771 855 991 907 humana
1018 869 1170 922 super
1220 859 1403 904 terram
1442 848 1461 918 (
1489 846 1586 902 Job
1616 862 1709 914 vn,
1739 846 1760 900 1
1786 845 1839 915 )?
1887 843 2001 899 Non
2033 842 2111 898 vis

526 953 585 1002 ut
611 945 710 1001 siut
738 945 1014 1011 sollicitus,
1038 942 1251 1014 quando
1280 941 1409 996 mihi
1438 939 1610 994 adhuc
1635 938 1852 1002 dicitur,
1893 936 2112 1008 Vigilate

527 1047 574 1092 et
603 1047 761 1103 orate,
789 1053 850 1090 ne
889 1037 1082 1090 intretis
1123 1036 1176 1089 in
1219 1035 1543 1089 tentationem
1585 1030 1788 1104 (Marc.
1820 1045 1935 1096 xw,
1964 1028 2032 1084 58
2053 1027 2111 1095 )?

527 1128 641 1184 Non
672 1130 751 1184 vis
773 1136 833 1183 ut
861 1128 960 1183 sim
989 1127 1266 1192 sollicitus,
1293 1126 1377 1180 ubi
1407 1126 1484 1181 sic
1509 1123 1742 1178 abundat
1771 1121 2017 1188 tentatio,
2054 1128 2112 1176 ut

525 1221 678 1276 nobis
705 1221 814 1289 ipsa
832 1219 1142 1289 praescribat
1170 1219 1363 1284 oratio,
1383 1215 1595 1288 quando
1618 1214 1867 1279 dicimus,
1899 1211 2110 1266 Dimitte

525 1315 667 1369 nobis
695 1313 860 1367 debita
899 1323 1092 1378 nostra,
1117 1312 1242 1367 sicut
1276 1319 1324 1365 et
1353 1326 1445 1364 nos
1473 1308 1770 1362 dimittimus
1805 1304 2108 1360 debitoribus

525 1406 748 1461 nostris?
776 1403 1023 1472 Quotidie
1052 1404 1306 1474 petitores
1324 1403 1364 1469 ²,
1393 1400 1630 1472 quotidie
1684 1397 1974 1454 debitores.
2018 1396 2109 1451 Vis

524 1503 586 1560 ut
610 1495 711 1550 sim
756 1509 1000 1562 securus,
1033 1494 1123 1550 ubi
1148 1491 1384 1564 quotidie
1420 1499 1544 1562 peto
1587 1488 1966 1559 indulgentiam
2010 1501 2108 1557 pro

523 1588 774 1658 peccatis,
802 1586 1126 1656 adjutorium
1156 1600 1250 1655 pro
1277 1583 1558 1655 periculis?
1594 1582 1724 1637 Cum
1752 1581 1894 1636 enim
1921 1578 2108 1635 dixero

525 1689 741 1748 propter
770 1678 1036 1750 prmterita
1069 1685 1302 1746 peccata,
1329 1673 1536 1727 Dimitte
1555 1673 1697 1727 nobis
1719 1671 1883 1726 debita
1908 1680 2103 1738 nostra,

522 1770 650 1824 sicut
673 1779 718 1824 et
769 1786 860 1823 nos
916 1768 1210 1822 dimittimus
1246 1765 1548 1820 debitoribus
1597 1763 2107 1818 uostris:continuo

524 1869 739 1930 propter
765 1859 936 1915 futura
965 1859 1195 1930 pericula
1222 1858 1360 1914 addo
1388 1865 1440 1912 et
1467 1856 1717 1926 adjungo,
1751 1854 1834 1908 Ne
1861 1871 1952 1910 nos
1978 1855 2108 1926 infe-

520 1967 604 2005 ras
629 1952 681 2005 in
725 1951 1044 2006 tentationem
1089 1949 1316 2021 (Matth.
1348 1965 1420 2015 γι,
1449 1948 1533 2012 12,
1568 1948 1690 2018 15).
1720 1945 1998 2015 Quomodo
2024 1953 2108 2003 est

521 2053 698 2098 autem
719 2043 946 2114 populus
988 2043 1039 2097 in
1063 2043 1226 2108 bono,
1267 2041 1477 2112 quando
1504 2055 1713 2094 mecum
1753 2039 1964 2103 clamat,
2012 2036 2105 2090 Li-

523 2134 639 2189 bera
665 2151 754 2188 nos
800 2151 832 2188 a
875 2134 1046 2188 malo?
1085 2133 1153 2188 Et
1196 2141 1394 2199 tamen,
1446 2130 1656 2197 fratres,
1689 2131 1742 2185 in
1785 2131 1886 2185 isto
1929 2127 2104 2184 adhuc

520 2227 661 2282 malo
686 2236 960 2283 cantemus
991 2226 1219 2282 Alleluia
1256 2226 1367 2280 Deo
1397 2224 1560 2290 bono,
1603 2223 1693 2293 qui
1727 2237 1826 2277 nos
1857 2222 2102 2277 liberata

518 2319 677 2374 malo.
709 2317 846 2387 Quid
883 2319 1085 2374 circum
1133 2317 1350 2388 inSpicis
1388 2313 1530 2370 unde
1573 2323 1622 2370 te
1647 2315 1854 2379 liberet,
1886 2311 2102 2384 quando

519 2418 572 2466 te
595 2410 782 2466 liberat
805 2427 836 2466 a
862 2411 1036 2466 malo?
1066 2410 1183 2465 Noli
1215 2411 1369 2480 longe
1397 2411 1492 2473 ire,
1540 2408 1647 2463 noli
1694 2407 1864 2462 aciem
1910 2407 2102 2462 mentis

516 2503 927 2576 circumquaque
953 2501 1279 2560 distendere.
1309 2501 1392 2557 Ad
1416 2510 1465 2557 te
1511 2499 1648 2568 redi,
1681 2509 1731 2556 te
1761 2499 1987 2569 respice.
2020 2498 2100 2554 Tu

514 2611 575 2653 es
600 2596 774 2652 adhuc
802 2597 988 2652 malus.
1017 2595 1238 2663 Quando
1279 2609 1404 2664 ergo
1439 2594 1579 2648 Deus
1625 2602 1676 2648 te
1711 2592 1882 2662 ipsum
1913 2591 2103 2646 liberat

514 2701 544 2741 a
571 2693 622 2743 te
643 2688 778 2757 ipso,
809 2698 931 2743 tunc
953 2697 1004 2743 te
1033 2687 1277 2742 liberata
1303 2686 1465 2741 malo.
1505 2685 1819 2755 Apostolum
1843 2684 1966 2738 audi
1990 2700 2005 2748 ;
2047 2692 2102 2739 et

513 2779 589 2836 ibi
630 2781 860 2852 intellige
912 2796 942 2835 a
993 2795 1099 2852 quo
1141 2779 1283 2836 malo
1319 2780 1396 2835 sis
1433 2777 1762 2834 liberandus.
1814 2795 1833 2829 ι
1889 2776 2100 2833 Conde-

512 2871 699 2937 lector,
726 2891 745 2924 ι
770 2873 958 2944 inquit,
982 2891 1000 2924 ι
1032 2873 1132 2943 legi
1155 2873 1250 2928 Dei
1275 2871 1568 2928 secundum
1588 2871 1897 2926 interiorem
1921 2869 2100 2924 homi-

512 2977 672 3029 nem;
698 2963 854 3018 video
883 2972 1058 3019 autem
1086 2965 1242 3018 aliam
1282 2963 1453 3034 legem
1487 2963 1539 3017 in
1567 2961 1821 3017 membris
1846 2963 1980 3016 meis
2006 2977 2096 3016 re-

511 3065 835 3126 pugnantem
886 3057 988 3126 legi
1036 3057 1232 3112 mentis
1275 3071 1430 3119 meae,
1462 3063 1516 3111 et
1542 3054 1909 3128 captivantem
1933 3068 2018 3108 me
2045 3054 2097 3109 in
2131 3071 2138 3081 τ

510 3143 628 3213 lege
653 3147 875 3215 peccati,
895 3163 1013 3216 qua:
1039 3155 1139 3202 est.
1166 3166 1186 3200 ι
1211 3146 1348 3202 Ubi?
1372 3166 1390 3199 ι
1430 3145 1794 3217 Captivantem
1815 3186 1830 3213 ,
1860 3165 1879 3198 ›
1903 3146 2094 3216 inquit,

518 3254 538 3288 ι
558 3235 708 3290 mein
726 3237 843 3306 lege
863 3238 1084 3306 peccati,
1112 3252 1230 3308 quae
1255 3238 1400 3292 estin
1419 3237 1670 3292 membris
1693 3237 1846 3292 meis.
1870 3254 1888 3288 ι
1910 3236 2098 3293 Putavi

511 3327 632 3399 quia
661 3329 944 3398 captivavit
966 3339 1018 3385 te
1043 3329 1143 3384 sub
1167 3330 1349 3386 nescio
1372 3329 1564 3400 quibus
1595 3328 1787 3400 ignotis
1813 3329 2055 3384 barbaris
2079 3346 2095 3384 :

515 3421 692 3490 putavi
715 3422 837 3492 quia
861 3423 1150 3492 captivavit
1187 3431 1240 3479 te
1281 3424 1378 3478 sub
1419 3423 1601 3479 nescio
1640 3423 1831 3493 quibus
1849 3423 2097 3494 gentibus

511 3511 716 3578 alienis,
783 3513 864 3568 vel
921 3515 1019 3571 sub
1061 3515 1242 3570 nescio
1275 3515 1466 3586 quibus
1511 3514 1814 3570 hominibus
1840 3515 2093 3572 dominis.

514 3603 640 3669 Qua:
662 3614 755 3670 est,
777 3605 963 3676 inquit,
990 3607 1042 3662 in
1068 3608 1303 3663 membris
1342 3612 1485 3662 meis.
1527 3609 1775 3664 Exclama
1805 3625 1931 3681 ergo
1971 3625 2095 3666 cum

511 3693 603 3748 illo
627 3714 640 3750 :
673 3695 829 3753 Miser
848 3715 937 3770 ego
964 3699 1135 3768 homo,
1163 3702 1274 3770 quis
1300 3718 1378 3756 me
1401 3701 1666 3757 liberabit?
1700 3701 1853 3758 Unde
1885 3704 2005 3773 quis
2032 3703 2096 3758 li-

509 3784 755 3843 berabit?
783 3790 875 3845 Dic
897 3791 1056 3847 unde.
1104 3794 1256 3848 Alius
1297 3793 1428 3850 dicit
1469 3795 1536 3850 ab
1578 3797 1813 3867 optione,
1854 3797 1992 3852 alius
2027 3795 2096 3852 de

507 3893 758 3947 carcere,
807 3884 940 3940 alius
982 3885 1050 3941 de
1089 3887 1436 3944 barbarorum
1494 3891 1814 3961 captivitate,
1860 3891 1994 3946 alius
2028 3890 2095 3948 de

510 3971 659 4029 febre
683 3983 843 4048 atque
869 3976 1121 4049 languore
1145 3996 1158 4032 :
1183 3977 1270 4034 die
1298 3989 1374 4045 tu,
1400 3981 1674 4050 Apostole,
1700 3997 1806 4038 non
1841 3998 1946 4054 quo
1970 3983 2095 4038 mit-

510 4073 707 4138 tamur,
735 4078 826 4124 aut
849 4086 954 4140 quo
977 4070 1262 4138 ducamur;
1311 4072 1404 4128 sed
1443 4073 1570 4144 quid
1599 4074 1873 4130 nobiscum
1914 4084 2093 4146 porte-

509 4175 628 4215 mus
646 4201 662 4228 ,
708 4161 832 4231 quid
857 4178 954 4218 nos
984 4163 1082 4233 ipsi
1108 4165 1292 4231 simus,
1309 4165 1396 4220 die
1419 4183 1432 4219 :
1461 4165 1538 4220 De
1563 4183 1773 4238 corpore
1797 4169 1971 4224 mortis
1992 4170 2091 4223 hu-

501 4250 611 4319 jus.
658 4251 732 4306 De
778 4267 1002 4322 corpore
1041 4255 1230 4310 mortis
1259 4254 1453 4324 hujus?
1498 4255 1575 4310 De
1614 4273 1846 4328 corpore,
1897 4259 2089 4331 inquit,

506 4343 682 4397 mortis
712 4344 888 4415 hujus.

575 4433 631 4488 2.
672 4434 834 4490 Error
860 4439 1210 4508 quorumdam,
1239 4456 1441 4495 carnem
1485 4457 1585 4496 non
1625 4443 1871 4512 pertinere
1896 4445 1966 4500 ad
2001 4445 2094 4501 ho-

507 4525 708 4579 minem.
738 4526 887 4582 Alius
924 4527 1086 4583 dicit:
1123 4528 1328 4600 Corpus
1355 4531 1543 4588 mortis
1571 4531 1732 4603 hujus
1758 4548 1865 4589 non
1907 4535 1975 4590 ad
2003 4551 2121 4592 me-

505 4615 779 4686 pertinet:
825 4632 1008 4675 carcer
1049 4633 1200 4674 meus
1243 4630 1326 4677 est
1366 4621 1436 4677 ad
1469 4633 1698 4694 tempus,
1741 4633 1931 4681 catena
1969 4642 2090 4685 mea

505 4715 588 4764 est
613 4709 681 4764 ad
707 4717 914 4782 tempus
943 4729 957 4766 :
984 4711 1037 4766 in
1059 4722 1285 4782 carpore
1313 4715 1500 4770 mortis
1527 4731 1646 4770 sum
1678 4731 1808 4786 ego;
1843 4732 1949 4772 non
1975 4733 2092 4775 cor-

503 4813 604 4869 pus
617 4803 804 4862 mortis
833 4818 948 4858 sum
989 4819 1107 4875 ego.
1143 4804 1565 4876 Argutnentaris,
1594 4807 1714 4862 ideo
1743 4822 1850 4864 non
1886 4809 2088 4866 libera-

500 4892 597 4948 ris.
625 4893 735 4966 Ego
755 4896 916 4963 enim,
951 4896 1140 4969 inquit,
1167 4898 1385 4968 spiritus
1434 4914 1590 4968 sum;
1630 4915 1758 4957 caro
1797 4917 1904 4957 non
1943 4918 2083 4971 sum,

501 4983 598 5038 sed
627 4983 679 5038 in
696 4999 857 5040 carne
881 5001 996 5042 sum
1029 5003 1042 5040 :
1074 5003 1196 5043 cum
1217 4989 1366 5045 fuero
1395 4989 1651 5046 liberatus
1690 5005 1722 5046 a
1754 5007 1936 5059 carne,
1959 4993 2088 5065 quid

501 5077 606 5133 erit
646 5077 778 5133 mihi
825 5079 1016 5137 deinde
1045 5096 1179 5140 ,cum
1221 5083 1419 5139 carne?
1465 5083 1599 5140 Huic
1639 5087 2086 5157 argumentationi

499 5168 680 5237 vultis,
702 5171 914 5240 fratres,
933 5185 991 5229 ut
1018 5189 1118 5245 ego
1144 5175 1516 5247 respondeam,
1559 5191 1629 5232 an
1659 5178 1991 5248 Apostolus?
2028 5179 2086 5236 Si

499 5276 602 5333 ego
663 5265 1014 5335 respondero,
1063 5275 1436 5326 contemnetur
1485 5269 1727 5326 fortassis
1777 5272 2086 5342 magnitudo

498 5353 647 5410 verbi
672 5365 890 5428 propter
928 5359 1183 5416 vilitatem
1230 5362 1480 5417 ministri.
1515 5362 1688 5418 Taceo
1713 5363 1913 5433 potius.
1945 5364 2085 5422 Audi

497 5461 709 5504 mecum
752 5449 1035 5508 Doetorem
1083 5451 1369 5510 Gentium:
1421 5455 1545 5510 audi
1585 5470 1793 5512 mecum
1828 5455 1933 5514 Vas
1972 5458 2085 5515 ele‘

497 5539 709 5610 ctionis,
728 5551 786 5598 ut
808 5559 837 5599 a
856 5551 908 5599 te
926 5545 1140 5601 tollatur
1153 5547 1514 5604 controversia
1536 5547 1903 5605 dissensionis.
1923 5549 2080 5621 Audi,

563 5657 581 5688 ι
603 5657 676 5708 Sic
696 5659 961 5712 Victorinus
980 5660 1158 5712 codex.
1185 5670 1238 5713 At
1253 5663 1662 5716 Theoderieensis
1690 5665 1936 5717 simrondo
1964 5681 2083 5721 eon-

495 5721 732 5791 senuens,
775 5723 1055 5791 pqrcitores.
1105 5726 1305 5791 uegius,
1324 5725 1587 5791 parcitores
1622 5732 1669 5778 et
1705 5727 1945 5791 petitores.
1994 5740 2082 5782 va-

495 5782 700 5857 ticanps,
723 5782 1149 5857 pariatoresiluic
1173 5782 1358 5857 uomitu
1399 5796 1604 5852 cognata
1626 5782 1716 5842 δι’
1725 5804 1817 5842 vox
1835 5827 1852 5855 ,
1874 5791 2082 5857 putidio-

495 5843 592 5909 τίη,
617 5843 1238 5913 Mr.int’sal.&,n.4.

1702 353 1761 416 S.
1800 349 2165 415 AUGUSTINI
2204 348 2507 414 EPISGOPI

3662 361 3815 425 1192

2218 469 2314 526 sed
2365 471 2452 526 die
2488 471 2634 542 prius
2679 471 2822 545 quod
2863 471 3096 531 dicebas.
3145 473 3350 548 Nempe
3389 474 3495 535 hoc
3541 477 3808 536 dicebas:

2217 560 2332 617 Non
2356 577 2473 618 sum
2499 578 2598 636 ego
2624 579 2772 633 caro,
2816 565 2913 623 sed
2943 567 3162 638 Spiritus
3180 582 3320 624 sum.
3349 568 3406 625 In
3437 585 3656 629 carcere
3681 587 3808 630 meo

2218 668 2407 723 gemo:
2429 655 2642 726 quando
2667 656 2826 713 fuerit
2853 658 2953 715 hoc
2979 658 3249 715 vinculum
3269 668 3323 716 et
3348 660 3449 716 hoc
3471 665 3805 734 ergastulum

2218 746 2555 817 dissolutum,
2578 766 2678 822 ego
2705 752 2840 808 liber
2871 752 3122 809 abscedo.
3153 754 3316 811 Terra
3345 765 3504 812 terra;
3533 758 3804 828 redditur,

2219 842 2436 911 spiritus
2472 844 2610 898 caalo
2655 845 2946 916 recipitur:
2978 848 3115 903 vado
3139 863 3259 918 ego,
3286 848 3497 908 dimitto
3525 852 3664 922 quod
3692 868 3805 909 non

2217 947 2354 988 sum.
2390 936 2528 1006 Ergo
2559 935 2660 992 hoc
2698 938 2952 995 dicebas?
2999 940 3132 1007 Hoc,
3183 941 3374 1012 inquit.
3408 942 3524 998 Non
3566 943 3659 1000 tibi
3701 959 3809 1016 ego

2217 1028 2550 1096 respondeo:
2580 1032 2865 1102 responde,
2909 1033 3199 1103 Apostole;
3245 1036 3527 1106 responde,
3573 1037 3810 1094 obsecro

2218 1127 2286 1173 te.
2317 1119 2644 1187 Praedieasti,
2682 1131 2742 1178 ut
2768 1124 3064 1194 audireris;
3104 1127 3385 1197 scripsisti,
3417 1137 3475 1183 ut
3502 1128 3804 1200 legereris;

2216 1220 2381 1268 totum
2413 1212 2607 1270 factum
2641 1225 2741 1281 est,
2772 1225 2829 1272 ut
2851 1218 3167 1274 credereris.
3192 1212 3322 1276 Dic:
3359 1221 3484 1288 Quis
3507 1239 3584 1277 me
3608 1223 3802 1278 libera-

2214 1305 2280 1358 bit
2301 1306 2362 1360 de
2389 1323 2599 1378 corpore
2619 1310 2794 1364 mortis
2811 1311 2963 1381 hujus
2979 1311 3005 1364 Ρ
3021 1311 3199 1366 Gratia
3220 1312 3315 1367 Dei
3330 1331 3419 1384 per
3436 1313 3470 1368 J
3475 1331 3614 1369 esum
3648 1315 3806 1370 Chri-

2213 1411 2346 1454 stum
2375 1401 2652 1457 Dominum
2679 1414 2926 1459 nostrum.
2955 1404 3110 1462 Unde
3131 1414 3183 1462 te
3212 1407 3441 1464 liberat?
3466 1408 3546 1464 De
3587 1427 3807 1481 corpore

2213 1495 2388 1547 mortis
2423 1495 2594 1566 hujus.
2621 1495 2726 1552 Sed
2747 1513 2851 1552 non
2877 1513 2938 1554 es
2959 1507 3014 1553 tu
3039 1499 3154 1570 ipse
3177 1516 3374 1572 corpus
3394 1503 3581 1558 mortis
3599 1502 3806 1574 hujus?

2212 1584 2552 1656 Respondet:
2584 1586 2750 1660 Igitur
2772 1590 2880 1661 ipse
2899 1607 2988 1662 ego
3011 1601 3172 1647 mente
3193 1595 3354 1648 servio
3379 1595 3478 1664 legi
3502 1594 3622 1662 Dei,
3649 1613 3808 1652 carne

2211 1685 2377 1733 autem
2405 1677 2504 1749 legi
2533 1681 2725 1747 peccati
2768 1679 2958 1750 (Rom.
2993 1698 3088 1748 vn,
3129 1683 3302 1740 22-25
3328 1685 3366 1756 ).
3399 1683 3504 1741 Sed
3527 1687 3636 1758 ipse
3666 1703 3804 1758 ego:

2211 1770 2478 1839 quomodo
2525 1788 2621 1842 per
2673 1772 2882 1830 diversa
2922 1775 3037 1846 ipse
3075 1777 3170 1831 tu?
3217 1777 3414 1846 Mente,
3450 1780 3639 1852 inquit,
3668 1783 3801 1853 quia

2209 1860 2408 1932 diligo;
2435 1877 2616 1930 carne,
2641 1864 2761 1934 quia
2780 1868 3100 1938 concupisco
3125 1886 3139 1922 :
3168 1869 3338 1924 victor
3358 1870 3593 1940 quidem,
3616 1872 3662 1927 si
3689 1888 3802 1931 non

2208 1954 2516 2018 consentio;
2544 1954 2718 2010 adhuc
2763 1964 2941 2012 tamen
2981 1959 3241 2027 luctator,
3271 1971 3496 2031 urgente
3541 1963 3802 2021 adversa-

2208 2045 2309 2100 rio.
2360 2045 2428 2100 Et
2480 2048 2748 2117 quomodo
2783 2065 2902 2104 cum
2947 2049 3133 2118 fueris,
3179 2068 3212 2108 ο
3262 2055 3538 2124 Apostole,
3594 2057 3663 2113 ab
3693 2058 3797 2115 hac

2207 2151 2368 2193 carne
2408 2139 2684 2209 liberatus,
2712 2141 2822 2212 jam
2877 2159 2981 2198 non
3035 2145 3143 2200 eris
3191 2153 3247 2200 tu
3277 2146 3377 2201 nisi
3404 2148 3653 2217 spiritus?
3692 2150 3801 2208 Re-

2205 2234 2434 2306 spondet
2483 2238 2789 2308 Apostolus,
2843 2252 3015 2298 morte
3062 2243 3172 2313 jam
3223 2243 3555 2312 imminente,
3609 2245 3798 2303 debito

2205 2327 2346 2397 quod
2369 2343 2526 2384 nemo
2544 2330 2718 2385 evadit
2739 2350 2752 2385 :
2784 2332 3008 2389 Carnem
3029 2351 3134 2390 non
3154 2336 3204 2390 in
3222 2347 3479 2392 :nternum
3499 2353 3639 2409 pono
3657 2381 3673 2405 ,
3698 2338 3799 2396 sed

2204 2415 2273 2471 ad
2301 2427 2510 2489 tempus
2545 2435 2765 2491 sepono.
2793 2423 2936 2494 Ergo
2962 2425 3228 2482 rediturus
3249 2444 3306 2483 es
3325 2429 3391 2483 ad
3417 2445 3613 2500 corpus
3649 2445 3799 2486 mor-

2206 2507 2273 2563 tis
2317 2507 2510 2580 hujus?
2560 2511 2628 2566 Et
2678 2512 2843 2583 quid?
2873 2513 3044 2584 Ipsius
3072 2517 3232 2572 verba
3266 2519 3444 2588 potius
3485 2520 3792 2576 audiamus.

2204 2602 2482 2670 Quomodo
2501 2605 2646 2660 redis
2669 2607 2735 2660 ad
2761 2623 2976 2678 corpus,
2999 2611 3142 2668 unde
3166 2623 3268 2668 tam
3298 2616 3380 2685 pia
3408 2631 3537 2672 voce
3557 2617 3795 2673 liberan-

2204 2695 2330 2750 dum
2359 2705 2412 2752 te
2431 2713 2553 2753 esse
2573 2699 2854 2755 clamasti?
2880 2701 3186 2772 Respondet
3213 2723 3225 2759 :
3262 2705 3446 2762 Redeo
3474 2709 3690 2780 quidem
3725 2708 3796 2766 ad

2203 2803 2416 2860 corpus,
2438 2789 2533 2846 sed
2568 2790 2678 2862 jam
2724 2808 2829 2847 non
2884 2795 3070 2851 mortis
3109 2795 3288 2867 hujus.
3318 2798 3479 2867 Audi,
3522 2801 3794 2872 imperite,

2203 2894 2391 2939 contra
2416 2875 2753 2954 quotidianas
2779 2887 3070 2943 lectionum
3099 2905 3259 2946 voces
3279 2891 3473 2948 surde:
3498 2893 3624 2949 audi
3647 2910 3789 2967 quo-

2203 2976 2362 3032 modo
2388 2977 2526 3043 redit
2553 2979 2620 3032 ad
2650 2994 2843 3050 corpus
2869 2981 3108 3052 quidem,
3145 2985 3240 3041 sed
3260 3002 3365 3042 non
3392 2988 3577 3043 mortis
3607 2988 3790 3060 hujus.

2201 3067 2317 3124 Non
2348 3071 2470 3141 quia
2491 3071 2636 3126 aliud
2660 3073 2763 3128 erit
2791 3089 3008 3144 corpus,
3041 3077 3135 3133 sed
3161 3079 3284 3149 quia
3311 3090 3510 3150 oportet
3543 3085 3795 3155 corrupti-

2202 3161 2299 3217 bile
2319 3164 2412 3218 hoc
2441 3166 2650 3221 induere
2681 3168 3130 3239 incorruptionem,
3159 3180 3206 3226 et
3230 3175 3445 3229 mortale
3463 3177 3558 3231 hoc
3579 3177 3792 3234 induere

2202 3253 2654 3311 immortalitatem.
2714 3258 2934 3316 Fratres
2979 3263 3106 3330 mei,
3143 3265 3358 3334 quando
3395 3266 3608 3324 dicebat
3639 3270 3793 3342 Apo-

2202 3347 2372 3418 stolus
2391 3351 2738 3421 corruptibile
2767 3353 2888 3419 hoc,
2920 3357 3148 3411 mortale
3196 3359 3320 3425 hoc,
3363 3360 3596 3431 quodam
3626 3362 3793 3420 modo

2202 3436 2419 3495 carnem
2443 3455 2536 3496 sua
2555 3458 2685 3498 voce
2718 3445 2986 3516 tangebat.
3014 3446 3132 3504 Non
3159 3464 3288 3520 ergo
3325 3451 3490 3506 aliud.
3527 3452 3668 3522 Non,
3701 3455 3789 3510 in-

2199 3531 2331 3603 quit,
2353 3547 2495 3603 pono
2520 3548 2712 3606 corpus
2727 3544 3024 3606 terrenum,
3043 3547 3096 3594 et
3115 3541 3320 3611 accipio
3335 3556 3530 3614 corpus
3545 3558 3790 3615 aereum,

2199 3631 2293 3678 aut
2341 3625 2546 3696 accipio
2593 3641 2788 3698 corpus
2829 3629 3142 3686 :nthereum.
3176 3630 3352 3702 Ipsum
3405 3635 3632 3706 accipio,
3686 3636 3787 3693 sed

2200 3731 2308 3771 non
2329 3715 2442 3787 jam
2484 3721 2673 3776 mortis
2709 3721 2885 3792 hujus.
2909 3721 3043 3789 Quia
3073 3734 3270 3794 Oportet
3302 3727 3648 3797 corruptibile,
3673 3743 3787 3787 non

2198 3809 2363 3877 aliud,
2383 3811 2476 3866 sed
2502 3812 2616 3881 hoc,
2641 3813 2850 3868 induere
2865 3815 3317 3885 incorruptionem;
3331 3826 3377 3871 et
3409 3820 3643 3888 mortale,
3673 3834 3785 3878 non

2197 3902 2362 3971 aliud,
2386 3905 2481 3960 sed
2511 3907 2625 3972 hoc,
2653 3906 2863 3961 induere
2876 3907 3316 3964 immortalitatem.
3340 3909 3486 3965 Tunc
3517 3913 3603 3982 ﬁet
3622 3929 3791 3969 sermo

2197 3996 2286 4066 qui
2305 3998 2541 4069 scriptus,
2567 4007 2658 4066 est,
2679 3998 2929 4070 Absorpta
2951 4011 3021 4056 est
3041 4019 3176 4056 mors
3201 4003 3253 4057 in
3273 4005 3552 4060 victoriam.
3582 4005 3783 4065 Cante-

2196 4095 2286 4142 tur
2326 4087 2573 4144 Alleluia.
2604 4089 2746 4144 Tunc
2786 4092 2872 4160 ﬁet
2908 4109 3072 4148 sermo
3113 4095 3198 4166 qui
3255 4097 3474 4166 scriptus
3527 4107 3600 4152 est
3632 4115 3652 4155 :
3692 4099 3787 4172 qui

2196 4193 2396 4248 sermo,
2452 4195 2561 4236 non
2603 4181 2713 4252 jam
2766 4185 3137 4256 pugnantium,
3171 4187 3263 4243 sed
3297 4189 3780 4260 triumphantium:

2195 4270 2444 4344 Absorpta
2468 4281 2540 4328 est
2567 4290 2702 4329 mors
2727 4275 2780 4329 in
2807 4276 3086 4332 victoriam.
3114 4279 3370 4336 Cantetur
3399 4283 3647 4340 Alleluia.
3679 4285 3783 4340 Ubi

2195 4373 2287 4431 est,
2311 4381 2467 4432 mors,
2495 4365 2697 4421 aculeus
2721 4368 2870 4422 tuus?
2893 4367 3151 4425 Cantetur
3169 4371 3418 4427 Alleluia.
3444 4375 3660 4431 Aculeus
3687 4393 3786 4431 au-

2193 4463 2293 4511 tem
2343 4457 2516 4512 mortis
2565 4467 2638 4512 est
2682 4468 2940 4528 peccatum
2986 4460 3041 4533 (l
3071 4461 3190 4516 Cor.
3244 4479 3339 4531 xv,
3393 4464 3567 4522 55-56
3590 4468 3630 4537 ).
3668 4466 3780 4524 Sed

2193 4563 2385 4619 quaeres
2410 4549 2576 4603 locum
2600 4551 2731 4621 ejus,
2760 4559 2806 4605 et
2836 4569 2937 4607 non
2967 4553 3186 4609 invenies
3213 4553 3391 4625 (Psal.
3425 4573 3618 4624 xxxvr,
3659 4559 3779 4632 10).

2264 4639 2317 4694 5.
2357 4639 2575 4695 Alleluia
2613 4641 2695 4695 hic
2731 4642 2860 4697 inter
2901 4646 3229 4701 tentationum
3273 4649 3500 4720 pericula
3528 4652 3781 4720 quomodo

2191 4731 2518 4786 cantandum.
2562 4733 2668 4789 Sed
2714 4733 2874 4790 etiam
2902 4734 2990 4791 hic
3018 4736 3156 4794 inter
3185 4740 3453 4810 pericula,
3501 4742 3641 4799 inter
3663 4753 3781 4799 ten-

2192 4824 2450 4891 tationes,
2491 4832 2546 4880 et
2587 4825 2654 4880 ab
2698 4825 2846 4894 aliis,
2877 4835 2931 4882 et
2972 4843 3003 4883 a
3053 4829 3206 4886 nobis
3235 4841 3484 4889 cantetur
3522 4831 3774 4890 Alleluia.

2191 4913 2388 4972 Fidelis
2416 4917 2548 4971 enim
2577 4916 2746 4987 Deus,
2777 4919 2862 4990 qui
2886 4935 2988 4975 non
3012 4922 3290 4992 permittet,
3319 4923 3524 4995 inquit,
3553 4942 3641 4981 vos
3669 4935 3779 4981 ten-

2190 5009 2289 5063 tari
2307 5025 2457 5082 super
2477 5009 2533 5064 id
2556 5010 2692 5079 quod
2714 5012 2936 5081 potestis.
2964 5012 3108 5085 Ergo
3135 5023 3190 5070 et
3216 5013 3302 5071 hic
3330 5025 3609 5073 cantemus
3627 5018 3778 5074 Alle-

2192 5099 2320 5155 luia.
2352 5100 2539 5156 Adhuc
2562 5109 2642 5157 est
2668 5101 2830 5158 homo
2858 5118 2983 5159 reus
3003 5145 3018 5171 ,
3041 5105 3136 5162 sed
3160 5105 3331 5164 ﬁdelis
3351 5116 3436 5163 est
3459 5109 3623 5166 Deus.
3655 5109 3778 5166 Non

2188 5191 2292 5260 ait,
2318 5191 2436 5250 Neu
2477 5193 2751 5265 permittet
2789 5209 2885 5252 vos
2928 5198 3121 5253 tentari
3153 5215 3166 5252 :
3199 5199 3326 5268 sed,
3374 5198 3498 5255 Non
3527 5203 3778 5272 permittet

2189 5301 2276 5340 vos
2303 5287 2486 5341 tentari
2511 5303 2664 5359 super
2684 5287 2737 5342 id
2761 5289 2896 5359 quod
2919 5291 3166 5362 potestis;
3190 5290 3281 5346 sed
3321 5293 3472 5365 faciet
3514 5309 3632 5348 cum
3650 5289 3776 5349 ten-

2188 5379 2374 5434 tatione
2401 5380 2552 5435 etiam
2575 5380 2794 5449 exitum,
2823 5390 2880 5435 ut
2900 5381 3099 5452 possitis
3113 5383 3356 5438 sustinere
3374 5373 3424 5455 (ll
3439 5383 3556 5441 Cor.
3574 5400 3640 5454 x,
3657 5385 3776 5459 15).

2189 5470 2402 5528 Intrasti
2429 5474 2483 5530 in
2502 5473 2845 5530 tentationem
2868 5493 2881 5529 :
2905 5473 2999 5530 sed
3023 5474 3180 5532 faciet
3195 5476 3336 5533 Deus
3357 5477 3518 5535 etiam
3534 5479 3737 5536 exitum
3753 5518 3775 5550 ,

2188 5582 2258 5623 ne
2287 5581 2478 5640 pereas
2505 5567 2560 5622 in
2588 5568 2919 5624 tentatione:
2951 5575 3011 5623 ut
3038 5567 3305 5640 quomodo
3328 5585 3424 5626 vas
3447 5569 3625 5643 ﬁguli,
3659 5571 3776 5628 for-

2187 5660 2351 5716 meris
2368 5660 2744 5732 praedicatione
2760 5702 2774 5728 ,
2791 5659 3038 5732 coquaris
3055 5660 3419 5719 tribulatione.
3439 5663 3546 5720 Sed
3560 5663 3794 5741 quando

2187 5751 2388 5822 intras,
2415 5753 2614 5809 exitum
2640 5751 2812 5824 cogita
2836 5772 2849 5808 :
2871 5753 2989 5824 quia
3017 5752 3188 5809 fidelis
3213 5762 3297 5810 est
3319 5754 3494 5826 Deus,
3525 5758 3776 5813 custodiet

2186 5846 2436 5921 Dominus
2454 5847 2714 5905 introitum
2726 5855 2869 5905 tuum
2885 5888 2900 5922 ,
2918 5856 2966 5904 et
2977 5847 3170 5904 exitum
3183 5856 3324 5905 tuum
3347 5847 3518 5925 (Psal.
3546 5863 3672 5923 cxx,
3691 5850 3780 5916 8).
