4102 6326
361 302 505 362 H93

364 421 534 479 Porro
560 426 769 484 autem,
799 431 920 474 cum
962 413 1158 471 factum
1189 411 1346 469 fuerit
1369 426 1562 484 corpus
1591 413 1695 470 hoc
1722 415 1943 470 immor-

364 514 469 569 tale
499 521 553 568 et
583 509 1010 581 incorruptibile,
1043 506 1254 578 quando
1283 506 1501 576 perierit
1537 515 1645 561 tota
1690 507 1947 571 tentatio;

366 607 488 678 quia
515 603 712 675 Corpus
735 601 936 673 quidem
960 612 1211 657 mortuum
1228 611 1332 658 est:
1349 615 1514 672 quare
1538 607 1804 655 mortuum
1829 597 1950 653 est?

364 706 571 768 propter
621 704 900 767 peccatum.
942 693 1165 764 Spiritus
1205 702 1370 748 autem
1411 693 1512 746 vita
1555 701 1657 755 est,
1704 689 1950 760 Apostoli

369 791 531 848 verba
588 795 756 844 sunt:
788 787 988 858 quare?
1033 795 1236 857 prapter
1270 785 1546 857 justitiam.
1612 783 1950 838 Remittimus

369 897 500 953 ergo
545 890 813 936 mortuum
868 879 1099 949 corpus?
1138 880 1284 946 Non,
1339 877 1430 933 sed
1477 875 1644 931 audi:
1677 873 1737 930 Si
1783 883 1951 928 autem

364 974 572 1043 spiritus
599 974 706 1044 ejus
731 972 816 1042 qui
842 972 1100 1025 suscitavit
1131 969 1388 1027 Christum
1425 986 1457 1023 α
1492 969 1731 1036 mortuis,
1758 966 1952 1021 habitat

366 1082 419 1120 in
440 1065 612 1128 uobis;
640 1064 727 1134 qui
754 1064 1009 1118 suscitauit
1039 1062 1290 1118 Christum
1331 1079 1363 1115 a
1401 1061 1645 1128 mortuis,
1684 1056 1952 1128 uiviﬁcabit

366 1167 414 1214 et
440 1158 673 1212 mortalia
701 1173 915 1228 corpora
957 1165 1122 1229 vestra
1165 1156 1342 1225 (Rom.
1371 1170 1496 1220 VIII,
1527 1152 1616 1220 10,
1641 1150 1753 1223 Η).
1796 1147 1951 1204 Modo

368 1254 511 1310 enim
537 1268 732 1324 corpus
759 1252 986 1305 animale
1003 1293 1018 1318 ,
1039 1259 1163 1305 tunc
1183 1249 1478 1319 spirituale.
1503 1245 1690 1299 Factus
1717 1253 1787 1298 est
1809 1242 1950 1296 enim

367 1345 559 1417 primus
581 1346 730 1397 homo
756 1342 809 1396 in
835 1342 1061 1395 animant
1081 1341 1324 1394 uiuentem
1344 1381 1359 1406 ,
1391 1337 1689 1392 novissimus
1724 1335 1872 1388 homo
1900 1333 1953 1386 in

366 1435 601 1505 spiritunt
633 1433 964 1502 viviﬁcantem
1013 1430 1055 1503 (l
1082 1429 1201 1486 Cor.
1245 1445 1334 1495 xv,
1374 1429 1464 1494 44,
1492 1429 1606 1498 45).
1631 1425 1754 1482 Ideo
1787 1425 1951 1493 uiuiﬁ-

371 1528 507 1582 cabit
525 1537 573 1582 et
610 1527 844 1581 mortalia
881 1541 1096 1596 corpora
1140 1533 1302 1579 vestra
1345 1530 1550 1593 propter
1591 1519 1953 1574 inhabitantem

369 1621 626 1692 Spiritum
645 1621 754 1690 ejus
772 1618 823 1671 in
848 1617 1004 1671 vobis.
1033 1615 1078 1672 Ο
1101 1616 1226 1670 felix
1249 1613 1354 1669 illic
1375 1613 1635 1668 Alleluia!
1666 1628 1700 1666 0
1727 1611 1948 1666 secura!

369 1729 406 1772 0
451 1715 568 1770 sine
614 1713 954 1766 adversario!
988 1710 1076 1765 ubi
1129 1725 1284 1764 nemo
1333 1706 1436 1762 erit
1476 1705 1751 1769 inimicus,
1798 1717 1956 1757 nemo

371 1807 510 1878 perit
536 1805 758 1858 amicus.
789 1801 863 1856 lbi
892 1800 1076 1855 laudes
1107 1799 1246 1864 Deo,
1278 1809 1332 1854 et
1373 1796 1459 1852 hic
1483 1796 1666 1850 laudes
1693 1795 1836 1848 Deo:
1861 1792 1956 1848 sed

371 1897 512 1954 hica
543 1895 816 1962 sollicitis,
863 1893 935 1948 ibi
963 1910 991 1945 a
1018 1891 1256 1956 securis;
1303 1889 1390 1944 hic
1427 1904 1458 1943 a
1487 1887 1784 1952 morituris,
1809 1885 1882 1939 ibi
1924 1900 1956 1938 a

370 2005 585 2061 semper
620 1989 875 2052 victuris;
923 1985 1009 2040 hic
1052 1985 1104 2039 in
1150 1998 1275 2054 spe,
1321 1981 1394 2036 ibi
1426 1981 1476 2034 in
1525 1994 1617 2044 re;
1649 1978 1734 2032 hic
1762 1977 1813 2030 in
1840 1977 1954 2042 via,

371 2085 481 2142 illic
526 2084 580 2139 in
624 2082 814 2152 patria.
861 2078 1019 2134 Modo
1061 2093 1220 2148 cego,
1255 2075 1446 2130 fratres
1473 2073 1610 2136 mei,
1649 2081 1954 2136 cantemus,

374 2197 484 2236 non
506 2180 572 2234 ad
596 2176 1000 2234 delectationem
1029 2172 1244 2244 quietis,
1263 2169 1355 2226 sed
1386 2168 1452 2224 ad
1470 2168 1716 2222 solatium
1737 2165 1953 2220 laboris.

373 2271 651 2342 Quomodo
677 2270 848 2324 solent
872 2275 1088 2322 cantare
1108 2265 1364 2327 viatores;
1383 2270 1538 2316 canta
1555 2302 1569 2327 ,
1597 2258 1690 2314 sed
1711 2257 1956 2313 ambula:

373 2367 610 2422 laborem
642 2363 921 2419 consolare
948 2360 1242 2425 cantando,
1274 2357 1538 2428 pigritiam
1578 2353 1682 2407 noli
1727 2367 1909 2407 amare
1941 2369 1956 2406 :

375 2467 564 2525 canta,
610 2466 664 2511 et
713 2453 943 2508 ambula.
991 2451 1129 2520 Quid
1177 2458 1291 2516 est,
1331 2447 1575 2502 ambula?
1619 2443 1855 2511 Proﬁce,
1903 2443 1959 2498 in

375 2549 519 2605 bono
571 2549 788 2618 profice.
840 2545 976 2599 Sunt
1023 2541 1196 2608 enim,
1266 2538 1554 2594 secundum
1606 2535 1956 2606 Apostolum,

375 2641 590 2712 quidam
622 2639 963 2710 proficientes
1015 2635 1066 2689 in
1111 2633 1261 2704 pejus
1287 2631 1354 2703 (ιι
1384 2629 1513 2684 Tim.
1543 2645 1629 2695 III,
1662 2626 1772 2700 15).
1803 2627 1882 2682 Tu
1915 2625 1962 2681 si

377 2732 626 2804 proﬁcis,
657 2730 896 2785 ambulas
929 2746 941 2781 :
973 2726 1065 2782 sed
1097 2727 1147 2780 in
1180 2726 1318 2779 bono
1349 2723 1575 2792 profice,
1610 2720 1662 2775 in
1691 2729 1835 2774 recta
1859 2718 1962 2772 lide

378 2827 606 2899 proﬁce,
649 2825 700 2879 in
730 2823 885 2878 bonis
911 2821 1150 2876 moribus
1169 2817 1364 2888 profice
1395 2833 1407 2870 :
1437 2823 1590 2870 canta
1611 2855 1624 2879 ,
1644 2822 1697 2867 et
1723 2811 1958 2866 ambula.

377 2919 494 2978 Noli
517 2933 728 2984 errare,
759 2916 864 2970 noli
908 2913 1114 2980 redire,
1143 2911 1249 2966 noli
1275 2921 1573 2966 remanere.
1612 2903 1870 2960 Conversi
1895 2901 1962 2957 ad

379 3012 660 3070 Dominum
677 3048 692 3076 ,
723 3016 826 3064 etc.

859 3114 1092 3174 sunuo
1128 3111 1350 3170 CCLvII
1377 3110 1473 3184 (a).

739 3259 788 3303 tn
804 3252 980 3302 diebus
1001 3247 1323 3310 Paschalibus,
1348 3261 1498 3298 xxvm
1519 3244 1608 3308 (b).

476 3359 557 3416 De
579 3375 724 3416 uersu
753 3357 946 3412 Psalmi
973 3372 1107 3424 cxv,
1132 3355 1220 3420 11,
1250 3352 1427 3407 Omnis
1455 3352 1604 3404 homo
1632 3349 1867 3403 mendax.

460 3477 512 3530 1.
552 3473 692 3529 Deus
716 3471 865 3526 corde
894 3468 1198 3524 laudandus.
1225 3464 1375 3533 Quod
1407 3463 1650 3517 hebraica
1692 3463 1867 3532 lingua
1889 3459 1971 3515 di-

386 3571 525 3627 citur
553 3567 810 3632 Alleluia,
841 3564 998 3618 latine
1040 3571 1121 3615 est
1146 3557 1380 3613 Laudate
1421 3557 1723 3611 Dominum.
1764 3553 1969 3608 Laude-

387 3677 509 3717 mus
559 3675 686 3730 ergo
739 3656 1018 3711 Dominum
1063 3653 1225 3705 Deum
1283 3659 1552 3710 nostrum,
1607 3661 1713 3699 non
1765 3651 1969 3698 tantum

391 3768 556 3818 voce,
591 3750 683 3806 sed
709 3749 869 3804 etiam
898 3745 1080 3800 corde.
1126 3742 1386 3810 Quoniam
1416 3739 1506 3808 qui
1549 3737 1711 3793 corde
1761 3735 1966 3802 laudat,

391 3844 662 3904 interioris
710 3841 940 3896 hominis
994 3851 1122 3891 voce
1175 3833 1371 3888 laudat.
1417 3831 1526 3886 Vox
1583 3829 1650 3884 ad
1695 3829 1969 3896 homines,

389 3953 554 3996 sonus
579 3944 690 3999 est;
717 3948 818 3987 vox
849 3930 914 3984 ad
944 3931 1110 3983 Deum
1132 3967 1146 3990 ,
1178 3925 1398 3980 aliectus
1423 3931 1522 3978 est.

461 4031 518 4085 2.
561 4027 729 4082 Homo
755 4025 816 4078 de
841 4039 930 4078 suo
958 4019 1174 4074 mendax
1194 4059 1208 4084 ,
1235 4017 1302 4071 ad
1327 4015 1491 4070 Deum
1511 4013 1803 4087 confugiat,
1829 4021 1884 4067 ut
1909 4012 1974 4068 sit

393 4140 566 4180 uerax.
610 4119 752 4175 Dixit
791 4115 1007 4187 quidam
1050 4114 1101 4166 in
1145 4109 1337 4166 ecstasi
1387 4123 1512 4175 sua,
1560 4107 1696 4162 sicut
1740 4105 1970 4176 legistis,

395 4217 535 4273 sicut
577 4209 843 4267 audistis:
880 4205 1056 4261 Omnis
1095 4204 1243 4256 homo
1287 4200 1521 4254 mendax.
1574 4197 1702 4254 Inde
1747 4196 1844 4252 fuit
1885 4197 1975 4266 qui

397 4323 505 4364 non
533 4302 814 4366 credebat,
843 4297 944 4351 nisi
967 4296 1225 4365 tetigisset
1269 4306 1462 4360 corpus
1492 4288 1718 4343 Domini.
1759 4287 1975 4342 Menda-

399 4403 539 4458 cium
565 4399 614 4452 ei
645 4393 940 4454 videbatur,
965 4387 1105 4460 quod
1133 4383 1479 4452 condiscipuli
1515 4381 1632 4451 ejus
1656 4395 1839 4435 verum
1894 4380 1976 4435 Io-

395 4493 694 4566 quebantur
725 4505 737 4540 τ
773 4494 828 4539 et
855 4497 1038 4553 parum
1072 4478 1142 4532 illi
1169 4484 1284 4532 erat
1318 4473 1595 4529 veritatem
1635 4470 1848 4539 audire,
1883 4486 1979 4566 vo-

399 4565 542 4644 lebat
567 4592 621 4638 et
650 4591 883 4649 tangere.
918 4571 1169 4629 Exhibuit
1198 4578 1374 4624 autem
1401 4567 1474 4623 illi
1505 4566 1605 4622 hoc
1633 4565 1886 4620 Dominus
1927 4565 1980 4619 in

403 4681 489 4735 his
538 4690 657 4746 qua:
699 4677 988 4739 sequuntur
1032 4665 1083 4718 in
1141 4659 1428 4730 Evangelia
1481 4666 1660 4728 postea
1711 4655 1980 4712 recitanda

410 4769 588 4842 (Joan.
614 4781 711 4828 xx,
737 4758 951 4827 ‘25-‘27).
979 4757 1306 4824 Quicumque
1353 4759 1530 4805 autem
1567 4749 1750 4842 audit,
1804 4748 1983 4842 Omnis

405 4840 555 4915 homo
581 4855 830 4918 mendax,
879 4864 986 4904 non
1030 4862 1089 4902 se
1134 4845 1293 4900 debet
1334 4843 1555 4912 figerere
1597 4841 1650 4896 in
1672 4840 1979 4907 mendacio,

468 5057 543 5130 (a)
573 5052 733 5103 Prodit
753 5059 882 5098 nunc
903 5045 1108 5130 primum
1128 5054 1220 5130 ἐξῆ
1220 5037 1381 5089 veteri
1404 5032 1530 5086 libro
1557 5035 1862 5098 Floriacensl,
1894 5035 1986 5088 de-

402 5101 588 5174 mitto
604 5101 718 5164 ante
741 5101 1236 5174 aans'circiter-SOO.
1322 5163 1333 5174 _
1362 5173 1369 5174 ί
1401 5160 1412 5174 9
1550 5173 1581 5174 γέ
1612 5159 1680 5174 Α
1884 5161 1894 5174 ο
1942 5162 1952 5174 .

466 5159 885 5244 unauana
907 5167 1102 5244 τε.ξὲᾳὲεέ
1113 5160 1455 5244 ἓξὲἒἾὲνὲἓΞξξ
1461 5159 1592 5244 Eb?
1612 5159 1990 5244 El9SE°SP§N1§

404 5221 667 5306 ιρεξίιῖιῐιῐιῑ
677 5221 896 5306 ὲὲίιίυειν.
910 5249 932 5275 α
948 5234 1191 5306 tractatas
1205 5225 1298 5306 “ille
1317 5221 1990 5306 £9"3F'."2i:_99‘€£‘33353239

412 5283 743 5354 ἵξῃ-ἵῶᾙτνίἇώ
771 5283 1100 5354 bauéw,.um,_»
1145 5288 1279 5354 Diem
1317 5286 1382 5334 ibi
1406 5283 1671 5354 intelliges
1705 5283 1989 5354 dominicam

439 5347 728 5417 ostiavscba.
756 5368 864 5406 nam
882 5352 1114 5417 sermoiu
1134 5350 1307 5417 eodem
1329 5347 1494 5417 codice
1513 5348 1732 5417 proxime
1756 5353 1868 5395 ante
1890 5347 1992 5395 col-

425 5409 620 5486 ὄοῐιίιξξ
633 5409 784 5486 linem
813 5429 958 5486 ξιξννει
981 5413 1149 5463 ordine
1174 5409 1779 5486 ῧβιῐοευίηιυδνέἓὲάὲω.
1802 5417 1992 5486 Ποὲἲέίυν

415 5470 749 5541 ἷῖιΞῘῆἶῖιε-’ᾱὶθ
771 5470 997 5530 sabbato:
1015 5492 1036 5520 »
1060 5472 1249 5525 tametsi
1272 5470 1356 5520 ille
1376 5483 1541 5542 se,ng
1666 5472 1730 5520 sit
1751 5471 1814 5519 de
1829 5471 1995 5542 ultima

409 5531 862 5604 {calidae—Joannis;
887 5543 978 5591 iste
1003 5545 1356 5604 autemmsermo
1382 5531 1776 5604 257in_die_non
1813 5533 1995 5585 ultimae

412 5594 654 5667 iééiiaiiis'
674 5594 1004 5671 pronuntiatus
1046 5596 1363 5670 signiﬁcetur,
1386 5610 1436 5671 ιι.
1477 5594 1523 5668 2.
1550 5596 1997 5671 Lectionem__porro

413 5661 551 5728 hanc
579 5661 691 5723 non.
714 5667 931 5718 ultimam
967 5663 1160 5712 Joannis
1195 5673 1256 5707 ex
1296 5661 1455 5728 capite
1483 5661 1720 5728 vigesiqu
1743 5661 1995 5710 recitatam

415 5719 568 5790 "fuge
580 5719 658 5784 'ih’
669 5719 751 5782 die
773 5729 1008 5778 dominica
1037 5731 1309 5773 octavarum
1329 5719 1516 5771 Pascite:
1543 5719 1791 5784 intelliges
1815 5736 1878 5772 ex
1895 5739 2001 5774 θυι.-

416 5815 562 5854 mone
580 5797 694 5858 259,
716 5807 766 5843 ιι.
793 5791 836 5840 1.

699 5885 924 5948 Sanus.
973 5883 1245 5940 Aunus'r.
1299 5875 1368 5935 V.

1707 297 1934 356 SERMO
1968 295 2211 356 GCLVII.
2233 345 2236 350 .

3505 307 3639 363 1194

2060 421 2112 468 et
2142 413 2282 470 nolle
2332 414 2454 471 inde
2499 431 2752 488 surgere,
2785 425 3033 492 tanquam
3079 421 3382 479 ratiocinari
3409 424 3550 496 apud
3577 439 3638 480 se

2057 505 2316 561 rationem
2343 506 2588 576 inaniter,
2620 518 2868 582 tanquam
2897 513 3056 570 homo
3097 515 3354 583 mendax,
3387 526 3440 572 et
3463 517 3642 573 dicere

2056 595 2156 651 sibi
2186 613 2198 649 :
2223 597 2444 664 Quando
2473 617 2580 656 non
2605 619 2696 658 ero
2722 603 2920 660 homo?
2946 605 3004 662 Si
3046 615 3224 663 autem
3260 609 3512 680 quamdiu
3553 608 3638 663 hic

2057 700 2175 742 sum
2201 688 2397 753 homo,
2443 709 2535 747 ero
2562 693 2821 764 mendax;
2854 699 3044 754 melius
3085 714 3183 770 ego
3227 701 3455 756 mendax
3505 715 3638 768 ero,

2057 797 2217 853 quam
2266 787 2551 842 mentiatur
2594 789 2865 860 Scriptura
2917 809 3036 864 quae
3059 793 3224 862 dicit,
3268 793 3446 850 Omnis
3493 794 3642 849 homo

2057 877 2295 932 mendax.
2325 878 2380 935 Si
2410 881 2554 935 enim
2581 897 2679 952 ego
2721 899 2877 938 verax
2900 927 2913 950 ,
2956 885 3228 955 Scriptura
3259 885 3491 942 mendax
3519 886 3639 941 erit.

2058 967 2164 1024 Sed
2213 971 2336 1040 quia
2381 971 2654 1042 Scriptura
2709 975 2934 1030 mendax
2963 991 3084 1032 esse
3134 991 3240 1031 non
3289 984 3496 1046 potest,
3542 991 3643 1046 ego

2057 1061 2288 1116 mendax
2316 1078 2430 1118 ero.
2460 1063 2586 1118 Haec
2623 1065 2694 1119 ibi
2739 1069 2978 1136 garriens
3027 1068 3364 1138 requiescere
3403 1067 3504 1122 sibi
3550 1081 3644 1122 se-

2058 1167 2220 1208 curus
2250 1154 2477 1221 videtur,
2504 1163 2753 1226 tanquam
2781 1158 2831 1214 in
2862 1169 3016 1227 portu
3047 1159 3344 1226 mendacii,
3376 1158 3462 1214 ubi
3488 1157 3646 1214 faciat
3721 1141 3727 1148 ’

2059 1244 2415 1316 naufragium.
2473 1247 2615 1303 Bene
2673 1248 2763 1304 tibi
2819 1249 3186 1319 requiescere,
3233 1250 3383 1322 quasi
3438 1250 3490 1304 in
3544 1251 3648 1304 isto

2059 1347 2219 1406 portu
2239 1378 2253 1403 ,
2280 1339 2571 1409 cupiebas;
2600 1339 2722 1394 audi
2755 1341 3068 1410 scopulum,
3096 1341 3147 1394 in
3174 1357 3329 1412 quem
3359 1341 3600 1396 incurras
3630 1358 3643 1393 :

2061 1427 2256 1485 Perdes
2291 1449 2462 1487 omnes
2488 1434 2575 1505 qui
2610 1434 2884 1503 loquuntur
2912 1433 3229 1488 mendacium
3271 1435 3441 1505 (Psal.
3468 1451 3501 1488 v
3522 1476 3536 1499 ,
3569 1434 3644 1504 7).

2061 1522 2128 1578 Et
2157 1524 2276 1578 ista
2322 1525 2594 1596 Scriptura
2637 1527 2728 1582 Dei
2766 1535 2849 1581 est
2869 1567 2882 1592 ,
2911 1541 3029 1596 quae
3053 1525 3216 1594 dicit,
3240 1525 3434 1582 Perdes
3479 1543 3650 1582 omnes

2058 1617 2144 1686 qui
2207 1617 2483 1687 loquuntur
2530 1620 2868 1674 mendacium.
2921 1618 3064 1689 Ergo
3112 1634 3299 1674 omnes
3346 1619 3651 1690 perditurus

2061 1719 2142 1764 est
2164 1751 2177 1773 ,
2205 1711 2325 1780 quia
2359 1709 2536 1766 Omnis
2561 1713 2710 1766 homo
2736 1713 2972 1767 mendax.
2995 1712 3098 1768 Sed
3123 1711 3250 1782 quid
3275 1711 3428 1767 nobis
3447 1711 3650 1767 dictum

2060 1802 2183 1856 est?
2207 1802 2332 1872 quid
2360 1804 2615 1859 admoniti
2643 1804 2865 1860 sumus?
2903 1805 3037 1873 Quia
3065 1805 3133 1861 de
3159 1813 3346 1861 nostro
3370 1804 3652 1860 mendaces

2061 1907 2268 1947 sumus.
2297 1894 2353 1948 Si
2385 1904 2562 1949 autem
2594 1911 2810 1951 veraces
2848 1911 2969 1952 esse
3017 1897 3293 1963 volumus,
3345 1897 3410 1951 ad
3468 1897 3648 1951 Domi-

2063 2001 2189 2040 num
2216 1986 2602 2058 confugiamus.
2631 1989 2704 2045 De
2731 1989 2872 2045 illius
2894 2004 3112 2046 veraces
3127 2005 3312 2047 sumus
3331 2031 3348 2058 ,
3372 1990 3441 2047 de
3470 1998 3655 2046 nostro

2065 2077 2374 2133 mendaces.

2135 2171 2186 2224 5.
2233 2169 2415 2225 Petrus
2436 2173 2652 2227 mendax
2676 2190 2706 2226 a
2725 2191 2778 2228 se
2797 2174 2928 2245 ipso,
2959 2191 3112 2230 uerax
3136 2174 3232 2229 Dei
3261 2176 3518 2246 beneﬁcio.
3545 2177 3656 2232 Au-

2063 2259 2172 2316 dite
2202 2261 2304 2318 hoc
2330 2277 2438 2319 uno
2469 2266 2715 2334 exemplo
2734 2307 2748 2332 ,
2777 2265 2923 2322 brevi
2962 2276 3017 2322 et
3058 2283 3252 2338 magno
3282 2286 3296 2322 :
3324 2268 3507 2334 brevi,
3534 2271 3656 2338 quia

2065 2355 2173 2409 cito
2214 2355 2443 2422 dicitur;
2477 2372 2668 2427 magno
2690 2400 2705 2425 ,
2735 2360 2859 2428 quia
2887 2359 3158 2430 sapienter
3185 2361 3523 2430 appenditur.
3551 2361 3657 2416 Pe-

2073 2456 2185 2500 trus
2239 2463 2374 2502 unus
2425 2449 2660 2503 ostendit
2702 2449 2806 2504 hoc
2845 2450 2986 2520 quod
3037 2451 3156 2506 volo
3186 2452 3382 2507 dicere.
3433 2452 3658 2522 Quando

2064 2538 2199 2593 dixit
2225 2539 2453 2594 Domino
2481 2537 2692 2595 Christo
2712 2582 2726 2606 ,
2759 2540 2833 2594 Tu
2860 2558 2912 2596 es
2937 2542 3171 2598 Christus
3203 2542 3372 2598 Filius
3402 2543 3499 2598 Dei
3527 2544 3622 2597 uiui
3639 2559 3658 2599 :

2066 2630 2192 2700 quid
2220 2631 2528 2700 respondit?
2548 2631 2736 2687 Beatus
2757 2649 2807 2686 es
2826 2675 2841 2700 ,
2869 2633 3048 2688 Simon
3077 2633 3354 2689 Bar-Jona
3377 2677 3391 2701 ,
3411 2636 3529 2706 quia
3557 2652 3659 2688 non

2067 2723 2156 2776 tibi
2186 2723 2419 2778 reuelauit
2466 2740 2585 2777 caro
2615 2734 2662 2777 et
2690 2725 2927 2797 sanguis,
2974 2725 3062 2780 sed
3114 2725 3271 2780 Pater
3313 2743 3452 2781 meus
3494 2728 3579 2797 qui
3607 2728 3661 2780 in

2069 2814 2208 2869 caelis
2238 2824 2330 2870 est.
2362 2816 2554 2870 Verum
2583 2816 2794 2884 dixisti,
2825 2817 2920 2873 sed
2949 2833 3052 2872 non
3078 2818 3146 2874 de
3169 2827 3278 2872 tuo.
3309 2818 3460 2874 Unde
3492 2819 3660 2888 ergo?

2070 2906 2226 2960 Pater
2246 2925 2384 2962 meus
2408 2909 2497 2977 qui
2526 2908 2577 2961 in
2598 2909 2734 2962 cwlis
2761 2917 2851 2974 est,
2882 2909 2970 2962 tibi
2990 2910 3242 2962 reuelauit.
3278 2909 3405 2964 Inde
3436 2909 3624 2964 beatus
3644 2950 3657 2969 .

2070 3000 2192 3068 quia
2222 2999 2288 3054 de
2317 2999 2452 3064 Dei;
2485 3015 2592 3055 non
2619 3000 2719 3053 nisi
2762 3000 2924 3056 miser
2951 3001 3018 3056 de
3055 3009 3170 3056 tuo.
3224 3001 3353 3056 Post
3396 3001 3539 3066 hanc,
3573 3002 3662 3055 ubi

2069 3091 2119 3146 ei
2155 3091 2412 3146 Dominus
2437 3091 2510 3144 ait
2534 3133 2548 3156 ,
2579 3090 2768 3146 Beatus
2794 3109 2872 3157 es,
2898 3093 3020 3164 quia
3038 3108 3137 3146 non
3170 3092 3256 3145 tibi
3276 3092 3509 3146 reuelauit
3539 3108 3660 3146 caro

2070 3191 2116 3236 et
2157 3189 2400 3254 sanguis,
2431 3182 2519 3237 sed
2549 3181 2705 3238 Pater
2729 3199 2866 3238 meus
2907 3184 2994 3255 qui
3016 3184 3068 3237 in
3107 3183 3243 3238 caelis
3273 3191 3378 3248 est;
3406 3192 3526 3252 post
3549 3182 3664 3237 btec

2069 3273 2232 3329 verba
2250 3313 2266 3340 ,
2295 3275 2458 3345 ccepit
2487 3275 2741 3328 Dominus
2785 3274 3030 3329 Christus
3069 3274 3427 3344 praenuntiare
3456 3275 3663 3343 passio-

2073 3383 2196 3424 nem
2223 3376 2278 3422 et
2319 3377 2545 3422 mortem
2588 3382 2758 3421 suam.
2791 3367 2867 3422 Ibi
2896 3367 3152 3422 continuo
3192 3366 3382 3421 Petrus
3413 3384 3426 3419 :
3454 3365 3595 3420 Absit
3633 3383 3666 3419 a

2073 3467 2149 3526 te,
2183 3457 2417 3512 Domine.
2469 3457 2646 3512 Omnis
2691 3459 2840 3512 homo
2870 3458 3108 3512 mendax.
3162 3459 3298 3512 Ecce
3343 3459 3497 3527 paulo
3543 3466 3665 3511 ante

2074 3549 2268 3605 Petrus
2295 3565 2452 3605 verax
2473 3593 2487 3616 ,
2520 3566 2646 3604 ecce
2687 3550 2845 3604 modo
2881 3551 3070 3605 Petrus
3111 3550 3359 3604 mendax.
3388 3549 3492 3604 Sed
3526 3550 3664 3604 unde

2076 3641 2266 3696 Petrus
2313 3641 2508 3695 verax?
2551 3639 2672 3694 Non
2727 3641 2814 3695 tibi
2868 3642 3103 3696 reuelauit
3151 3659 3269 3696 caro
3320 3651 3364 3696 et
3421 3644 3661 3713 sanguis,

2075 3733 2163 3788 sed
2221 3731 2374 3787 Pater
2419 3750 2555 3788 meus
2592 3735 2675 3805 qui
2718 3734 2771 3788 in
2815 3733 2954 3789 caelis
3005 3745 3095 3789 est.
3130 3734 3280 3790 Unde
3309 3735 3497 3790 Petrus
3519 3752 3664 3791 men--

2076 3826 2220 3879 dux?
2278 3825 2406 3880 Redi
2462 3836 2571 3896 post
2621 3844 2731 3890 me,
2781 3837 3026 3891 satanas;
3077 3843 3177 3880 non
3223 3828 3352 3880 enim
3385 3828 3521 3896 sapis
3555 3843 3668 3897 qum

2078 3919 2174 3973 Dei
2199 3919 2463 3985 sunt,sed
2513 3935 2626 3988 qua:
2675 3929 2791 3973 sunt
2843 3920 3106 3974 hominum
3157 3920 3366 3988 (Matth.
3425 3923 3662 3987 xv1,l6,

2083 4013 2169 4078 l7,
2197 4012 2288 4078 2‘2,
2319 4011 2438 4084 25).
2497 4012 2673 4066 Omnis
2701 4015 2848 4066 homo
2879 4014 3113 4068 mendax.
3160 4015 3366 4068 Dictum
3415 4024 3498 4070 est
3538 4030 3667 4086 ergo

2083 4090 2267 4170 nobis,
2300 4103 2477 4158 Omnis
2506 4106 2654 4158 homo
2681 4107 2930 4172 mendax,
2975 4115 3032 4160 ut
3058 4106 3324 4176 fugiamus
3355 4121 3452 4162 nos
3482 4107 3627 4176 ipsos
3650 4149 3665 4175 ,

2082 4206 2136 4253 et
2164 4212 2441 4253 curramus
2467 4197 2532 4252 ad
2559 4198 2723 4252 Deum
2749 4239 2764 4263 ,
2793 4197 2882 4268 qui
2911 4198 3055 4253 solus
3081 4207 3163 4253 est
3189 4213 3372 4254 verax.

2561 4333 2791 4389 SERMO
2829 4334 3072 4390 CCLVIII
3096 4335 3192 4410 (a).

2081 4432 2133 4475 tn
2168 4425 2346 4476 diebus
2381 4424 2715 4486 Paschalibus,
2763 4439 2899 4475 xxix.
2945 4435 3097 4484 Quem
3149 4427 3275 4478 dixit
3318 4427 3378 4477 ad
3425 4427 3670 4477 basilicam

2711 4490 2935 4552 Maiorem
2959 4489 3053 4552 (ὁ).

2214 4593 2287 4650 De
2316 4611 2460 4650 uersu
2488 4594 2684 4649 Psalmi
2706 4611 2873 4660 cxvu,
2906 4594 2996 4659 24,
3030 4597 3124 4650 llic
3152 4605 3236 4651 est
3254 4595 3369 4651 dies
3389 4610 3545 4666 quem

2659 4681 2781 4735 fecit
2832 4681 3105 4736 Dominus.

2163 4795 2212 4847 I.
2235 4792 2356 4848 Dies
2375 4810 2405 4846 a
2430 4793 2645 4848 Domino
2674 4796 2838 4866 [actus
2861 4793 3047 4848 Christi
3074 4793 3300 4846 Ecclesia
3326 4809 3388 4847 ex
3410 4790 3609 4846 ludatis
3627 4805 3671 4846 et

2093 4885 2352 4941 Gentibus.
2378 4886 2529 4953 Quod
2559 4887 2887 4941 cantavimus
2909 4886 3038 4947 Deo.
3066 4883 3168 4938 llic
3194 4894 3264 4938 est
3288 4886 3392 4939 dies
3411 4885 3675 4956 quemfecil

2093 4977 2345 5032 Dominus
2365 5021 2378 5044 ,
2411 4978 2532 5032 hinc
2555 4978 2832 5047 loquamur
2859 4977 2999 5047 quod
3030 4977 3257 5032 dederit.
3288 4976 3384 5030 Hic
3405 4975 3676 5046 Scriptura

2094 5076 2277 5142 utique
2304 5071 2609 5141 prophetica
2648 5071 2847 5140 aliquid
2879 5086 2974 5124 nos
3005 5069 3306 5140 intelligere
3334 5070 3533 5133 voluit,
3584 5070 3678 5122 ali-

2095 5180 2253 5234 quem
2278 5164 2418 5218 diem
2463 5180 2566 5218 non
2623 5164 2923 5232 vulgarem,
2970 5177 3078 5216 non
3122 5163 3464 5232 conspicuum
3514 5162 3682 5216 oculis

2097 5257 2294 5319 carnis,
2314 5270 2420 5310 non
2449 5271 2571 5312 eum
2601 5255 2738 5309 diem
2768 5254 2855 5324 qui
2882 5253 3054 5308 oritur
3074 5261 3130 5308 et
3157 5253 3383 5320 occidit,
3411 5252 3506 5308 sed
3536 5252 3677 5306 diem

2163 5414 2234 5474 (a)
2253 5415 2406 5462 Prodit
2428 5425 2555 5461 nunc
2575 5412 2779 5474 primum
2797 5423 2862 5460 ex
2885 5409 3168 5460 Floriaeensi
3181 5409 3306 5460 libro
3319 5422 3462 5472 supra
3477 5408 3681 5474 laudato.

2163 5472 2235 5537 (ὁ)
2262 5475 2443 5524 't'itulus
2480 5472 2831 5537 inhexemplari
2855 5474 3180 5537 manuscripto
3205 5479 3298 5530 est.
3329 5491 3351 5518 (ι
3373 5472 3688 5537 Incipitaliits

2100 5533 2289 5596 sermo,
2329 5549 2476 5597 quem
2512 5535 2636 5583 dixit
2678 5533 2738 5582 ad
2778 5533 3044 5597 basilicam,
3067 5533 3304 5597 majorem,
3331 5533 3503 5584 eadem
3531 5535 3630 5591 die,
3659 5552 3678 5574 κ»

2052 5622 2057 5627 ·
2102 5601 2276 5668 supple
2324 5596 2596 5668 «dominica
2624 5611 2635 5644 :
2663 5613 2686 5668 ιζ
2716 5598 2956 5668 siquidem
2980 5596 3046 5646 ibi
3070 5596 3685 5668 subsequitursernmnmn

2103 5659 2175 5722 sui
2197 5659 2407 5710 eriorem
2431 5659 2544 5707 «die
2563 5659 2833 5708 dominica»
2868 5667 3200 5722 praenotatum.
3227 5659 3274 5707 In
3299 5659 3544 5722 basilicam
3571 5672 3688 5705 vero

2113 5747 2133 5769 (Α
2160 5720 2287 5772 illam
2311 5723 2550 5784 Maiorem,
2574 5738 2606 5784 »ί
2626 5734 2715 5770 seu
2740 5720 2879 5771 forte
2895 5745 2916 5766 ιι
2942 5723 3181 5784 Maiorum,
3201 5738 3222 5766 »
3271 5734 3382 5784 quae
3419 5720 3543 5784 apud
3565 5729 3691 5784 gar-

2113 5791 2192 5838 ilia
2214 5781 2509 5842 "memerat,
2533 5783 2643 5834 vide
2668 5790 2828 5833 notam
2851 5784 2922 5846 (ὁ)
2945 5781 3305 5833 ειιέειιιιιοιιοιιί
3331 5783 3407 5840 19,
3433 5781 3525 5831 eol.
3561 5781 3660 5828 133.

2917 5869 3413 5943 {Trente-huit.)
