4056 6428
457 350 598 410 1195

458 473 548 545 qui
576 472 753 544 potuit
777 470 918 528 scire
947 469 1162 538 ortum,
1208 468 1417 525 nescire
1443 479 1713 523 occasum.
1760 467 2048 524 Videamus

457 563 601 636 quod
626 577 785 634 supra
807 561 1022 618 dixerat.
1035 560 1177 616 idem
1203 560 1482 617 Psaimus:
1513 559 1759 632 Lapidem
1782 576 1926 631 quem
1968 575 2048 613 re-

457 657 792 729 probaeerunt
804 655 1132 726 wdiﬁcantes,
1161 654 1241 708 hic
1265 659 1430 726 factus
1446 663 1518 709 est
1538 655 1590 708 in
1607 663 1761 726 caput
1780 653 1978 725 anguli.
2002 651 2048 706 Α

455 746 676 803 Domino
697 748 862 818 factus
885 757 979 815 est,
1004 748 1097 801 iste
1123 755 1198 802 est
1222 746 1468 800 mirabilis
1482 747 1536 800 in
1558 746 1718 801 oculis
1742 744 1942 800 nostris.
1977 742 2048 798 Et

452 839 715 909 sequitur,
737 839 888 894 Hices
907 839 1032 893 tdies
1049 855 1194 909 quem
1211 839 1326 910 fecit
1342 837 1611 892 Dominus.
1627 837 1916 892 Exordi'um
1939 833 2046 889 dici

455 931 612 1002 hujus
640 945 672 986 a
699 930 872 1002 lapide
899 931 1135 1001 angulari
1156 943 1447 985 sumamus.
1469 930 1598 996 Quis
1617 929 1850 998 estiapis
1875 939 2045 996 angu-

455 1023 604 1092 laria,
627 1039 784 1094 quem
815 1025 1233 1094 reprobavcrunt
1259 1020 1562 1078 ludseorum
1593 1020 1874 1076 doctores?
1890 1017 2046 1088 Legis

453 1114 597 1170 enim
623 1115 782 1184 periti
819 1114 1066 1170 doctores
1091 1113 1397 1170 Judzeorum
1425 1113 1848 1184 reprobaverunt
1880 1125 2003 1166 eum
2023 1150 2040 1176 ,

454 1205 722 1262 dicentes:
746 1205 865 1260 Non
887 1218 956 1262 est
975 1208 1068 1262 iste
1086 1224 1117 1260 a
1143 1205 1273 1273 Deo,
1300 1207 1386 1278 qui
1413 1207 1560 1262 solvit
1579 1205 1839 1260 sabbatum
1861 1203 2036 1273 (Joan.

454 1311 538 1360 ts,
569 1299 681 1369 i6).
712 1298 827 1353 Jam
852 1299 1094 1367 dixistis,
1129 1298 1249 1353 Non
1294 1309 1366 1352 est
1391 1299 1483 1354 iste
1532 1314 1565 1352 α
1607 1293 1743 1363 Deo,
1784 1297 1872 1370 qui
1898 1295 2046 1350 solvit

454 1391 737 1447 sabbatum.
785 1391 1030 1461 Lapidem
1076 1408 1222 1462 quem
1266 1393 1654 1463 reprobaverunt
1697 1389 2040 1460 wdiﬁcantes,

455 1482 539 1537 hic
569 1487 734 1556 factus
761 1496 832 1539 est
867 1487 919 1538 in
949 1494 1100 1554 caput
1127 1487 1323 1556 anguli.
1361 1484 1639 1554 Quomodo
1667 1485 1717 1538 in
1747 1492 1906 1553 caput
1943 1497 2042 1536 an-

455 1575 606 1646 guli?
635 1577 813 1645 Quare
837 1577 1106 1648 anguiaris
1138 1578 1272 1648 lapis
1297 1578 1472 1634 dictus
1495 1585 1578 1634 est
1605 1576 1883 1632 Christus?
1911 1575 2044 1643 Quia

456 1669 632 1722 omnis
660 1670 883 1738 angulus
908 1669 1043 1723 duos
1066 1669 1294 1739 parietes
1318 1670 1384 1724 de
1409 1670 1620 1724 diverso
1650 1668 1910 1738 pacliicat.
1942 1666 2046 1721 Ve-

457 1766 654 1812 nerunt
673 1759 910 1828 Apostoii
938 1760 1006 1814 de
1031 1761 1438 1815 circumcisione
1455 1801 1470 1826 ,
1502 1769 1761 1814 venerunt
1789 1759 1854 1812 de
1885 1765 2044 1828 gente

455 1850 795 1918 Iudaeorum;
825 1861 1084 1907 venerunt
1111 1851 1236 1907 inde
1261 1861 1314 1908 et
1345 1853 1447 1906 illae
1487 1851 1651 1906 turbae
1699 1866 1817 1920 qum
1846 1864 2046 1919 praece-

458 1944 658 2001 debant
683 1952 736 1999 et
761 1945 1120 2015 sequebantur
1141 1946 1440 2016 jumentum
1464 1945 1583 2014 ejus
1599 1985 1614 2011 ,
1643 1942 1883 1998 dicentes
1901 1941 2044 2011 quod

457 2038 514 2094 in
543 2038 644 2093 hoc
669 2038 788 2108 ipso
809 2039 1018 2093 Psalmo
1043 2048 1127 2094 est
1149 2080 1164 2106 ,
1194 2038 1493 2092 Benedictus
1519 2038 1601 2104 qui
1617 2037 1747 2090 uenit
1772 2037 1824 2089 in
1844 2036 2043 2089 nomine

457 2128 667 2185 Domini
690 2129 904 2200 (Matth.
938 2146 1050 2195 xxi,
1080 2130 1134 2196 9,
1169 2140 1214 2183 et
1257 2128 1404 2184 Psal.
1429 2144 1594 2192 cxvu,
1621 2127 1737 2197 26).
1769 2126 2044 2180 Venerunt

461 2221 592 2278 inde
620 2229 700 2277 tot
721 2221 977 2277 Ecclesia:
1001 2264 1015 2288 ,
1057 2222 1124 2276 de
1150 2221 1344 2292 quibus
1363 2221 1494 2276 dicit
1517 2221 1788 2289 apostolus
1806 2219 2005 2274 Paulus
2022 2259 2036 2283 ,

464 2331 485 2366 ι
513 2314 677 2369 Eram
714 2313 930 2384 ignotus
961 2313 1092 2368 facie
1124 2311 1381 2368 Eceiesiis
1407 2312 1634 2378 Judzem,
1665 2325 1782 2382 quae
1825 2319 1948 2364 sunt
1991 2309 2043 2362 in

459 2404 672 2464 Christo
704 2424 718 2462 :
751 2416 952 2462 tantum
1001 2416 1178 2462 autem
1223 2406 1506 2461 audiebant
1543 2407 1667 2475 quia
1712 2404 1800 2460 ille
1827 2404 1914 2474 qui
1949 2401 2046 2456 ali-

459 2501 678 2572 quando
717 2516 815 2556 nos
861 2502 1302 2572 persequebatur,
1352 2513 1493 2554 nunc
1522 2498 1846 2568 evangelizat
1888 2495 2045 2548 [idem

459 2609 619 2664 quam
661 2594 945 2664 aliquando
992 2595 1263 2658 Vastabat;
1311 2601 1365 2648 et
1407 2594 1460 2646 in
1507 2607 1594 2646 me
1641 2589 2048 2660 magniﬁcahant

463 2684 632 2744 Deum
662 2704 681 2736 ι
736 2685 928 2759 (Colat.
956 2701 994 2752 ι,
1056 2685 1282 2755 22-24);
1339 2683 1542 2749 Judaei,
1589 2681 1685 2737 sed
1714 2682 2047 2735 adhaerentes

461 2776 694 2841 Christo,
729 2778 866 2831 sicut
894 2777 1131 2846 Apostoll
1153 2818 1167 2843 ,
1199 2775 1475 2829 venientes
1503 2782 1557 2827 et
1583 2771 1862 2827 credentes
1890 2767 2046 2834 Chri-

461 2877 566 2936 sto,
595 2879 648 2924 et
674 2885 836 2924 unum
876 2871 1132 2941 parietem
1181 2869 1455 2923 facientes.
1488 2865 1741 2921 Restabat
1783 2863 1916 2918 alius
1953 2878 2047 2934 pa-

460 2961 600 3027 ries,
634 2961 871 3016 Ecclesia
919 2961 986 3016 de
1033 2960 1294 3016 Gentibus
1324 2959 1544 3014 veniens
1575 2974 1588 3010 :
1622 2958 1936 3012 invenerunt
1964 2969 2041 3009 se.

461 3052 573 3106 Pax
620 3053 673 3106 in
721 3050 935 3108 Christo
955 3095 970 3120 ,
998 3054 1174 3106 unitas
1202 3053 1252 3105 in
1283 3049 1494 3106 Christo
1513 3090 1529 3116 ,
1557 3049 1647 3119 qui
1679 3048 1802 3104 fecit
1826 3057 2047 3116 utraque

462 3158 626 3197 unum
650 3141 866 3214 (Ep/tes.
899 3159 956 3209 ιι,
986 3143 1194 3212 11-22).
1221 3143 1338 3210 ipse
1363 3148 1446 3196 est
1469 3139 1584 3196 dies
1610 3155 1766 3210 quem
1793 3137 1915 3194 fecit
1943 3139 2049 3193 Do-

465 3232 663 3288 minus.
698 3233 888 3287 Totum
920 3231 1061 3288 diem
1092 3233 1326 3302 intellige
1348 3274 1363 3300 ,
1421 3238 1580 3302 caput
1617 3239 1670 3287 et
1695 3246 1889 3301 corpus
1917 3248 1931 3285 :
1959 3245 2048 3286 ca-

464 3333 560 3396 put
586 3323 831 3382 Christus
855 3367 868 3390 ,
917 3341 1112 3396 corpus
1141 3325 1399 3381 Ecclesia.
1449 3324 1554 3380 Iste
1597 3332 1679 3381 est
1719 3323 1835 3380 dies
1887 3338 2045 3395 quem

465 3416 590 3474 iecit
613 3415 892 3472 Dominus.

539 3507 594 3562 2.
625 3509 883 3580 Baptizati
912 3509 1019 3563 dies
1052 3525 1115 3563 ea:
1141 3508 1351 3563 tenebris
1388 3503 1796 3578 facti.‘Recolite
1822 3510 2046 3577 primam

465 3600 648 3655 mundi
696 3600 1075 3656 conditionem.
1115 3618 1134 3651 ο
1168 3600 1426 3655 Tenebra:
1469 3607 1623 3654 erant
1673 3611 1833 3668 super
1881 3598 2044 3669 abys—

465 3705 584 3746 sum
603 3730 620 3758 ,
649 3699 704 3746 et
727 3691 958 3762 Spiritus
981 3693 1073 3746 Del
1105 3691 1537 3760 superferebatur
1559 3706 1719 3760 super
1739 3705 1950 3760 aquam.
1983 3691 2048 3744 Et

466 3781 602 3838 dixit
632 3783 792 3849 Deus,
821 3784 937 3838 Fiat
956 3783 1043 3837 ius
1069 3798 1085 3836 :
1117 3792 1170 3837 et
1195 3782 1329 3836 facta
1357 3791 1439 3836 est
1465 3783 1573 3836 lux.
1610 3782 1677 3836 Et
1701 3781 1879 3836 divisit
1905 3782 2047 3835 Deus

466 3871 640 3929 lucem
670 3889 699 3927 a
743 3874 1010 3938 tenebris;
1047 3883 1102 3929 et
1146 3874 1319 3929 lucem
1348 3873 1556 3928 vocavit
1579 3873 1722 3928 diem
1745 3914 1761 3941 ,
1791 3874 2041 3928 tenebras

466 3973 644 4020 autem
671 3965 878 4020 vocavit
907 3975 1116 4020 noctem
1149 3985 1167 4018 ι
1203 3964 1354 4038 (Cen.
1388 3981 1424 4030 ι,
1451 3964 1598 4035 2-5).
1635 3963 1871 4034 Cogitate
1897 3974 2046 4019 tene-

468 4053 592 4111 bras
633 4055 854 4110 istorum
879 4098 896 4124 ,
937 4067 1220 4126 antequam
1266 4057 1508 4110 venirent
1555 4054 1621 4108 ad
1672 4055 2044 4110 remissionem

469 4154 828 4216 peccatorum.
879 4147 1137 4202 Tenebrzn
1181 4162 1306 4216 ergo
1355 4155 1506 4200 erant
1551 4160 1712 4214 super
1755 4146 2044 4217 abyssum,

467 4245 754 4306 antequam
781 4237 879 4290 ista
908 4238 927 4269 ⁸
955 4237 1181 4291 fuissent
1216 4236 1434 4290 dimissa
1474 4246 1711 4306 peccata.
1743 4235 1849 4291 Sed
1878 4236 2050 4306 Spiri-

470 4338 556 4385 tus
612 4331 703 4384 Dei
740 4330 1172 4400 superi‘erebatur
1222 4347 1379 4401 super
1417 4346 1580 4402 aquas
1614 4331 2048 4386 :descendcrunt

469 4422 557 4479 isti
602 4423 654 4477 in
698 4438 918 4494 aquam,
949 4439 1109 4493 super
1145 4440 1308 4494 aquas
1357 4423 1624 4478 ferebatur
1661 4423 1886 4494 Spiritus
1917 4424 2045 4491 Dei,

471 4517 642 4586 pulsa:
671 4501 796 4570 sunt
835 4516 1066 4571 tenebrae
1112 4524 1471 4585 peccatorum.
1503 4515 1604 4570 iste
1644 4523 1726 4570 est
1749 4515 1864 4569 dies
1890 4530 2048 4584 quem

469 4605 596 4661 fecit
626 4607 900 4663 Dominus.
923 4607 1056 4664 Huic
1083 4606 1188 4661 diei
1212 4608 1498 4676 Apostolus
1518 4607 1677 4662 dicit:
1701 4605 1892 4662 Fuistis
1915 4608 2050 4661 enim

465 4699 743 4770 aliquando
774 4700 1002 4766 tenebrae,
1032 4715 1164 4754 nunc
1200 4708 1368 4754 autem
1397 4699 1488 4753 lux
1510 4700 1562 4752 in
1591 4697 1810 4752 Domino
1833 4697 2046 4770 (Ephes.

471 4807 526 4855 τ,
557 4792 633 4864 8).
667 4792 930 4862 Numquid
974 4792 1138 4860 dixit,
1185 4793 1382 4848 Fuistis
1424 4793 1653 4850 tenebra:
1691 4791 1742 4846 in
1788 4791 2052 4848 Domino?

468 4882 710 4939 Tenebrae
733 4885 785 4939 in
809 4885 991 4952 vobis;
1025 4884 1114 4939 lux
1140 4886 1190 4939 in
1215 4885 1428 4940 Domino
1491 4883 1692 4936 Vocavit
1711 4892 1890 4939 autem
1908 4881 2048 4942 Deus

473 4977 635 5030 lucem
660 4976 832 5031 diem:
861 4977 980 5047 quia
1005 4977 1171 5047 ipsius
1199 4976 1366 5046 gratia
1397 4976 1451 5028 lit
1476 4975 1614 5044 quod
1643 4975 1722 5030 ﬁt.
1761 4976 1840 5030 llli
1871 4992 1967 5046 per
1994 4991 2053 5031 se

473 5068 619 5138 ipsos
636 5069 868 5123 tenebra:
900 5085 1020 5124 esse
1050 5075 1334 5140 potuerunt
1365 5085 1376 5118 :
1404 5067 1493 5121 lux
1522 5066 1654 5133 ﬁeri,
1677 5067 1776 5122 nisi
1800 5068 2054 5122 Dominus

471 5159 719 5225 iecisset,
743 5173 850 5213 non
878 5168 1180 5230 potuerunt.
1213 5159 1345 5226 Quia
1375 5160 1466 5212 iste
1507 5167 1579 5212 est
1625 5158 1734 5214 dies
1769 5175 1914 5230 quem
1937 5159 2056 5231 fecit

473 5248 724 5306 Dominus
751 5266 770 5304 :
801 5266 909 5306 non
940 5250 1050 5320 ipse
1079 5249 1222 5318 dies,
1248 5249 1340 5302 sed
1371 5248 1646 5303 Dominus.

546 5343 600 5398 3.
628 5341 850 5396 Thomas
875 5347 1034 5414 factus
1051 5342 1176 5396 dies.
1207 5341 1468 5412 Numquid
1487 5357 1591 5396 non
1613 5341 1772 5396 homo
1788 5339 2057 5395 eratTho-

475 5448 622 5501 mas,
654 5447 793 5490 unus
809 5433 878 5489 de
904 5433 1176 5504 discipulis
1197 5473 1215 5500 ,
1253 5434 1406 5503 quasi
1436 5432 1597 5488 homo
1623 5430 1692 5486 de
1734 5429 1922 5485 turba?
1961 5430 2054 5484 Di-

477 5525 666 5579 cebant
709 5526 758 5582 ei
803 5525 1146 5594 condiscipuli
1176 5524 1327 5594 ejus:
1369 5522 1598 5577 Vidimus
1643 5521 1938 5576 Dominum.
1988 5521 2057 5576 Et

477 5619 689 5675 dicebat
713 5621 863 5690 ipse:
894 5618 1010 5674 Nisi
1039 5619 1264 5689 tetigero,
1291 5618 1388 5673 nisi
1406 5617 1620 5688 digitum
1640 5615 1821 5677 usisero
1847 5615 1902 5671 in
1925 5616 2060 5671 latus

547 5817 1368 5882 summumsummum

1695 351 1754 408 s.
1794 333 2161 407 AUGusrist
2191 336 2490 406 ertscom

3591 347 3733 410 1196

2152 467 2280 535 ejus,
2330 479 2431 518 non
2469 462 2691 518 credam.
2735 460 3088 536 Evangelisim'
3130 461 3228 520 tibi
3275 463 3622 534 annuntiant,
3676 475 3731 522 et

2151 570 2256 610 non
2281 554 2473 610 credis.
2507 553 2640 625 ipsis
2668 553 2893 610 credidit
2917 553 3164 621 mundus,
3185 561 3242 610 et
3257 571 3361 610 non
3379 556 3731 612 creditdisci-

2151 648 2323 718 pulus.
2345 647 2418 704 De
2447 648 2573 718 ipsis
2588 648 2785 703 dictum
2799 657 2877 704 est
2901 667 2912 701 :
2939 648 3006 704 In
3031 663 3229 704 omnem
3241 657 3425 704 terram
3441 652 3559 705 m‘tt
3575 669 3735 707 sonus

2151 757 2344 806 eorum,
2363 752 2410 796 et
2423 743 2476 795 in
2487 743 2610 812 fines
2634 743 2767 796 orbis
2780 752 2924 797 terra
2938 743 3086 797 verba
3110 759 3284 799 eorum
3301 740 3632 816 (PsalJvm,
3649 747 3730 816 5).

2151 836 2549 903 Exeun‘t,verba
2571 845 2777 905 eorum,
2796 837 3289 908 perveniuntusque
3310 838 3361 892 in
3385 839 3519 894 lines
3545 847 3731 906 terrm;

2149 929 2318 984 credit
2353 935 2492 985 totus
2543 930 2769 986 mundus
2797 949 2811 986 :
2840 932 3154 986 annuntian‘t
3177 941 3362 987 omnes
3391 933 3517 999 uni,
3539 943 3593 988 et
3622 949 3733 988 non

2148 1021 2336 1077 credit.
2357 1022 2602 1077 Nondum
2628 1034 2744 1078 erat
2771 1022 2887 1079 dies
2911 1039 3069 1095 quem
3096 1023 3294 1080 fecerat
3319 1023 3592 1080 Dominus.
3617 1025 3734 1080 Ad.

2149 1113 2252 1168 huc
2293 1111 2524 1170 tenebrae
2548 1121 2698 1170 erant
2727 1115 2781 1170 in
2810 1117 3003 1188 abysso
3023 1158 3038 1184 ,
3068 1117 3121 1170 in
3148 1115 3505 1186 profunditate
3546 1115 3730 1173 cordis

2148 1206 2362 1262 humani
2379 1225 2392 1260 :
2408 1209 2638 1263 tenebrae
2660 1207 2729 1263 ibi
2754 1209 3121 1266 erant.Veniat
3135 1209 3245 1275 ille,
3265 1220 3423 1281 caput
3441 1209 3547 1267 diei
3571 1212 3734 1282 hujus

2149 1297 2363 1366 veniat,
2393 1307 2449 1353 et
2467 1299 2606 1352 dicat
2632 1301 2836 1369 patiens
2857 1342 2871 1364 ,
2900 1301 3070 1366 mitis,
3103 1319 3206 1356 non
3238 1304 3436 1369 iratus,
3465 1303 3587 1373 quia
3610 1321 3732 1360 me-

2145 1388 2294 1445 dicus
2327 1407 2341 1444 :
2373 1385 2534 1458 Veni,
2558 1390 2754 1461 inquit;
2776 1392 2898 1447 veni
2928 1401 3082 1464 tange
3106 1393 3236 1460 hoc,
3265 1403 3318 1450 et
3363 1395 3540 1450 crede.
3573 1396 3735 1452 Dixi-

2145 1483 2232 1546 sti,
2259 1481 2375 1538 Nisi
2391 1483 2615 1554 tetigero,
2638 1485 2736 1538 nisi
2755 1485 2965 1556 digitum
2987 1487 3184 1552 misero,
3210 1503 3308 1541 non
3331 1489 3552 1542 credam.
3571 1489 3732 1557 Veni,

2146 1581 2338 1642 tange;
2371 1575 2511 1626 mitte
2529 1573 2762 1644 digitum,
2781 1574 2949 1629 etnoli
2971 1593 3076 1630 esse
3094 1577 3400 1644 incredulus,
3428 1579 3517 1632 sed
3542 1579 3732 1644 ﬁdelis.

2146 1661 2314 1728 Veni,
2348 1663 2497 1718 mitte
2537 1663 2777 1734 digitum.
2829 1666 3074 1721 Sciebam
3115 1667 3332 1722 vulnera
3360 1678 3468 1734 tua,
3516 1670 3732 1724 servavi

2144 1754 2240 1809 tibi
2265 1755 2563 1810 cicatricem
2587 1773 2778 1811 meam.
2798 1757 2903 1814 Sed
2930 1760 3084 1828 plane
3100 1761 3314 1815 mittens
3342 1777 3556 1816 manum
3575 1775 3735 1817 suam

2145 1849 2428 1919 complevit
2481 1849 2658 1904 fidem.
2703 1851 2831 1918 Qua:
2883 1857 2966 1907 est
2996 1855 3139 1908 enim
3166 1851 3286 1908 ﬁdei
3316 1855 3629 1925 plenitudo?
3658 1854 3738 1911 Ut

2145 1957 2251 1996 non
2295 1941 2545 1998 credatur
2583 1943 2828 1998 Christus
2873 1952 3077 2000 tantum
3125 1945 3321 2014 homo,
3349 1963 3449 2003 nec
3474 1947 3739 2003 credatur

2145 2034 2388 2091 Christus
2455 2037 2819 2092 tantummodo
2875 2039 3047 2104 Deus,
3095 2038 3189 2094 sed
3258 2039 3417 2094 homo
3466 2051 3522 2095 et
3566 2041 3734 2095 Deus.

2146 2127 2262 2197 ipsa
2294 2138 2373 2182 est
2399 2126 2516 2182 fidei
2546 2129 2816 2198 plenitudo
2841 2131 2994 2200 :quia
3026 2130 3243 2185 Verbum
3269 2149 3388 2186 caro
3412 2136 3603 2204 factum
3629 2139 3732 2197 est,

2145 2229 2193 2272 et
2212 2217 2449 2272 habitavit
2477 2221 2529 2273 in
2554 2222 2696 2274 nobis
2719 2219 2900 2290 (.loan.
2928 2237 2964 2287 ι,
2996 2222 3107 2291 14).
3141 2223 3283 2292 Ergo
3310 2224 3410 2277 iste
3433 2222 3736 2292 discipulus

2146 2309 2338 2364 oblatis
2358 2308 2459 2363 sibi
2483 2311 2759 2380 tangendis
2782 2312 3120 2368 cicatricibus
3148 2321 3203 2368 et
3248 2315 3505 2369 membris
3539 2315 3736 2368 Salva-

2146 2401 2277 2456 toris
2303 2403 2414 2468 sui,
2456 2402 2545 2457 ubi
2593 2404 2791 2474 tetigit,
2829 2405 3180 2460 exclamavit:
3208 2405 3457 2461 Dominus
3495 2423 3638 2461 meus
3683 2416 3736 2461 et

2147 2490 2285 2545 Deus
2313 2508 2454 2546 meus
2484 2491 2592 2561 (id.
2629 2509 2720 2560 xx,
2749 2495 2936 2566 25—28)
2962 2498 2974 2550 Ξ
3001 2495 3279 2552 Hominem
3320 2500 3525 2569 tetigit,
3561 2500 3733 2555 Deum

2147 2584 2436 2654 cognovit:
2466 2593 2520 2639 et
2566 2585 2734 2654 tetigit
2772 2602 3023 2653 carnem,
3071 2590 3306 2659 respexit
3354 2590 3419 2644 ad
3450 2590 3734 2657 Verbum;

2147 2676 2270 2744 quia
2329 2674 2542 2729 Verbum
2586 2693 2705 2730 caro
2747 2679 2938 2747 factum
2986 2688 3088 2745 est,
3133 2690 3179 2733 et
3228 2679 3464 2734 habitavit
3484 2681 3538 2733 in
3565 2681 3732 2734 nobis.

2148 2765 2380 2820 Verbum
2403 2766 2505 2821 hoc
2533 2782 2746 2836 passum
2790 2778 2870 2822 est
2913 2785 3127 2824 carnem
3168 2787 3316 2825 suam
3368 2773 3622 2840 suspendi
3677 2773 3735 2827 in

2148 2857 2290 2928 ligno
2318 2873 2333 2912 :
2364 2857 2591 2912 Verbum
2625 2860 2725 2913 hoc
2754 2875 2965 2928 passum
3013 2870 3095 2914 est
3123 2862 3177 2915 in
3221 2877 3384 2917 carne
3426 2877 3522 2916 sua
3547 2863 3736 2917 clavos

2150 2950 2237 3020 ligi
2269 2967 2282 3003 :
2312 2948 2545 3004 Verbum
2597 2950 2697 3005 hoc
2739 2966 2950 3019 passum
2996 2961 3077 3006 est
3104 2966 3318 3006 carnem
3366 2967 3517 3007 suam
3547 2953 3736 3007 lancea

2149 3041 2459 3096 transforari
2483 3058 2498 3096 :
2523 3041 2752 3096 Verbum
2784 3041 2882 3096 hoc
2905 3057 3117 3111 passum
3145 3052 3227 3097 est
3247 3059 3462 3098 carnem
3489 3059 3644 3098 suam
3678 3044 3736 3097 in

2149 3134 2396 3202 sepulcro
2422 3133 2546 3203 poni
2561 3150 2575 3186 τ
2591 3133 2822 3190 Verbum
2845 3134 2943 3189 hoc
2966 3134 3529 3190 resuscitavitcarnem
3552 3153 3732 3201 suam,

2149 3225 2339 3279 obtulit
2385 3224 2686 3293 aspectibus
2726 3225 3104 3294 discipulorum
3153 3226 3468 3292 videndam,
3500 3228 3737 3298 prmbuit

2149 3315 2394 3370 manibus
2416 3307 2868 3369 contrectandam.
2893 3315 3156 3386 Tangunt,
3179 3317 3479 3371 exclamant
3495 3358 3512 3383 ,
3547 3317 3733 3371 Domi-

2151 3424 2246 3462 nus
2274 3422 2411 3461 meus
2435 3413 2484 3461 et
2511 3405 2651 3461 Deus
2689 3407 2858 3460 meus!
2896 3406 2996 3462 iste
3017 3415 3099 3462 est
3127 3406 3242 3463 dies
3280 3424 3436 3478 quem
3463 3406 3596 3464 fecit
3623 3407 3735 3464 Do-

2150 3496 2354 3553 minus.

2602 3607 2828 3665 senae
2873 3606 3074 3664 ccux
3113 3612 3132 3632 ο
3161 3608 3262 3679 (a).

2473 3747 2524 3792 tn
2545 3741 2627 3791 die
2648 3741 2889 3792 Dominico
2910 3747 3182 3792 octavarum
3204 3741 3413 3792 Pascha.

2223 3868 2277 3922 1.
2334 3865 2402 3921 In
2459 3869 2681 3939 futuram
2749 3869 2903 3920 vitam
2963 3883 3068 3921 esse
3130 3868 3270 3921 debet
3325 3867 3739 3926 Christianorum

2150 3959 2378 4013 intentio.
2438 3959 2732 4014 ilodiernus
2787 3959 2901 4014 dies
2954 3974 3146 4028 magno
3209 3971 3543 4016 sacramento
3615 3978 3740 4031 per-

2153 4063 2325 4123 petua:
2353 4052 2618 4108 felicitatis
2658 4063 2741 4109 est
2768 4054 2942 4108 nobis.
2995 4052 3110 4107 Non
3139 4054 3281 4108 enim
3324 4054 3458 4108 sicut
3486 4055 3592 4109 iste
3618 4055 3735 4110 dies

2154 4149 2471 4203 transiturus
2496 4155 2610 4209 est,
2643 4147 2720 4201 sic
2752 4147 3036 4201 transitura
3061 4156 3144 4202 est
3185 4155 3240 4202 et
3265 4147 3371 4200 vita
3411 4161 3574 4216 quam
3617 4147 3736 4203 dies

2153 4241 2254 4296 iste
2281 4239 2560 4310 signiﬁcat.
2583 4237 2783 4308 itaque,
2801 4238 3018 4302 fratres,
3031 4238 3379 4294 exhortamur
3396 4247 3450 4292 et
3477 4239 3736 4294 obsecra-

2153 4349 2272 4389 mus
2293 4347 2390 4388 vos
2413 4333 2466 4386 in
2493 4332 2708 4386 nomine
2737 4331 2945 4385 Domini
2989 4332 3157 4385 nostri
3195 4330 3320 4386 Jesu
3355 4331 3579 4399 Christi,
3612 4346 3738 4402 per-

2153 4443 2312 4498 quem
2342 4426 2495 4482 nobis
2513 4435 2728 4496 peccata
2757 4423 2974 4479 dimissa
2996 4436 3152 4490 sunt,
3180 4425 3281 4502 qui.
3305 4424 3471 4479 voluit
3504 4427 3735 4494 pretium

2153 4526 2393 4574 nostrum
2421 4531 2542 4574 esse
2569 4515 2878 4588 sanguinem
2905 4529 3061 4569 suum
3086 4557 3100 4580 ,
3133 4515 3223 4584 qui
3250 4529 3347 4569 nos
3377 4515 3629 4584 indignos
3647 4515 3734 4585 qui

2153 4611 2240 4666 vel
2266 4610 2406 4665 servi
2435 4609 2549 4678 ejus
2577 4609 2896 4675 diceremur,
2919 4607 3115 4664 fratres
3147 4609 3322 4663 facere
3343 4608 3593 4677 dignatus
3617 4619 3736 4675 est,

2154 4709 2213 4757 ut
2237 4701 2412 4756 omnis
2459 4701 2681 4755 intentio
2729 4709 2922 4766 vestra,
2979 4715 3143 4770 quare
3171 4698 3450 4753 christiani
3487 4702 3625 4754 estis
3647 4742 3661 4762 ,
3689 4708 3742 4754 et

2156 4809 2349 4849 nomen
2377 4793 2492 4863 ejus
2522 4794 2574 4847 in
2603 4792 2778 4847 fronte
2805 4802 2860 4848 et
2909 4793 2961 4847 in
2999 4791 3161 4847 corde
3191 4791 3435 4861 portatis,
3463 4807 3572 4844 non
3609 4791 3739 4846 diri-

2155 4894 2312 4956 gatur
2341 4885 2442 4940 nisi
2472 4884 2539 4939 ad
2564 4883 2706 4938 illam
2733 4884 2896 4938 vitam
2918 4924 2932 4948 ,
2954 4899 3074 4953 qua:
3102 4883 3254 4937 nobis
3279 4898 3402 4936 cum
3420 4882 3647 4951 Angelis
3665 4889 3742 4936 est

2160 4977 2328 5032 futura
2360 4995 2371 5029 :
2401 4977 2488 5032 ubi
2540 4984 2790 5046 perpetua
2839 4975 3020 5044 quies,
3052 4975 3372 5042 sempiterna
3403 4973 3612 5038 lauitia,
3659 4973 3740 5025 in-

2160 5068 2415 5123 delicicns
2446 5065 2714 5121 beatitudo
2733 5105 2750 5132 ,
2781 5065 2922 5119 nulla
2953 5065 3297 5136 perturbatio,
3324 5065 3466 5119 nulla
3502 5064 3739 5129 tristitia,

2161 5160 2304 5216 nulla
2331 5173 2492 5214 mors.
2521 5157 2689 5227 Quam
2717 5157 2877 5212 vitam
2905 5172 3062 5213 nosse
3089 5171 3192 5212 non
3223 5164 3479 5228 possunt,
3510 5156 3614 5211 nisi
3649 5156 3741 5227 qui

2164 5250 2508 5318 experiuntur
2537 5265 2551 5301 :
2578 5249 2808 5318 experiri
2837 5259 3012 5303 autem
3038 5264 3147 5314 non
3178 5258 3422 5317 poterunt
3441 5289 3456 5314 ,
3501 5250 3604 5303 nisi
3648 5264 3722 5318 qu

2165 5342 2408 5398 credunt.
2442 5342 2500 5397 Si
2551 5343 2694 5398 enim
2723 5342 2945 5413 exigatis
2989 5350 3047 5397 ut
3096 5343 3237 5412 quod
3287 5342 3438 5396 vobis
3481 5340 3754 5414 promittit

2167 5434 2341 5501 Deus,
2372 5433 2798 5488 demonstremus
2836 5433 2986 5489 vobis
3006 5473 3021 5498 ,
3066 5449 3173 5488 non
3200 5447 3504 5503 possumus.
3522 5431 3626 5488 Sed
3652 5446 3756 5484 au-

2167 5525 2320 5582 distis
2342 5525 2610 5597 quomodo
2647 5525 2910 5582 conclusit
2938 5525 3278 5598 Evangelium
3306 5524 3533 5582 Joannis
3561 5542 3576 5580 :
3602 5523 3757 5580 Beati

2230 5704 3297 5757 ‘Emendatusadm.r.vat.v.etldsinn.

2235 5791 2308 5853 (a)
2331 5788 2470 5851 Alias,
2500 5803 2562 5840 ex
2585 5787 2921 5839 Sirmondianis
2940 5787 3016 5839 19.

2250 5934 2278 5951 δ
