4056 6462
320 378 458 446 1197

320 502 403 579 qui
425 522 525 559 non
545 500 729 573 vident,
758 512 807 560 et
834 496 1043 560 credunt
1084 502 1261 579 (Idan.
1308 520 1400 575 xx,
1447 496 1562 577 29).
1615 502 1685 559 Et
1725 500 1910 559 videre

322 596 480 653 vultis
508 639 524 665 ,
551 608 603 653 et
625 613 745 668 ego.
776 597 982 653 Pariter
1001 592 1304 675 credamus,
1324 607 1378 655 et
1404 580 1561 654 simul
1587 596 1907 675 videbimusT

322 686 436 747 Non
490 662 684 747 simus-
708 688 826 748 duri
878 690 1133 749 adversus
1193 662 1415 749 verbum
1473 690 1589 749 Dei.
1640 662 1911 785 Numquid

325 780 498 852 enim,
530 785 781 861 fratres,
826 784 1044 861 dignum
1089 794 1171 842 est
1213 795 1271 843 ut
1323 784 1568 843 Christus
1617 774 1911 861 descendat

325 870 482 934 modo
512 854 577 933 de
606 854 778 947 eoelo,
833 854 907 935 etv
927 874 1207 935 cicatrices
1249 893 1373 934 suas
1416 877 1572 935 nobis
1612 860 1904 935 ostendat?

325 958 447 1025 ideo
476 960 550 1025 illi
580 960 855 1026 incredula
889 966 1176 1028 ostendere
1203 968 1451 1049 dignatus
1491 981 1609 1043 est,
1648 979 1711 1029 ut
1728 964 1911 1044 objur-

326 1058 475 1131 garet
502 1054 692 1117 dubios
711 1104 726 1128 ,
753 1058 807 1117 et
835 1052 1125 1118 instrueret
1149 1058 1467 1120 credituros.

398 1148 451 1206 2.
490 1146 668 1208 Octavi
694 1162 740 1209 et
760 1152 954 1227 septimi
973 1156 1075 1211 diei
1105 1158 1418 1229 mysterium.
1464 1157 1694 1230 Regnum
1723 1140 1912 1215 Christi

326 1254 372 1299 et
399 1256 687 1300 sanctorum
715 1240 767 1301 in
786 1256 918 1325 terra
942 1259 1055 1323 post
1074 1249 1443 1320 separationem
1470 1248 1742 1306 malorum.
1773 1244 1910 1307 Sab-

326 1336 569 1392 batismus
590 1349 878 1393 sanctorum
902 1334 955 1394 in
986 1350 1138 1397 terra.
1172 1340 1409 1399 Octavus
1436 1359 1563 1418 ergo
1589 1338 1691 1402 iste
1719 1330 1837 1400 dies
1858 1340 1911 1400 in

329 1418 435 1483 line
463 1426 643 1485 sreeuli
672 1446 862 1487 novam
890 1418 1047 1487 vitam
1066 1428 1369 1505 significat:
1393 1432 1652 1506 septimus
1676 1430 1911 1509 quietem

328 1518 558 1575 futuram
587 1529 891 1577 sanctorum
918 1523 971 1581 in
1002 1510 1099 1580 hac
1133 1533 1291 1581 terra.
1324 1523 1587 1603 Rogitabit
1628 1529 1771 1584 enim
1803 1526 1911 1584 Do-

328 1606 506 1668 minus
550 1613 606 1673 ιη
652 1606 790 1669 terra
823 1615 898 1687 (ιι)
939 1614 1059 1691 cum
1104 1614 1302 1691 sanctis
1344 1614 1495 1687 suis,
1544 1612 1683 1675 sicut
1728 1614 1913 1676 dicunt

326 1698 651 1777 Scriptum,
697 1714 750 1761 et
795 1686 1013 1764 habebit
1058 1708 1145 1763 hic
1200 1686 1532 1779 Ecclesiain,
1588 1726 1695 1782 quo
1739 1706 1915 1768 nullus

328 1786 501 1853 malus
545 1782 797 1867 intrabit,
829 1806 1128 1872 ‘separatam
1174 1811 1333 1876 atque
1359 1814 1639 1876 purgatam
1669 1804 1739 1861 ab
1764 1804 1913 1863 omni

330 1890 647 1960 contagione
673 1890 959 1961 nequitiae;
986 1908 1145 1963 quam
1181 1893 1480 1965 significant
1510 1908 1725 1952 centum
1754 1896 1915 1968 quin—

332 1984 581 2056 quaginta
613 1990 720 2039 tres
775 1980 851 2039 illi
895 1985 1069 2056 pisces
1095 1985 1114 2055 (
1140 1983 1226 2040 Id.
1278 2003 1390 2052 χχι,
1433 1982 1558 2061 11),
1608 1989 1676 2051 de
1721 1989 1916 2061 quibus

329 2075 434 2152 iam
454 2119 470 2144 ,
500 2074 752 2148 quantum
782 2074 999 2135 memini
1020 2120 1037 2147 ,
1070 2072 1354 2152 aliquando
1382 2081 1747 2137 tractavimus.
1778 2078 1913 2138 Nam

349 2094 434 2133 am
454 2119 470 2144 ,
500 2094 752 2148 quantum
782 2095 999 2135 memmi
1020 2120 1037 2147 ,
1070 2094 1354 2152 aliquando
1382 2094 1747 2137 tractavimus.
1778 2094 1913 2138 Nam

322 2094 569 2226 Ecclesia
592 2170 679 2228 hic
699 2172 868 2242 primo
882 2162 1159 2244 apparebit
1179 2174 1230 2229 in
1260 2190 1448 2245 magna
1474 2172 1717 2232 claritate
1749 2184 1804 2231 et
1828 2174 1916 2231 di-

326 2260 528 2330 gnitate
547 2268 602 2317 et
615 2259 840 2332 justitia.
855 2262 971 2319 Non
987 2264 1055 2319 ibi
1070 2260 1250 2321 libebit
1264 2260 1533 2343 decipere,
1551 2283 1657 2323 non
1676 2263 1913 2341 mentiri,

327 2352 437 2406 non
461 2351 563 2407 Sub
583 2354 696 2408 ovis
715 2352 851 2424 pelle
872 2350 1054 2427 lupum
1078 2352 1261 2413 latere.
1290 2355 1461 2412 Veniet
1476 2358 1619 2414 enim
1636 2356 1909 2430 Dominus,

326 2444 466 2500 sicut
492 2446 748 2517 scriptum'
779 2436 861 2503 est
881 2490 894 2514 ,
943 2448 988 2503 et
1024 2444 1328 2507 illuminabit
1363 2438 1657 2506 abscondita
1686 2451 1915 2507 tenebra—

324 2552 443 2591 rum
467 2547 514 2592 et
543 2530 880 2609 manifestabit
908 2540 1233 2612 cogitationes
1278 2544 1505 2599 cordium
1530 2561 1549 2601 :
1571 2553 1618 2600 et
1645 2553 1763 2603 tunc
1802 2547 1914 2602 laus

324 2630 423 2715 erit
449 2632 717 2703 unicuique
742 2650 773 2687 a
794 2632 900 2688 Deo
931 2630 974 2709 (l
995 2634 1109 2689 Cor.
1137 2652 1209 2701 IV,
1242 2633 1318 2715 5).
1352 2632 1518 2710 Iniqui
1546 2653 1675 2711 ergo
1705 2655 1810 2695 non
1843 2640 1914 2696 ibi

323 2730 484 2776 erunt
512 2718 660 2792 :jam
682 2720 822 2780 enim
850 2720 1253 2797 Separabuntur.
1278 2728 1427 2786 Tunc
1458 2740 1709 2804 tanquam
1732 2749 1910 2789 massa

322 2810 549 2882 purgata
571 2812 878 2886 apparebit,
914 2812 1077 2874 veluti
1101 2814 1155 2874 in
1189 2836 1343 2889 area,
1386 2814 1669 2879 multitudo
1698 2836 1912 2881 sancto-

321 2914 469 2971 rum,
497 2904 552 2961 et
575 2905 653 2963 sic
676 2908 911 2965 mittetur
940 2910 992 2965 in
1020 2909 1273 2968 horreum
1297 2915 1518 2971 caeleste
1540 2916 1915 2974 inunortalita-

324 2995 418 3052 tis.
468 2997 619 3054 Sicut
658 3000 799 3055 enim
826 2998 1150 3057 frumentum
1197 3005 1341 3075 prius
1373 3004 1462 3061 ubi
1491 3002 1787 3075 trituratur,
1842 3009 1914 3066 ibi

321 3095 609 3158 purgatur;
638 3098 691 3144 et
716 3084 863 3146 locus
890 3082 976 3147 tibi
994 3088 1255 3175 frumenta
1278 3092 1615 3175 pertulerunt
1643 3097 1911 3169 trituram,

321 3188 385 3235 ut
417 3196 449 3234 a
479 3182 629 3263 palea
661 3184 1063 3258 mundarentur,
1100 3172 1382 3245 decoratur
1424 3172 1678 3263 dignitate
1721 3210 1915 3251 massae

323 3274 584 3342 purgatae.
615 3252 865 3331 Videmus
886 3252 1080 3351 quippe
1105 3278 1159 3335 in
1185 3296 1309 3337 area
1339 3290 1459 3355 post
1479 3252 1909 3354 ieutilationem.

319 3368 578 3421 acervum
608 3364 873 3436 palearum
924 3386 989 3425 ex
1021 3387 1124 3427 una
1174 3384 1345 3445 parte,
1394 3384 1449 3431 et
1494 3392 1747 3434 acervum
1798 3378 1912 3435 fru-

324 3390 578 3421 aucrvuul
608 3390 873 3436 palearum
924 3390 989 3425 ex
1021 3390 1124 3427 una
1209 3390 1345 3445 arte,
1394 3390 1449 3431 ει
1494 3392 1747 3434 acervum
1798 3390 1911 3435 tru-

324 3455 495 3510 menti
523 3457 727 3512 exalia.
759 3457 876 3529 Quo
901 3471 1077 3517 autem
1111 3390 1259 3537 palea
1312 3464 1577 3539 destinata
1620 3468 1722 3535 sit,
1757 3471 1911 3526 novi-

321 3539 482 3613 mus;
529 3555 583 3603 et
628 3549 1077 3619 quemadmodum
1109 3550 1361 3623 agricolis
1406 3556 1605 3613 faeimit
1642 3554 1913 3616 frumenta

322 3635 590 3692 laetitiam.
622 3639 898 3707 Quomodo
944 3644 1073 3714 ergo
1106 3655 1326 3716 apparet
1352 3644 1405 3700 in
1447 3662 1573 3703 area
1609 3648 1759 3727 prius
1806 3632 1913 3706 iru-

322 3738 567 3787 mentum
594 3748 623 3787 a
646 3728 796 3813 palea
825 3747 1127 3811 separatum
1147 3780 1163 3807 ,
1208 3750 1261 3796 et
1299 3756 1418 3795 cum
1444 3743 1697 3813 gaudium
1728 3743 1913 3802 fecerit

323 3824 451 3893 post
477 3832 650 3881 tantos
678 3812 887 3885 labores
910 3824 1149 3901 inspecta
1171 3832 1262 3887 illa
1291 3812 1591 3906 congeries,
1621 3838 1740 3908 quae
1771 3836 1910 3894 late-

320 3912 423 3972 bat
445 3916 499 3972 in
526 3918 708 3993 palea,
754 3937 874 3992 quae
902 3916 1009 3977 non
1044 3908 1339 3993 videbatur,
1383 3926 1594 3995 quando
1622 3916 1906 3986 trituraba-

323 4019 449 4078 tur;
507 4011 701 4069 deinde
743 4015 795 4069 in
827 4013 1078 4072 horreum
1110 4016 1356 4087 mittitur,
1401 4029 1560 4091 atque
1597 4022 1650 4075 in
1703 4031 1913 4099 secreto

321 4112 571 4159 servatur
596 4123 611 4160 :
635 4102 782 4162 sicin
814 4106 917 4163 isto
942 4102 1156 4174 smculo,
1181 4110 1372 4167 videtis
1397 4110 1663 4189 quomodo
1690 4100 1908 4170 tritura-

322 4202 415 4250 tur
443 4193 560 4253 haec
586 4214 740 4267 area,
769 4199 862 4255 sed
894 4200 1042 4272 palea
1075 4202 1343 4260 frtimento
1382 4205 1451 4259 ita
1494 4202 1760 4278 permixta
1792 4217 1911 4285 est,

322 4297 385 4343 ut
428 4287 645 4346 difficile
691 4291 1060 4348 discernatur:
1090 4292 1212 4366 quia
1258 4296 1492 4375 nondum
1525 4298 1777 4355 ventilata
1807 4292 1911 4357 est.

319 4376 417 4437 Sic
460 4380 588 4453 ergo
637 4378 755 4454 poet
807 4384 1203 4441 ventilationem
1260 4387 1365 4444 diei
1405 4386 1589 4463 judicii
1637 4388 1914 4462 apparebit

322 4484 501 4531 maSSa
525 4476 826 4531 sanctorum
846 4520 860 4545 ,
898 4477 1103 4550 fulgens
1148 4478 1402 4551 dignitate
1421 4526 1436 4557 ,
1467 4492 1768 4555 praepotens
1804 4494 1915 4541 mel-

322 4567 446 4621 ritis
464 4608 481 4635 ,
512 4577 568 4622 et
595 4564 1011 4624 misericordiam
1037 4566 1337 4627 liberatoris
1359 4570 1441 4629 sui
1472 4591 1581 4645 pra:
1606 4590 1667 4632 se
1694 4572 1910 4648 gerens.

325 4656 398 4712 Et
425 4657 541 4727 ipse
564 4657 664 4713 erit
701 4659 956 4729 septimus
1005 4661 1138 4716 dies.
1166 4662 1325 4732 Quasi
1372 4665 1575 4736 primus
1621 4666 1736 4722 dies
1765 4666 1833 4722 sit
1859 4664 1911 4723 in

320 4752 440 4802 toto
468 4749 662 4803 saeculo
684 4759 891 4821 tempus
919 4752 1059 4823 quod
1085 4761 1168 4808 est
1191 4752 1259 4808 ab
1286 4752 1453 4811 Adam
1474 4754 1641 4828 usque
1670 4750 1736 4814 ad
1765 4752 1913 4827 Noe;

316 4839 615 4905 secundus,
642 4854 672 4895 a
692 4832 803 4897 Noe
833 4857 997 4913 usque
1017 4845 1082 4898 ad
1103 4830 1371 4903 Abraliam
1391 4890 1405 4912 ,
1436 4856 1490 4904 et
1516 4848 1783 4919 qudmodo
1802 4848 1913 4920 jam

321 4926 520 4985 dividit
570 4928 914 5003 Evangelium
959 4928 1223 5003 Matthzei,
1280 4934 1469 4993 tertius
1522 4932 1591 4995 ab
1644 4938 1912 5001 Abraham

316 5016 497 5091 iisque
521 5018 588 5076 ad
618 5016 817 5089 D’atld;
857 5030 1095 5094 quartus,
1115 5036 1146 5082 a
1176 5004 1343 5083 David
1371 5044 1538 5100 usque
1565 5026 1631 5085 ad
1656 5028 1911 5088 transmi-

314 5114 622 5185 gi'atioiiem
653 5114 706 5170 in
737 5103 1078 5190 Babyloniam
1101 5135 1115 5185 ;
1140 5118 1375 5191 quintus,
1396 5138 1425 5175 a
1447 5122 1914 5195 transmigratione

314 5209 498 5277 uirque
525 5203 593 5261 ad
607 5198 893 5263 adventum
921 5202 1131 5265 Domini
1150 5213 1317 5268 nostri
1332 5210 1458 5269 Jesu
1477 5206 1677 5272 Christi
1697 5210 1912 5290 (Matth.

388 5381 463 5445 (α)
489 5381 685 5448 Additur
729 5382 843 5446 hic,
880 5382 931 5437 in
966 5389 1115 5448 terra,
1152 5382 1438 5441 auctoritate
1462 5391 1669 5442 Vaticani
1691 5397 1776 5443 tis.
1820 5386 1920 5445 εὼ-

311 5443 684 5520 wit-ﬂama
700 5443 860 5510 vesn'o
883 5455 936 5498 et
953 5443 1246 5520 suam
1266 5458 1542 5520 θεωρία-ειη
1576 5454 1626 5503 in
1647 5461 1779 5507 tem
1812 5443 1921 5520 post

310 5506 950 5591 resRi‘eet-i‘o-neigquueqi
980 5509 1308 5591 milleuaunos
1345 5513 1625 5591 duraturum
1661 5506 1779 5591 puga

310 5523 760 5567 resurrecuonem.
829 5523 941 5559 nem
980 5523 1112 5560 mute
1156 5525 1308 5563 annos
1345 5523 1625 5565 duraturum
1697 5523 1849 5569 utabat

308 5572 779 5647 ﬂisemfntia
793 5523 870 5622 (sic
889 5570 1086 5647 demum
1108 5572 1322 5647 inquiin:
1346 5578 1638 5647 Augustinus
1660 5531 1709 5627 lli
1725 5568 1849 5629 libro

305 5627 391 5691 de
408 5631 620 5703 dignate
634 5634 741 5705 net,
764 5646 868 5697 αῳ.
939 5649 970 5708 ε.
984 5650 1007 5681 ι
1027 5644 1143 5709 Quae
1163 5627 1331 5712 omnia,
1348 5627 1483 5710 esset
1502 5627 1922 5704 mmini—tot;

316 5706 352 5775 ε
376 5676 562 5775 ἔδΕὲ
581 5695 897 5775 seruisse.
915 5710 1021 5775 '91s
1032 5697 1307 5775 ενιςξιιξτξιεξε
1319 5713 1368 5775 ut
1384 5698 1469 5775 tuo
1483 5702 1682 5775 sabbato
1697 5704 1921 5775 more

318 5710 352 5736 ι
381 5710 562 5752 multis,
581 5710 622 5741 si
641 5710 700 5742 au
738 5710 813 5745 uze
830 5710 1017 5746 ueucue
1032 5710 1307 5759 spirituates
1319 5710 1368 5749 tn
1387 5710 1469 5749 tuo
1483 5710 1682 5752 sabbato
1697 5710 1921 5757 aliutqu

312 5764 352 5798 δι
376 5753 561 5803 Μ
594 5758 684 5816 per
704 5710 900 5807 (homini
924 5760 1231 5819 praesentiam
1252 5758 1576 5812 crederentur
1599 5776 1612 5811 :
1638 5777 1749 5815 nam
1773 5762 1921 5819 etiam

318 5829 353 5861 ι
383 5814 775 5864 nesbocooinau’
800 5817 979 5864 fuimus
997 5821 1310 5864 atina-ruina
1331 5824 1539 5864 omnia
1559 5826 1921 5864 θῆκαι-ιη...

318 5827 473 5863 cnes

347 5817 979 5932 sat-samiae
997 5821 1268 5886 θυαωίο·
1286 5834 1310 5871 θ
1331 5824 1539 5879 ωδε

307 5876 926 5943 risubrumncapjo.

1698 362 1925 444 SERMO
1961 364 2185 446 'eeux.

3462 402 3603 464 1198

2016 514 2076 568 ιι,
2109 492 2222 596 17)ἶ
2257 490 2341 596 Ali
2385 490 2620 569 adventu
2671 528 2802 587 ergo
2839 500 3056 575 Domini
3097 514 3281 578 sextus
3322 522 3516 596 agitur,
3548 525 3604 583 in

2017 605 2169 653 sexto
2192 592 2285 677 die
2302 595 2503 661 sumtis.
2533 605 2597 662 Et
2625 600 2745 665 ideo
2760 610 3029 683 quomodo
3056 611 3314 683 formatus
3343 592 3426 672 est
3443 617 3602 673 homo

2017 687 2072 783 in
2099 687 2293 750 Genesi
2320 690 2472 783 sexto
2500 692 2585 757 die
2610 696 2675 759 ad
2700 696 2984 775 imaginem
3018 692 3109 761 Dei
3133 700 3287 780 (Cen.
3316 706 3355 779 ι,
3378 708 3470 778 26,
3488 710 3603 783 27),

2017 779 2096 837 sic
2119 780 2173 843 et
2198 782 2251 843 in
2282 785 2383 842 isto
2413 776 2677 863 tempore,
2707 795 2856 867 quasi
2884 806 3037 853 sexto
3080 776 3168 854 die
3200 776 3360 856 totius
3384 786 3569 857 saeculi
3590 846 3604 869 ,

2017 873 2342 934 renovaniur
2377 877 2431 935 in
2481 881 2788 954 Baptismo,
2838 895 2894 943 ut
2948 886 3268 960 recipiamus
3318 892 3607 965 imaginem

2015 960 2323 1026 Conditoris
2352 970 2538 1029 nostri.
2586 974 2780 1036 Sextus
2809 968 2983 1037 autem
3012 980 3130 1040 dies
3160 976 3261 1041 iste
3288 994 3409 1041 cum
3430 960 3610 1043 trans-

2017 1052 2159 1129 ierit,
2212 1054 2391 1119 veniet
2449 1057 2660 1139 i'equies
2708 1080 2827 1142 post
2870 1072 3013 1129 illam
3063 1076 3462 1135 ventilationem
3490 1120 3508 1148 ,
3536 1085 3611 1136 'et

2017 1148 2420 1239 ‘sabbatizabunt
2446 1154 2615 1233 sancti
2641 1168 2695 1216 et
2718 1152 2848 1232 justi
2878 1165 2993 1221 Dei.
3024 1160 3155 1224 Post
3183 1168 3471 1239 septimum
3511 1184 3608 1227 au-

2019 1253 2126 1300 tem
2146 1287 2160 1311 ,
2188 1236 2312 1303 eum
2336 1246 2639 1321 apparuerit
2663 1245 2716 1308 in
2737 1269 2861 1310 area
2890 1244 3119 1327 dignitas
3146 1258 3361 1328 messis,
3407 1260 3599 1334 fulgor,

2018 1330 2373 1413 incrit'umque
2400 1338 2725 1415 sanctorum,
2758 1344 2949 1404 ibimus
2980 1348 3033 1406 in
3079 1342 3222 1410 illam
3249 1346 3411 1410 vitam
3454 1352 3509 1411 et
3548 1357 3603 1413 in

2009 1406 2163 1527 illam
2191 1406 2445 1527 requiem,
2479 1428 2546 1527 de
2573 1434 2676 1511 qua
2706 1406 2941 1511 dictum,
2973 1444 3107 1511 Quia
3131 1447 3308 1505 oculus
3333 1467 3434 1505 non
3452 1450 3604 1527 vidit,

2018 1516 2111 1578 ἷξες
2149 1522 2289 1580 auris
2334 1514 2564 1616 audivit,
2594 1548 2686 1586 nec
2729 1532 2780 1587 in
2831 1551 2919 1589 cor
2957 1535 3175 1593 hominis
3204 1542 3449 1609 ascendit,
3496 1538 3611 1616 quis

2020 1612 2325 1705 prwparat-it
2373 1598 2513 1708 Deus
2559 1626 2885 1708 diligentibus
2925 1648 2980 1686 se
3014 1630 3059 1705 (l
3082 1630 3199 1688 Cor.
3229 1652 3288 1704 ti,
3330 1635 3409 1708 9).

2018 1700 2165 1766 velut
2191 1711 2257 1767 ad
2309 1704 2466 1785 caput
2507 1704 2728 1774 reditur.
2760 1700 3040 1789 Quomodo
3085 1723 3229 1779 enim
3411 1728 3608 1800 peracti

2019 1796 2215 1859 fuerint
2245 1798 2330 1860 isti
2359 1810 2561 1891 septem
2592 1809 2735 1879 dies,
2763 1820 2984 1881 octavus
3006 1815 3120 1888 ipse
3143 1812 3328 1891 estqui
3357 1796 3562 1889 primus
3593 1838 3607 1875 :

2020 1892 2099 1950 sic
2122 1905 2242 1967 post
2268 1888 2576 1981 terminatas
2608 1911 2664 1959 et
2692 1913 2934 1974 peractas
2976 1916 3166 1965 aetates
3192 1888 3399 1981 septem
3427 1913 3613 1969 saeculi

2023 1978 2346 2044 transeuntis
2366 2031 2382 2058 ,
2414 1988 2480 2047 ad
2525 1992 2669 2053 illam
2712 1996 3165 2057 immortalitatem
3196 1978 3615 2061 beatitudinem-

2021 2074 2123 2151 que
2146 2078 2436 2152 rediemus,
2464 2074 2533 2141 de
2561 2082 2663 2159 qua
2696 2086 2876 2160 lapsus
2900 2101 2982 2147 est
3006 2090 3187 2150 homo.
3221 2094 3288 2151 Et
3316 2094 3439 2153 ideo
3463 2108 3615 2155 octa-

2021 2174 2104 2219 νω
2154 2168 2427 2237 complent
2478 2180 2813 2230 sacramenta
2856 2174 3154 2255 infantium.
3211 2178 3346 2236 Hinc
3395 2191 3451 2237 et
3500 2183 3616 2255 ipse

2020 2256 2354 2327 septenarius
2380 2262 2635 2320 numerus
2663 2268 2863 2337 septies
2905 2252 3286 2342 multiplicatus
3320 2273 3450 2331 facit
3478 2252 3613 2347 qua-

2022 2344 2264 2419 draginta
2311 2356 2531 2421 novem;
2583 2360 2637 2412 ‘et
2685 2346 2868 2416 addito
2896 2372 3004 2417 uno
3032 2369 3281 2437 tanquam
3315 2344 3519 2424 reditur
3544 2368 3614 2426 ad

2021 2444 2212 2511 caput,
2244 2450 2299 2525 et
2349 2442 2483 2501 fiunt
2511 2449 2891 2523 quinQuaginta
2918 2450 3044 2525 :qui
3082 2473 3338 2515 numerus
3376 2477 3407 2516 a
3456 2461 3612 2519 nobis

2023 2544 2195 2602 usque
2233 2524 2300 2589 ad
2351 2532 2701 2624 Pentecosten
2745 2543 2798 2598 in
2841 2524 3097 2616 mysterio
3141 2548 3462 2607 celebratur.
3509 2553 3613 2624 Qui

1988 2622 2180 2715 etiam
2206 2622 2498 2684 secundum
2525 2620 2666 2688 illam
2695 2632 3016 2692 divisionem
3060 2640 3452 2714 quadragesimi
3502 2620 3605 2701 nu-

2021 2712 2192 2783 meri,
2219 2716 2303 2771 cui
2334 2718 2539 2777 aeCedit
2565 2731 2813 2796 tanquam
2844 2743 3051 2785 merces
3079 2712 3351 2801 denarius,
3394 2730 3608 2793 diversa

2022 2802 2227 2898 ratione
2265 2802 2406 2865 idem‘
2434 2814 2620 2871 rursus
2665 2826 2905 2888 apparet.
2934 2820 3120 2878 Ambae
3156 2825 3352 2898 quippe
3379 2826 3614 2885 rationes

2021 2894 2088 2951 ad
2114 2900 2359 2956 eumdem
2387 2904 2898 2977 quinquagenarium
2922 2894 3203 2970 numerum
3233 2894 3479 2974 redeunt.
3508 2919 3612 2991 Qui

2021 2995 2106 3044 ter
2143 2986 2521 3064 multiplicatus
2553 3007 2772 3070 propter
2816 3000 3130 3073 mysterium
3181 3002 3489 3079 Trinitatis,
3520 2986 3607 3067 fa-

2021 3080 2094 3171 cit
2115 3093 2328 3140 centum
2353 3088 2753 3161 quinquaginta.
2782 3084 2977 3149 Addita
2999 3097 3194 3168 quippe
3216 3098 3331 3170 ipso
3355 3100 3611 3171 ternario,

2019 3156 2275 3249 tanquam
2308 3156 2441 3233 teste
2466 3156 2626 3251 atque
2652 3180 2831 3241 indice
2869 3156 3250 3259 triplicatiotiis
3285 3198 3340 3246 et
3378 3156 3613 3249 Τι’ὶιιίιιιΣ

2021 3262 2125 3333 tis,
2164 3265 2512 3340 intelligimus
2540 3270 2838 3332 Ecclesiam
2876 3277 2929 3333 in
2974 3278 3079 3336 illis
3119 3281 3355 3353 piscibus
3398 3296 3613 3342 centum

2019 3354 2400 3430 quinquaginta
2429 3358 2618 3418 tribus.

2090 3446 2144 3505 3.
2168 3448 2530 3509 Misericordiae
2545 3454 2698 3539 opera
2709 3460 3046 3515 commendat.
3070 3458 3176 3519 Sed
3195 3460 3406 3521 interim
3429 3468 3614 3539 modo,

2020 3539 2190 3597 donec
2215 3543 2489 3601 veniamus
2517 3538 2583 3602 ad
2619 3546 2763 3603 illam
2796 3553 3057 3621 reuuiem,
3101 3554 3206 3611 isto
3236 3563 3479 3629 tempore
3506 3574 3613 3630 quo

2019 3630 2346 3703 laboramus,
2375 3638 2429 3691 et
2454 3634 2505 3691 in
2534 3644 2692 3695 nocte
2719 3650 2920 3708 sumus,
2952 3640 3206 3715 quamdiu
3243 3663 3347 3702 non
3374 3646 3614 3707 videmus

2019 3718 2160 3794 quod
2182 3736 2481 3797 speramus,
2505 3738 2560 3785 et
2580 3728 2634 3785 in
2665 3730 2847 3788 eremo
2868 3734 2972 3789 iter
2990 3736 3219 3807 agimus,
3244 3738 3413 3794 donec
3433 3734 3498 3795 ad
3519 3740 3612 3797 Je-

2020 3818 2251 3876 fhlem
2266 3820 2561 3899 ctelestem,
2573 3819 2738 3882 velut!
2755 3825 2821 3881 ad
2838 3818 3036 3883 terram
3059 3830 3426 3899 promissionis
3443 3828 3615 3888 ﬂueno

2022 3912 2131 3966 teni
2156 3904 2241 3967 hic
2274 3912 2329 3969 tit
2362 3898 2488 3983 mel,
2518 3916 2832 3976 Veniamus:
2859 3918 2999 3977 nunc
3030 3937 3158 3994 ergo
3189 3940 3308 3979 cum
3357 3922 3609 3983 tentatio-

2020 4016 2117 4058 nes
2155 4019 2260 4058 non
2299 4010 2530 4090 Cessant,
2578 4008 2715 4065 bene
2754 4012 3056 4080 operemur.
3100 4010 3356 4071 Medicina
3399 4034 3613 4090 semper

2019 4088 2159 4151 adsit
2180 4094 2219 4163 ί,
2242 4084 2407 4153 veluti
2431 4094 2597 4173 'prdpe
2619 4092 2941 4179 quotidianis
2962 4102 3260 4162 adhibenda
3279 4084 3608 4178 vulneribus.

2019 4180 2119 4243 Est
2153 4182 2332 4246 autem
2362 4184 2625 4248 medicina
2656 4189 2709 4249 in
2737 4196 2891 4251 bonis
2925 4198 3178 4267 operibus
3205 4198 3609 4259 misericordim.

2018 4274 2074 4336 Si
2101 4278 2245 4337 enim
2276 4283 2356 4338 vis
2384 4278 2674 4356 impetrare
2702 4288 3121 4347 misericordiam
3149 4292 3266 4362 Dei,
3300 4304 3417 4351 esto
3448 4296 3612 4353 mise-

2020 4372 2210 4430 ricors.
2246 4372 2301 4431 Si
2332 4385 2387 4430 tu
2417 4382 2580 4448 negas
2614 4378 2836 4447 homini,
2867 4394 2987 4435 cum
3014 4390 3069 4437 tu
3097 4384 3260 4440 homo
3289 4387 3385 4454 sis,
3418 4387 3611 4442 huma-

2020 4462 2270 4533 nitatem;
2298 4468 2509 4540 negabit
2535 4464 2629 4524 tibi
2653 4479 2708 4527 et
2736 4468 2875 4527 Deus
2902 4470 3253 4545 divinitatem,
3292 4477 3391 4532 hoc
3414 4486 3497 4531 est
3526 4476 3610 4533 in-
3688 4483 3692 4487 ⁴

2020 4552 2419 4628 ctirruptioneiu
2449 4558 2887 4631 immortalitatis,
2914 4578 3017 4635 qua
3048 4581 3144 4622 nos
3166 4566 3289 4621 facit
3315 4567 3463 4621 deos.
3490 4567 3609 4623 Non

2020 4649 2162 4705 enim
2190 4658 2295 4707 ate
2315 4648 2599 4722 quidquam
2631 4654 2831 4725 indiget
2861 4648 3033 4712 Deus:
3063 4664 3115 4712 tu
3141 4667 3318 4714 autem
3348 4655 3551 4728 indiges
3578 4673 3611 4714 a

2024 4734 2152 4796 Deo.
2171 4740 2312 4797 Nihil
2332 4758 2362 4798 a
2384 4748 2437 4798 te
2465 4740 2555 4800 ille
2585 4744 2736 4816 petit,
2768 4756 2828 4803 ut
2852 4747 3041 4804 beatus
3068 4749 3173 4804 sit:
3198 4758 3253 4803 tu
3278 4757 3478 4817 autem,
3508 4748 3611 4805 nisi

2022 4828 2091 4887 ab
2118 4832 2209 4889 illo
2236 4834 2488 4906 accipias,
2512 4838 2699 4893 beatus
2724 4852 2843 4895 esse
2869 4854 2976 4895 non
3006 4841 3228 4911 poteris.
3269 4840 3405 4910 Quid
3432 4828 3499 4897 ab
3521 4843 3613 4899 illo

2022 4924 2255 4996 accipis?
2274 4926 2465 4984 Nescio
2491 4936 2666 4985 utrum
2704 4933 2930 4987 auderes
2951 4931 3206 5003 conqueri
3232 4935 3274 4988 si
3297 4930 3496 5001 abillo,
3519 4935 3612 5006 qui

2022 5017 2199 5073 ouinia
2226 5016 2465 5075 condidit
2483 5061 2498 5087 ,
2526 5020 2799 5093 acciperes
2827 5020 3025 5094 aliquid
3055 5022 3197 5094 quod
3227 5014 3614 5082 excellentissi-

2023 5114 2168 5163 nium
2183 5108 2207 5141 ³
2221 5106 2479 5166 condidit.
2498 5113 2568 5168 At
2588 5109 2677 5169 ille
2697 5118 2803 5169 ndn
2824 5106 3024 5187 aliquid
3045 5122 3109 5169 ex
3132 5112 3196 5170 iis
3215 5118 3333 5185 una:
3352 5114 3609 5184 condidit;

2024 5200 2119 5257 sed
2144 5214 2205 5258 se
2231 5202 2401 5275 ipsum
2428 5205 2521 5260 tibi
2541 5201 2634 5261 ttat
2658 5202 2723 5260 ad
2750 5202 3053 5274 linendum,
3078 5212 3137 5263 se
3160 5207 3335 5280 ipsum
3364 5210 3605 5267 dmnlum

2023 5291 2369 5349 conditorem.
2394 5292 2531 5366 Quid
2558 5298 2698 5352 enim
2725 5304 2789 5352 et
2820 5296 2885 5353 iis
2918 5310 3036 5368 quae
3066 5298 3202 5355 facta
3242 5304 3367 5356 ‘sunt
3402 5300 3469 5357 ab
3500 5303 3610 5372 illo,

2023 5383 2292 5457 pulchrius
2322 5395 2376 5443 et
2416 5388 2609 5444 melius
2647 5388 2823 5461 poteSt
2848 5400 2967 5446 esse
2995 5404 3062 5447 eo
3089 5388 3178 5464 qui
3208 5390 3366 5449 fecit?
3387 5396 3451 5449 Et
3477 5394 3613 5467 quo-

2025 5477 2186 5533 modo
2224 5474 2318 5534 tibi
2362 5478 2551 5534 dabit?
2595 5492 2662 5534 an
2712 5477 2865 5551 quasi
2915 5483 3118 5539 meritis
3164 5485 3307 5541 tuis?
3335 5485 3393 5543 Si
3419 5484 3616 5559 quaeris

2026 5570 2152 5641 quid
2179 5570 2454 5639 merueris,
2488 5574 2701 5629 attende
2730 5586 2943 5646 peccata
2972 5586 3097 5646 tua;
3130 5580 3251 5635 audi
3290 5586 3612 5641 sententiam

2094 5771 2111 5843 ξ
2144 5764 2490 5843 sicyatieanus
2519 5772 2601 5823 Ms.
2641 5770 2729 5843 Alii
2759 5772 3162 5843 cum_Sirmondo,
3197 5779 3324 5843 quod
3358 5772 3480 5833 absit

2089 5832 2113 5864 ι
2144 5831 3042 5904 muscam;
3089 5831 3399 5904 altissimas,
3444 5831 3615 5894 avsu-

2027 5908 2149 5946 cano
2172 5902 2250 5943 MS.
