4102 6326
461 283 599 343 H99

459 401 550 456 Dei
578 398 629 453 in
656 405 1099 467 transgressorcm
1144 388 1415 446 hominem
1458 386 1625 442 latam
1655 403 1670 442 :
1705 384 1868 442 Terra
1893 400 1964 450 es,
1994 390 2041 437 et

458 492 509 545 in
560 498 744 544 terram
787 484 881 539 ibis
931 482 1083 555 (Gen.
1138 496 1214 546 ιιι,
1266 478 1380 549 l9).
1411 477 1673 548 Quoniam
1697 475 2042 541 comminatio

454 579 746 653 prmcessit,
780 591 902 633 cum
942 582 1267 647 praeceptum
1304 571 1524 628 daretur
1560 588 1575 627 :
1606 569 1722 637 Qua
1753 570 1837 625 die
1870 569 2045 641 tetige-

451 675 582 740 ritis,
614 678 776 725 morte
803 667 1084 724 moriemini
1111 665 1220 740 (Id.
1252 681 1312 734 ll,
1346 663 1457 737 17).
1485 661 1542 720 Si
1564 670 1902 735 peccatorum
1931 676 2043 718 me-

449 766 612 821 ritum
650 763 868 835 quaeris,
895 761 1019 834 quid
1046 760 1278 816 occurrit
1319 758 1421 813 nisi
1452 755 1808 829 supplicium?
1837 754 2038 811 Oblivi-

448 871 602 914 scere
626 871 754 927 ergo
780 855 967 911 merita
997 860 1104 919 tua,
1143 869 1211 908 ne
1236 851 1332 907 tibi
1359 849 1556 906 faciant
1591 850 1644 904 in
1674 847 1839 904 corde
1865 855 2040 903 terro-

448 966 564 1008 rem
598 968 614 1007 :
647 959 739 1006 aut
788 949 895 1005 noli
943 948 1122 1019 pctius
1165 945 1427 1013 oblivisci,
1471 959 1539 1000 ne
1592 958 1688 1015 per
1735 941 2042 1013 superbiam

447 1045 678 1118 repellas
706 1042 1148 1101 misericordiam.
1187 1038 1636 1096 Commendamus
1675 1050 1792 1104 nos,
1825 1034 2039 1099 fratres,

446 1139 560 1195 Deo
588 1136 842 1209 operibus
864 1132 1263 1191 misericordiae.
1293 1130 1614 1202 Confitemini
1637 1127 1883 1196 Domino,
1909 1141 2038 1197 quo-

446 1231 587 1285 niam
629 1227 808 1295 bonus,
853 1228 1093 1298 quoniam
1143 1226 1197 1280 in
1247 1225 1489 1280 circulum
1538 1218 1884 1277 misericordia
1931 1218 2042 1289 ejus

449 1321 621 1395 (Prol.
672 1337 839 1388 cxvu,
887 1319 1000 1389 29).
1054 1317 1347 1385 Confitere,
1394 1315 1645 1387 quoniam
1692 1311 1855 1368 habet
1900 1310 2041 1365 Deus

445 1413 886 1477 misericordiam,
910 1420 964 1467 et
988 1412 1100 1466 vult
1135 1420 1348 1480 peccata
1378 1408 1581 1464 donare
1619 1404 1902 1462 confessis.
1931 1402 2040 1459 Sed

444 1506 578 1563 oﬂ‘er
603 1506 675 1560 illi
705 1505 1046 1561 sacrilicium.
1077 1503 1330 1559 Miserere
1360 1501 1613 1568 hominis,
1655 1500 1838 1566 homo,
1879 1506 1936 1555 et
1964 1496 2040 1553 tui

445 1596 786 1652 miserebitur
817 1597 976 1651 Deus.
1006 1594 1086 1650 Tu
1126 1594 1306 1659 homo,
1338 1601 1392 1648 et
1419 1593 1558 1647 alter
1595 1591 1777 1658 homo,
1806 1589 1912 1645 duo
1938 1588 2040 1644 mi-

443 1693 568 1747 seri.
600 1691 741 1746 Deus
784 1685 961 1746 autem
992 1704 1094 1744 non
1137 1699 1217 1743 est
1258 1688 1441 1752 miser,
1473 1686 1569 1743 sed
1610 1685 1935 1741 misericors.
1979 1681 2037 1739 Si

442 1792 621 1837 autem
666 1782 830 1837 miser
868 1796 977 1836 non
1007 1781 1293 1834 miseratur
1322 1778 1598 1843 miserum,
1633 1772 1901 1847 quomodo
1926 1772 2039 1829 exi-

441 1873 513 1943 git
558 1871 977 1927 misericordiam
1023 1872 1092 1927 ab
1134 1870 1226 1925 illo
1265 1870 1354 1940 qui
1396 1883 1666 1940 nunquam
1695 1868 1800 1924 erit
1838 1863 2036 1922 miser?

442 1963 631 2020 Videte
677 1965 803 2035 quid
851 1965 1048 2029 dicam,
1094 1962 1309 2018 fratres.
1357 1961 1693 2031 Quicumque
1736 1967 1823 2016 est
1848 1967 2036 2014 contra

443 2058 754 2130 naufragum
782 2058 1034 2125 crudelis,
1058 2057 1208 2112 verbi
1231 2057 1423 2128 gratia,
1456 2054 1656 2111 tamdiu
1677 2053 1910 2109 crudelis
1930 2062 2032 2119 est,

441 2150 613 2206 donec
638 2152 909 2222 contingat
936 2152 1010 2206 illi
1037 2150 1392 2221 naufragium.
1427 2149 1484 2204 Si
1521 2157 1701 2204 autem
1729 2145 2031 2217 contigerit,

441 2244 752 2299 recordatus
779 2244 831 2299 in
865 2245 1143 2314 pristinam
1190 2243 1374 2309 vitam,
1402 2240 1616 2312 quando
1661 2239 1856 2295 viderit
1904 2253 2035 2294 nau-

441 2332 670 2405 fragum,
697 2334 925 2405 percutit
964 2334 1113 2389 illum
1154 2334 1344 2389 similis
1372 2331 1659 2403 aliquando
1691 2331 1939 2397 miseria;
1980 2337 2035 2386 et

439 2440 598 2495 quem
628 2441 733 2481 non
766 2433 974 2496 poterat
1001 2425 1069 2480 ad
1095 2423 1517 2480 misericordiam
1545 2421 1764 2478 ﬂectere
1802 2420 2034 2477 societas

441 2520 830 2590 humanitatis,
881 2520 1048 2577 ﬂectit
1093 2519 1423 2576 consortium
1472 2516 1810 2573 calamitatis.
1864 2514 2034 2571 Servo

440 2630 596 2685 quam
623 2614 731 2669 cito
752 2608 1065 2680 miseretur,
1094 2612 1183 2683 qui
1229 2609 1514 2681 aliquando
1555 2608 1796 2664 servivit.
1824 2607 2033 2663 Merce-

439 2705 646 2760 narium
673 2703 921 2759 mercede
951 2702 1249 2759 fraudatum
1272 2716 1433 2772 quam
1453 2700 1560 2756 cito
1584 2698 1750 2767 dolet,
1771 2698 1864 2770 qui
1892 2713 2028 2753 mer-

438 2796 683 2851 cenarius
708 2794 825 2850 fuit.
860 2794 1072 2849 Homini
1099 2793 1265 2848 ﬁlium
1308 2806 1466 2847 suum
1508 2790 1779 2862 plangenti
1805 2789 2061 2845 amaris-‘

437 2887 572 2942 sime
602 2887 943 2957 compatitur,
983 2884 1076 2956 qui
1119 2883 1403 2956 aliquando
1431 2882 1539 2939 tale
1564 2881 1762 2953 aliquid
1804 2881 2031 2951 planxit.

437 2978 580 3048 Ergo
607 2977 946 3048 quantamvis
970 2976 1222 3032 duritiam
1248 2974 1428 3031 cordis
1454 2974 1676 3029 humani
1703 2973 1863 3029 solvit
1886 2973 2033 3028 simi-

437 3069 610 3126 litudo
646 3069 899 3125 miseriae.
942 3068 999 3125 Si
1039 3083 1170 3140 ergo
1211 3077 1290 3133 tu,
1315 3067 1405 3137 qui
1435 3077 1527 3122 aut
1551 3066 1717 3122 miser
1744 3065 1912 3133 fuisti,
1939 3071 2035 3120 aut

439 3164 598 3219 times
624 3178 692 3218 ne
725 3162 890 3218 miser
928 3162 1002 3217 sis
1060 3159 1340 3233 (quamdiu
1373 3159 1518 3215 enim
1557 3157 1646 3214 hic
1673 3157 1831 3226 vivis,
1864 3164 1920 3213 et
1961 3157 2029 3212 ti-

437 3270 586 3311 mere
612 3254 777 3311 debes
797 3252 935 3323 quod
964 3268 1068 3308 non
1088 3251 1257 3319 fuisti,
1276 3261 1330 3307 et
1349 3251 1661 3308 meminisse
1681 3249 1823 3321 quod
1842 3249 2028 3319 fueris,

436 3354 495 3404 et
510 3345 745 3418 cogitare
763 3345 889 3417 quid
906 3346 980 3400 sis
1001 3343 1046 3417 ):
1074 3344 1278 3415 positus
1297 3357 1426 3415 ergo
1453 3349 1510 3399 et
1526 3342 1581 3399 in
1600 3341 1857 3399 memoria
1885 3357 2029 3413 prae-

438 3438 714 3494 teritarum
758 3438 1115 3504 miseriarum,
1142 3444 1197 3492 et
1221 3436 1276 3491 in
1307 3436 1499 3491 timore
1522 3434 1841 3503 futurarum,
1868 3443 1923 3491 et
1945 3434 2028 3490 af-

436 3532 672 3588 ﬂictione
692 3532 1055 3603 praesentium,
1088 3545 1194 3586 non
1234 3529 1506 3585 misereris
1530 3529 1827 3585 calamitosi
1853 3528 2029 3584 homi-

438 3628 520 3682 nis
544 3635 598 3682 ct
626 3628 831 3698 egentis
859 3641 962 3697 ope
982 3634 1092 3694 tua,
1121 3634 1176 3681 et
1200 3632 1483 3696 exspectas
1503 3631 1562 3679 ut
1585 3623 1903 3679 misereatur
1933 3623 2030 3680 tibi

436 3718 547 3787 ille,
574 3734 734 3789 quem
778 3733 1048 3789 nunquam
1089 3717 1257 3787 tangit
1299 3715 1552 3772 miseria?
1598 3716 1666 3770 Et
1704 3725 1760 3770 tu
1800 3731 1906 3772 non
1932 3714 2028 3772 das

436 3826 503 3867 ex
531 3826 598 3867 eo
626 3811 768 3881 quod
793 3826 823 3865 a
849 3810 962 3866 Deo
989 3809 1263 3881 accepisti,
1293 3818 1349 3865 et
1376 3808 1457 3865 vis
1485 3814 1544 3864 ut
1561 3807 1655 3865 det
1677 3807 1773 3864 tibi
1798 3808 1939 3865 Deus
1960 3822 2028 3864 ex

435 3916 502 3957 eo
529 3901 672 3971 quod
697 3918 727 3956 a
754 3910 806 3957 te
831 3916 936 3956 non
963 3899 1209 3971 accepit?

505 3994 561 4049 4.
605 3993 775 4063 Opera
819 3993 1179 4048 misericordiae
1220 4008 1461 4063 superare
1501 3991 1680 4047 debent
1724 3989 2026 4059 o/Tensiones

434 4093 653 4139 nostras.
686 4083 1036 4139 Misericordia
1078 4084 1297 4155 gemina.
1347 4083 1785 4151 Misericordiam,
1831 4082 2027 4141 fratres

434 4176 561 4239 mei,
588 4190 774 4231 omnes
812 4176 902 4246 qui
940 4176 1062 4230 ituri
1088 4176 1219 4231 estis
1255 4175 1322 4231 ad
1364 4175 1552 4231 domos
1592 4186 1820 4245 vestras,
1861 4185 1916 4232 et
1956 4192 2025 4233 ex

436 4253 539 4325 hoc
567 4270 655 4324 vix
700 4284 798 4325 nos
828 4270 1147 4337 videbimus,
1177 4272 1279 4325 nisi
1322 4286 1417 4341 per
1454 4270 1683 4342 aliquam
1710 4271 2014 4327 solemnita-

434 4372 563 4429 tem,
590 4361 1007 4416 misericordiam
1041 4361 1360 4432 operamini,
1391 4362 1513 4432 quia
1535 4363 1811 4419 abundant
1836 4377 2024 4432 pecca-

348 4494 352 4499 .
430 4462 503 4508 ta.
548 4452 664 4507 Alia
713 4452 947 4521 requies,
991 4452 1095 4507 alia
1121 4453 1205 4507 via
1232 4468 1338 4508 non
1365 4461 1469 4520 est,
1497 4470 1600 4525 qua
1644 4454 2022 4526 perveniamus

429 4543 494 4597 ad
527 4543 714 4609 Deum,
747 4558 849 4612 qua
896 4543 1338 4614 redintegremur,
1368 4559 1472 4615 qua
1514 4546 1921 4600 reconciliemur
1945 4545 2017 4614 ei,

428 4649 588 4713 quem
634 4634 1088 4705 periculosissime
1128 4635 1470 4691 oliendimus.
1500 4636 1723 4692 Venturi
1755 4652 1941 4693 sumus
1965 4637 2021 4693 in

427 4737 774 4800 conspectum
806 4728 922 4800 ejus
952 4747 967 4783 :
997 4728 1283 4799 loquantur
1310 4729 1383 4784 ibi
1414 4745 1510 4800 pro
1536 4732 1691 4785 nobis
1731 4746 1894 4801 opera
1921 4746 2020 4787 no-

428 4828 575 4887 stra;
618 4828 675 4876 et
720 4820 794 4876 ita
840 4820 1142 4892 loquantur,
1176 4829 1232 4876 ut
1273 4829 1543 4891 superent
1566 4821 1890 4880 offensiones
1914 4839 2017 4881 no-

424 4922 587 4968 stras.
612 4912 767 4982 Quod
806 4914 949 4969 enim
992 4913 1220 4984 amplius
1261 4911 1442 4981 fuerit,
1470 4912 1574 4969 hoc
1602 4914 1880 4983 obtinebit,
1932 4917 2017 4973 vel

424 5005 491 5061 ad
518 5021 754 5076 poenam,
785 5005 832 5062 si
874 5016 1088 5077 peccata
1120 5007 1444 5073 meruerint;
1472 5007 1557 5062 vel
1585 5008 1654 5064 ad
1678 5011 1939 5081 requiem,
1970 5011 2017 5066 si

423 5112 586 5169 opera
612 5100 771 5156 bona.
811 5098 1173 5156 Misericordia
1200 5109 1377 5157 autem
1402 5103 1611 5173 gemina
1636 5112 1716 5158 est
1746 5103 1800 5158 in
1824 5103 2016 5160 Eccle-

426 5190 502 5244 sia
532 5209 544 5245 :
574 5206 677 5246 una
707 5190 760 5246 in
787 5206 853 5246 eo
892 5191 1051 5248 titulo
1090 5209 1196 5264 quo
1239 5209 1400 5249 nemo
1426 5193 1688 5264 impendit
1711 5196 2012 5266 pecuniam,

424 5297 584 5338 nemo
612 5283 773 5339 etiam
798 5283 884 5340 vel
922 5284 1197 5353 laborem;
1229 5285 1396 5342 altera
1425 5301 1547 5357 quas
1572 5286 1640 5342 de
1668 5287 1823 5343 nobis
1852 5289 2015 5359 exigit

422 5381 514 5428 aut
536 5372 770 5430 oftlcium
810 5375 1010 5447 operis,
1048 5385 1143 5432 aut
1176 5376 1443 5448 impendia
1489 5377 1747 5447 pecuniae.
1778 5378 1868 5433 llla
1897 5395 2013 5449 qua:

421 5477 452 5518 a
481 5464 634 5520 nobis
660 5466 825 5537 exigit
860 5466 993 5523 nihil
1031 5469 1355 5541 erogationis
1386 5469 1470 5525 vel
1501 5469 1719 5536 laboris,
1752 5469 1806 5524 in
1833 5460 2013 5535 animo

420 5557 705 5613 constituta
729 5567 832 5628 est,
857 5567 919 5615 ut
943 5559 1190 5632 ignoscas
1225 5562 1275 5618 ei
1318 5560 1410 5634 qui
1452 5562 1505 5618 in
1550 5571 1602 5618 te
1646 5565 1903 5634 peccavit.
1931 5564 2012 5621 Ad

422 5648 560 5703 hanc
586 5650 982 5726 eleemosynam
1026 5654 1433 5726 impendendam
1480 5656 1763 5713 thesaurus
1792 5666 1912 5713 tuus
1956 5657 2010 5714 in

419 5742 582 5800 corde
608 5751 699 5801 tuo
725 5756 805 5803 est
839 5764 850 5800 :
883 5747 954 5805 ibi
999 5756 1053 5805 te
1093 5749 1327 5820 explicas
1368 5765 1551 5809 coram
1598 5751 1724 5809 Deo.
1767 5751 1886 5810 Non
1917 5751 2010 5811 tibi

1662 268 1719 326 S.
1760 258 2127 323 AUGUSTINI
2167 261 2467 320 EPISCOPI

3606 270 3747 330 ιιοο

2149 378 2358 449 dicitur,
2394 379 2581 438 Profer
2606 384 2898 452 sacculum,
2944 384 3092 455 aperi
3129 399 3308 441 arcam
3330 424 3346 451 ,
3373 382 3587 455 resigna
3617 381 3749 440 hor-

2148 488 2299 529 reum
2331 492 2343 528 :
2374 490 2548 547 neque
2579 474 2679 531 hoc
2709 476 2803 533 tibi
2840 476 3055 544 dicitur,
3086 476 3242 543 Veni,
3291 476 3526 543 ambula,
3557 491 3743 545 curre,

2145 562 2360 633 festina,
2391 567 2680 637 intercede,
2720 569 2959 642 loquere,
2989 570 3166 639 visita,
3205 570 3406 627 labora.
3446 569 3608 625 Stans
3637 584 3748 627 uno

2148 657 2270 715 loco
2320 661 2590 734 projecisti
2635 663 2703 720 de
2746 674 2963 736 pectore
2996 675 3087 721 tuo
3114 665 3221 722 duo
3249 674 3402 722 tenes
3425 674 3610 721 contra
3639 666 3751 721 fra-

2148 758 2283 809 trem
2311 761 2483 824 tuum,
2503 754 2675 812 fecisti
2696 759 3139 823 misericordiam,
3161 759 3309 814 nullo
3333 768 3569 829 sumptu,
3593 758 3747 814 nullo

2146 844 2351 914 labore,
2380 838 2495 903 sola
2528 848 2785 918 bonitate,
2827 852 2938 906 sola
2980 851 3360 907 misericordia:
3394 850 3741 922 cogitatione.

2144 936 2277 993 Nam
2299 940 2344 995 si
2371 939 2628 1010 dicamus,
2655 941 2886 1015 Erogate
2915 958 3002 999 res
3024 952 3232 1000 vestras
3256 944 3597 1015 pauperibus;
3621 944 3743 1000 duri

2144 1030 2464 1088 videbimur.
2496 1032 2654 1091 Certe
2700 1036 2783 1092 vel
2834 1051 2977 1091 nunc
3014 1037 3163 1092 lenes
3209 1045 3265 1093 et
3304 1035 3490 1091 faciles
3533 1052 3739 1104 sumus,

2144 1123 2359 1194 quando
2405 1125 2635 1183 dicimus
2684 1145 2699 1181 :
2744 1126 3040 1200 Impendite
3085 1128 3232 1185 unde
3283 1128 3416 1185 nihil
3464 1130 3737 1197 minuetis,

2144 1217 2394 1275 dimittite
2432 1229 2491 1276 ut
2527 1220 2827 1279 dimittatur
2853 1223 3027 1280 vobis.
3068 1224 3315 1279 Dicamus
3360 1231 3541 1279 tamen
3578 1222 3741 1278 etiam

2144 1308 2305 1378 istud,
2340 1313 2471 1370 Date
2497 1323 2553 1370 et
2583 1315 2795 1372 dabitur
2820 1315 2992 1371 vobis.
3016 1315 3304 1393 Conjunxit
3338 1314 3453 1370 haec
3480 1314 3742 1370 Dominus

2141 1401 2196 1460 in
2226 1416 2514 1478 praecepto,
2539 1418 2593 1463 et
2614 1408 2714 1464 ista
2752 1408 2859 1464 duo
2898 1405 3279 1464 misericordiae
3299 1423 3494 1478 genera
3515 1422 3740 1476 expres—

2142 1495 2232 1551 sit.
2279 1496 2555 1568 Dimittite,
2601 1508 2650 1555 et
2693 1499 2974 1556 dimittetur
3017 1500 3156 1555 vobis
3186 1518 3208 1556 :
3246 1498 3612 1555 misericordia
3655 1505 3744 1553 est

2141 1587 2484 1660 ignoscentis.
2518 1590 2649 1647 Date
2683 1602 2729 1646 et
2769 1592 2972 1647 dabitur
3004 1591 3143 1647 vobis
3184 1589 3337 1663 (Luc.
3365 1607 3439 1657 v1,
3471 1590 3561 1658 37,
3591 1589 3685 1660 58)
3722 1606 3737 1641 :

2141 1679 2506 1737 misericordia
2532 1691 2615 1738 est
2639 1685 2927 1755 erogantis.
2959 1683 3092 1739 Vide
3127 1683 3173 1739 si
3204 1698 3310 1738 non
3339 1682 3568 1753 amplius
3593 1681 3739 1736 Deus

2144 1771 2236 1827 dat
2276 1774 2451 1831 nobis.
2486 1774 2564 1831 Tu
2592 1777 2820 1847 ignoscis
2863 1777 3084 1845 homini,
3116 1776 3168 1832 in
3197 1792 3305 1848 quo
3330 1785 3382 1832 te
3411 1776 3548 1831 laesit
3574 1775 3738 1830 homo

2139 1863 2411 1922 hominem
2445 1885 2458 1920 :
2490 1869 2715 1940 ignoscit
2745 1872 2838 1926 tibi
2871 1873 3029 1938 Deus,
3064 1873 3115 1925 in
3136 1887 3243 1943 quo
3269 1870 3535 1927 oﬂendisti
3573 1871 3738 1925 homo

2140 1956 2329 2014 Deum.
2358 1959 2624 2032 Numquid
2644 1963 2787 2019 enim
2812 1963 2916 2020 hoc
2940 1973 3022 2019 est
3052 1964 3322 2019 hominem
3352 1963 3566 2027 laedere,
3589 1962 3738 2034 quod

2139 2060 2222 2107 est
2250 2052 2414 2109 Deum
2450 2053 2757 2114 olfeiidere?
2798 2056 2939 2139 Ergo
2984 2055 3103 2127 plus
3152 2056 3246 2111 tibi
3290 2055 3438 2112 dedit
3478 2073 3491 2108 :
3524 2057 3648 2126 quia
3679 2066 3739 2112 tu

2138 2141 2243 2198 hoc
2280 2142 2550 2213 dimisisti,
2579 2146 2633 2201 in
2663 2162 2769 2217 quo
2799 2146 2962 2202 homo
3007 2147 3168 2202 lassus
3211 2154 3331 2213 est;
3380 2146 3479 2201 hoc
3520 2147 3613 2202 ille
3648 2146 3737 2201 di-

2138 2238 2320 2306 mittit,
2349 2240 2402 2293 in
2427 2255 2534 2311 quo
2567 2240 2710 2296 Deus
2736 2240 2974 2298 offensus
3001 2252 3104 2298 est.
3136 2239 3405 2296 Attendite
3432 2240 3593 2295 aliam
3632 2240 3737 2294 mi-

2138 2331 2485 2386 sericordiam
2531 2332 2968 2404 dispensationis.
3000 2333 3083 2388 Tu
3126 2332 3223 2389 das
3266 2348 3478 2402 panem,
3509 2333 3600 2386 ille
3644 2332 3738 2387 dat

2137 2422 2396 2489 salutem;
2430 2431 2488 2479 tu
2535 2424 2631 2480 das
2677 2426 2881 2482 sitienti
2925 2426 3170 2496 poculum
3217 2425 3439 2497 liquoris
3484 2425 3732 2495 alicujus,

2137 2513 2227 2570 ille
2252 2515 2343 2571 tibi
2367 2514 2459 2571 dat
2483 2517 2731 2586 poculum
2762 2518 3036 2587 sapientia:
3062 2532 3194 2574 suae.
3230 2516 3495 2588 Numquid
3522 2518 3621 2573 ista
3646 2517 3735 2574 vel

2136 2606 2493 2677 comparanda
2523 2616 2667 2674 sunt,
2696 2607 2838 2679 quod
2865 2607 2980 2671 das,
3025 2616 3081 2663 et
3120 2606 3263 2679 quod
3308 2607 3544 2678 accipis?
3592 2606 3737 2664 Ecce

2136 2696 2404 2767 quomodo
2429 2696 2778 2754 fenerandum
2806 2708 2907 2755 est.
2934 2697 2992 2756 Si
3018 2700 3138 2770 quis
3158 2698 3273 2755 vult
3292 2714 3411 2755 esse
3439 2697 3731 2769 fenerator,

2136 2789 2356 2843 omnino
2402 2804 2509 2845 non
2558 2789 2944 2860 prohibemus:
2975 2790 3071 2846 sed
3114 2790 3266 2845 illum
3314 2788 3609 2855 feneretur,
3639 2791 3733 2862 qui

2136 2895 2244 2937 non
2273 2881 2341 2937 sit
2384 2895 2587 2953 pauper
2625 2883 2777 2954 plura
2819 2894 2874 2939 et
2919 2882 3126 2955 majora
3168 2882 3465 2952 reddendo,
3494 2893 3551 2940 et
3578 2883 3728 2954 cujus

2135 2982 2219 3029 est
2261 2974 2422 3051 etiam
2464 2973 2568 3030 hoc
2615 2973 2786 3046 ipsum
2830 2975 3218 3048 qualecumque
3260 2976 3404 3048 quod
3440 2974 3493 3032 ei
3529 2974 3650 3044 das,
3674 2986 3732 3033 ut

2135 3066 2364 3136 amplius
2390 3066 2688 3140 meliusque
2715 3068 2961 3140 recipias.

2205 3159 2258 3215 5.
2299 3158 2637 3232 Eleemosyna
2665 3163 2922 3234 eroganda
2943 3179 3057 3217 cum
3074 3162 3358 3218 humilitate
3379 3170 3427 3218 et
3452 3162 3729 3218 hilaritate.

2136 3250 2267 3307 Illud
2297 3253 2456 3308 etiam
2508 3269 2702 3310 moneo
2750 3254 3096 3323 sanctitatem
3144 3265 3399 3325 vestram,
3450 3265 3509 3312 ut
3550 3257 3732 3313 sciatis

2135 3357 2257 3398 eum
2286 3343 2501 3414 duplam
2552 3346 2975 3403 misericordiam
3024 3346 3221 3417 facere,
3264 3349 3356 3420 qui
3402 3350 3732 3420 pauperibus

2135 3433 2214 3488 sic
2242 3434 2333 3488 dat
2369 3435 2590 3506 aliquid,
2630 3446 2686 3491 ut
2715 3435 2833 3508 ipse
2872 3447 3076 3509 eroget.
3108 3438 3222 3494 Non
3254 3439 3396 3495 cnim
3425 3439 3587 3496 debet
3610 3454 3735 3496 esse

2132 3526 2246 3581 sola
2272 3526 2570 3599 benignitas
2599 3528 2891 3598 largientis,
2919 3530 3013 3585 sed
3040 3538 3095 3585 et
3119 3529 3393 3587 humilitas
3417 3531 3733 3587 ministran-

2134 3617 2220 3672 tis.
2261 3617 2453 3674 Nescio
2476 3620 2764 3690 quomodo,
2810 3620 3001 3677 fratres
3049 3622 3175 3690 mei,
3221 3621 3432 3679 animus
3474 3624 3591 3693 ejus
3634 3623 3731 3695 qui

2132 3710 2356 3780 porrigit
2407 3711 2650 3782 pauperi,
2705 3712 2847 3768 velut
2892 3712 3164 3768 communi
3213 3713 3527 3769 humanitati
3570 3723 3733 3785 atque

2131 3801 2427 3857 infirmitati
2453 3804 2794 3875 compatitur,
2817 3804 3030 3876 quando
3061 3806 3274 3876 ponitur
3300 3821 3490 3861 manus
3519 3804 3731 3862 haben-

2131 3891 2201 3948 tis
2240 3892 2293 3947 in
2335 3907 2551 3948 manum
2581 3893 2885 3964 indigentis.
2917 3894 3171 3961 Quamvis
3201 3895 3293 3951 ille
3318 3895 3430 3962 det,
3469 3895 3556 3951 ille
3580 3896 3731 3951 acci-

2128 3985 2259 4057 piat,
2291 3986 2690 4059 conjunguntur
2731 3988 2975 4044 minister
3015 3996 3071 4045 et
3096 3989 3180 4045 cui
3210 3990 3561 4046 ministratur.
3610 3989 3731 4046 Non

2130 4080 2274 4136 enim
2296 4080 2473 4153 jungit
2497 4096 2595 4137 nos
2613 4083 2909 4150 calamitas,
2941 4084 3037 4140 sed
3067 4084 3355 4141 humilitas.
3386 4084 3732 4141 Abundantia

2128 4183 2306 4230 vestra
2333 4177 2437 4231 erit
2462 4175 2634 4243 vobis,
2663 4177 2710 4232 si
2739 4177 2966 4233 Domino
3014 4178 3208 4249 placet,
3255 4189 3310 4235 et
3354 4179 3478 4236 filiis
3507 4180 3726 4236 vestris.

2128 4265 2232 4323 Sed
2285 4266 2355 4322 de
2399 4267 2499 4323 ista
2550 4274 2764 4324 terrena
2809 4269 3131 4326 abundantia
3189 4270 3333 4326 nulla
3376 4270 3578 4327 mentio
3618 4279 3726 4339 est,

2127 4374 2288 4430 quam
2309 4360 2502 4416 videtis
2526 4359 2810 4417 obnoxiam
2846 4363 3004 4418 tantis
3022 4363 3251 4419 casibus.
3281 4362 3433 4420 Jaeet
3469 4364 3523 4419 in
3561 4363 3727 4419 domo

2128 4452 2415 4507 thesaurus
2438 4453 2671 4523 quietus,
2695 4453 2968 4509 dominum
2999 4455 3238 4526 quietum
3274 4471 3394 4512 esse
3436 4471 3543 4511 non
3572 4455 3721 4511 sinit.

2127 4542 2371 4600 Timetur
2409 4545 2563 4613 latro,
2594 4546 2811 4602 timetur
2833 4545 3102 4615 eﬂractor,
3135 4549 3352 4604 timetur
3379 4562 3568 4603 servus
3594 4546 3721 4601 infi-

2124 4634 2278 4700 delis,
2308 4636 2522 4692 timetur
2553 4637 2755 4694 vicinus
2799 4639 2972 4695 malus
3008 4647 3064 4695 et
3110 4649 3320 4720 pptens.
3360 4639 3572 4709 Quanto
3600 4640 3721 4710 plus

2123 4735 2358 4796 tenetur,
2390 4739 2536 4787 tanto
2577 4731 2698 4802 plus
2740 4732 2973 4788 timetur.
3007 4732 3064 4789 Si
3089 4741 3267 4790 autem
3304 4748 3495 4804 erogas
3525 4733 3638 4789 Deo
3664 4733 3723 4789 in

2124 4838 2407 4894 pauperes,
2436 4839 2543 4878 non
2573 4823 2771 4894 perdis,
2803 4833 2858 4880 et
2898 4839 3118 4881 securus
3143 4824 3396 4894 efﬁceris,
3440 4825 3563 4896 quia
3605 4825 3722 4894 ipse

2122 4915 2266 4972 Deus
2293 4916 2523 4973 custodit
2552 4917 2645 4974 tibi
2675 4919 2730 4973 in
2765 4918 2926 4987 coelo,
2955 4919 3044 4990 qui
3087 4926 3142 4975 et
3171 4919 3262 4975 tibi
3301 4919 3605 4976 necessaria
3628 4917 3723 4974 dat

2123 5025 2283 5082 super
2305 5019 2521 5068 terram.
2545 5014 2626 5067 An
2653 5011 2790 5068 forte
2809 5013 2986 5082 times,
3010 5029 3077 5069 ne
3098 5014 3285 5085 perdat
3306 5013 3552 5070 Christus
3570 5011 3716 5084 quod

2122 5102 2199 5157 illi
2224 5104 2721 5160 commendaveris?
2744 5104 2934 5161 Nonne
2970 5105 3395 5178 dispensatorem
3426 5104 3716 5177 unusquis-

2120 5208 2227 5264 que
2252 5194 2400 5264 eligit
2422 5194 2491 5251 dc
2515 5193 2711 5250 familia
2727 5212 2824 5252 sua
2846 5195 3081 5264 ﬁdelem,
3106 5198 3191 5254 cui
3220 5199 3518 5255 committat
3548 5213 3711 5269 pecu-

2120 5286 2263 5343 niam
2289 5288 2479 5343 suam?
2506 5288 2610 5358 Qui
2636 5290 2734 5345 etsi
2764 5288 2925 5347 habet
2958 5290 3010 5345 in
3047 5299 3308 5362 potestate
3336 5308 3446 5348 non
3471 5289 3707 5358 auferre,

2120 5394 2227 5435 non
2257 5387 2434 5435 tamen
2467 5378 2626 5436 habet
2654 5380 2708 5435 in
2733 5389 2997 5452 potestate
3023 5396 3130 5438 non
3158 5382 3406 5454 perdere.
3434 5382 3573 5451 Quid
3601 5381 3710 5438 ﬁdo

2116 5473 2317 5530 Christi
2360 5473 2657 5545 prolixius?
2698 5474 2826 5546 quid
2864 5476 3248 5547 omnipotentis
3294 5475 3565 5532 divinius?
3598 5474 3714 5532 Nec

2116 5565 2327 5622 auferre
2370 5566 2461 5621 tibi
2490 5566 2690 5638 aliquid
2728 5574 2925 5637 potest,
2968 5568 3093 5639 quia
3134 5567 3251 5639 ipse
3289 5567 3439 5626 dedit
3478 5567 3573 5624 tibi
3610 5581 3712 5639 spe

2116 5659 2259 5731 quod
2298 5659 2369 5714 illi
2399 5659 2556 5714 dares
2589 5677 2603 5714 :
2635 5674 2734 5715 nec
2771 5657 2969 5731 aliquid
3009 5658 3254 5732 perdere,
3293 5660 3419 5732 quia
3460 5661 3711 5717 universa

2114 5753 2451 5828 omnipotens
2495 5759 2661 5812 tenet.
2706 5752 2943 5813 Reficitis
2985 5752 3209 5827 viscera,
3249 5752 3462 5828 quando
3505 5760 3708 5828 agape.
