4102 6326
411 289 546 351 “Oi

407 402 599 459 facitis.
624 401 757 468 Quia
799 399 1042 456 videmur
1075 413 1173 454 nos
1210 398 1532 467 ministrare,
1562 404 1616 452 et
1640 404 1822 451 nostra
1850 396 1985 450 dan-

410 505 515 560 tur,
546 503 602 549 et
630 508 727 564 per
757 508 853 547 nos
876 493 1106 559 dantur;
1136 501 1189 547 et
1216 500 1391 546 tamen
1429 506 1491 546 ea
1516 490 1727 554 dantur,
1760 504 1877 558 qua:
1903 503 1990 542 no-

410 588 491 643 bis
522 588 660 642 Deus
685 586 850 642 dedit.
872 587 1074 640 Barium
1093 595 1195 651 est,
1215 585 1426 651 fratres,
1452 585 1611 638 etiam
1638 599 1794 637 manu
1817 590 1988 636 vestra

408 679 728 749 dispensetis
772 695 785 732 :
825 677 980 733 valde
1019 686 1224 746 gratum
1261 684 1344 731 est
1382 676 1506 731 Deo.
1548 677 1666 744 Ipse
1692 674 1901 743 accipit,
1938 681 1991 727 et

406 773 554 829 dabit
587 772 702 835 tibi,
730 771 819 841 qui
849 779 969 825 ante
999 770 1089 825 tibi
1117 785 1273 838 quam
1298 769 1517 825 deberet
1544 768 1683 838 quod
1724 768 1878 821 dares
1906 766 1993 821 de-

408 866 502 921 dit.
542 864 706 919 Debet
739 862 1060 932 erogationis
1098 860 1271 917 ofﬁcio
1302 861 1547 930 conjungi
1591 858 1992 913 ministrationis

408 959 659 1012 ofﬁcium.
683 955 816 1011 Cum
841 956 932 1009 tibi
960 956 1113 1009 liceat
1134 954 1267 1009 duas
1290 953 1564 1009 mercedes
1587 953 1804 1016 habere,
1829 966 1992 1021 quare

314 1090 329 1100 .
410 1048 587 1117 perdis
618 1047 809 1100 unam?
851 1045 953 1100 Sed
985 1045 1221 1115 quisquis
1250 1046 1425 1099 minus
1455 1044 1674 1097 idoneus
1713 1052 1794 1097 est
1819 1041 1991 1095 omni-

411 1141 507 1193 bus
535 1139 681 1203 dare,
712 1137 801 1191 det
832 1138 1151 1206 pauperibus
1185 1152 1279 1205 pro
1307 1136 1527 1202 viribus,
1557 1151 1676 1188 cum
1706 1134 1989 1187 hilaritate.

412 1229 639 1284 Hilarem
658 1239 821 1282 autem
837 1229 1060 1282 datorem
1084 1229 1246 1298 diligit
1263 1227 1399 1281 Deus
1417 1226 1477 1298 (ll
1502 1226 1616 1281 Cor.
1641 1242 1715 1292 Ix,
1737 1225 1813 1294 7).
1837 1225 1993 1280 Omni

411 1324 579 1392 pretio
600 1321 1012 1391 comparandum
1037 1321 1361 1391 pr0positnm
1378 1328 1460 1374 est
1476 1334 1695 1388 regnum
1713 1318 1989 1372 caelorum.

408 1415 521 1470 Non
564 1424 647 1470 est
677 1423 732 1467 ut
779 1414 920 1467 dicat
966 1413 1157 1482 aliquis
1183 1412 1385 1466 habens
1408 1411 1543 1465 duos
1569 1411 1836 1476 denarios,
1881 1409 1995 1465 ido-

411 1524 568 1562 neum
595 1524 653 1562 se
672 1523 774 1562 non
803 1522 922 1561 esse
951 1506 1015 1559 ad
1033 1506 1470 1574 comparandum.
1494 1504 1665 1559 Tanto
1688 1504 1994 1574 evangelica

411 1604 495 1657 illa
527 1602 679 1655 vidua
710 1600 1036 1669 comparavit
1063 1598 1218 1668 (Luc.
1243 1615 1354 1665 xxI,
1374 1597 1457 1668 2).

480 1697 533 1752 6.
564 1696 683 1749 Dies
713 1696 897 1767 feriati.
944 1694 1149 1749 Peracli
1189 1702 1315 1747 sunt
1357 1691 1473 1746 dies
1520 1690 1696 1745 feriati
1740 1689 1835 1762 (a),
1868 1703 1995 1743 suc-

408 1789 601 1845 cedent
640 1788 748 1857 jam
799 1787 871 1841 illi
918 1786 1349 1848 conventionum,
1385 1785 1759 1848 exactionum,-
1791 1782 1994 1852 litigio-

413 1898 527 1936 rum
558 1901 568 1933 :
604 1880 777 1935 videte
805 1879 1075 1949 quomodo
1103 1879 1151 1931 in
1182 1878 1263 1931 his
1290 1877 1499 1939 vivatis,
1539 1875 1727 1930 fratres
1762 1875 1887 1929 mei.
1916 1874 1994 1929 De

414 1974 686 2027 vacatione
737 1971 941 2025 dierum
1006 1971 1227 2023 istorum
1286 1966 1745 2023 mansuetudinem
1790 1964 1995 2019 debetis

411 2068 713 2132 concipere,
736 2078 838 2117 non
857 2062 1151 2132 jurgiorum
1174 2061 1394 2115 consilia
1418 2059 1681 2113 meditari.
1700 2058 1835 2113 Sunt
1854 2057 1995 2112 enim

413 2157 677 2219 homines,
710 2156 797 2225 qui
832 2162 1109 2224 propterea
1160 2160 1481 2207 vacaverunt
1538 2166 1631 2220 per
1678 2149 1792 2203 dies
1843 2148 1992 2214 istos,

410 2258 469 2303 ut
490 2249 787 2317 cogitarent
812 2246 1058 2312 malitias,
1084 2260 1215 2315 quas
1236 2251 1547 2298 exercerent
1567 2250 1686 2312 post
1708 2241 1820 2296 dies
1844 2240 1991 2295 istos.

413 2339 651 2394 Petimus
680 2352 795 2403 vos,
828 2346 883 2391 ut
924 2337 992 2390 ita
1024 2335 1236 2400 vivatis,
1271 2344 1519 2404 tanquam
1552 2334 1639 2404 qui
1675 2334 1782 2387 Deo
1827 2334 1991 2387 ratio-

414 2446 533 2486 nem
563 2430 863 2485 reddituros
885 2443 981 2483 vos
1017 2428 1197 2482 sciatis
1236 2426 1303 2481 de
1342 2434 1447 2481 tota
1473 2427 1601 2489 vita,
1628 2441 1735 2479 non
1777 2425 1843 2479 de
1869 2425 1995 2479 solis

412 2523 526 2577 istis
575 2521 874 2591 quindecim
918 2519 1123 2574 diebus.
1160 2517 1361 2573 Deinde
1404 2517 1797 2585 Scripturarum
1852 2531 1996 2585 quaa-

412 2615 633 2679 stiones,
664 2628 793 2683 quas
818 2612 1066 2665 hesterna
1092 2611 1179 2664 die
1216 2608 1483 2679 proposui,
1519 2616 1571 2662 et
1592 2607 1833 2677 angustia
1864 2614 1995 2659 tem-

414 2705 558 2774 poris
588 2704 930 2773 impediente,
953 2717 1057 2757 non
1086 2702 1239 2766 solvi,
1264 2700 1432 2755 fateor
1457 2714 1542 2753 me
1563 2698 1759 2752 debere
1775 2697 1869 2769 (b).
1889 2697 1994 2752 Sed

413 2807 577 2862 certe,
609 2797 729 2866 quia
760 2796 875 2850 dies
908 2796 998 2865 qui
1037 2801 1331 2864 sequuntur
1359 2794 1466 2863 jam
1496 2792 1799 2846 exactiones
1835 2791 1994 2846 etiam

414 2889 653 2959 pecuni-.1:
683 2888 1130 2957 permittuntjure
1162 2886 1357 2941 forensi
1390 2896 1442 2939 et
1468 2886 1695 2953 publico,
1726 2883 1826 2939 hoc
1852 2900 1879 2938 a
1911 2899 1995 2939 me

415 2982 589 3051 potius
625 2995 721 3035 vos
750 2982 945 3051 exigite
970 2982 1089 3049 jure
1113 2979 1423 3033 christiano.
1456 2978 1612 3032 Modo
1640 2978 1783 3033 enim
1810 2993 1995 3032 omnes

413 3075 765 3131 solemnitatis
789 3075 956 3145 gratia
976 3074 1230 3128 veniunt:
1257 3081 1377 3142 post
1398 3073 1528 3126 istos
1544 3071 1660 3125 dies
1690 3086 1840 3125 amor
1864 3071 1996 3140 legis

415 3169 639 3225 adducat
663 3184 691 3222 a
717 3184 800 3223 me
839 3167 977 3239 exigi
1008 3167 1147 3238 quod
1180 3165 1418 3235 promisi.
1457 3164 1556 3233 Qui
1587 3164 1730 3219 enim
1763 3164 1872 3231 dat,
1904 3178 1998 3232 per

420 3280 504 3317 ine
543 3264 631 3317 dat
660 3263 808 3317 vobis
841 3280 853 3314 :
886 3263 998 3331 ipse
1026 3262 1207 3329 utique
1233 3260 1324 3313 dzit
1369 3257 1617 3312 omnibus
1658 3256 1831 3311 nobis.
1864 3257 1996 3311 Novi

416 3355 607 3425 quippe
637 3354 948 3425 Apostolum
977 3353 1263 3416 dicentem,
1295 3350 1507 3403 Reddite
1535 3349 1767 3402 omnibus
1795 3349 1961 3401 debita
1980 3364 1998 3401 :

415 3448 496 3500 cui
524 3448 785 3508 tributum,
820 3445 1097 3507 tributum;
1128 3444 1207 3495 cui
1236 3442 1465 3510 vectigal,
1497 3440 1745 3509 vectigal;
1791 3441 1874 3492 cui
1904 3441 1997 3493 ho-

418 3555 608 3598 norem,
639 3538 910 3598 honorem;
940 3535 1021 3587 cui
1046 3536 1292 3595 timorem,
1324 3533 1551 3584 timorem
1582 3548 1599 3583 :
1630 3532 1815 3583 nemini
1846 3530 1999 3599 quid-

418 3650 566 3701 quam
581 3632 815 3697 debeatis,
833 3630 925 3683 nisi
943 3640 996 3682 ut
1012 3629 1218 3681 invicem
1237 3626 1457 3695 diligatis
1477 3624 1646 3691 (Rom.
1677 3640 1789 3683 xm,
1810 3624 1841 3676 7
1858 3632 1901 3675 et
1919 3624 1998 3689 8).

423 3723 545 3778 Sola
586 3723 799 3777 dilectio
826 3728 905 3774 est
935 3733 1148 3787 semper
1183 3714 1485 3778 reddenda;
1516 3729 1671 3767 nemo
1710 3730 1737 3765 a
1772 3713 1861 3767 tali
1904 3712 2001 3767 de-

420 3818 532 3871 bito
555 3817 761 3871 alienus
782 3825 881 3867 est.
900 3812 1051 3881 Quod
1073 3812 1213 3865 enim
1241 3810 1431 3872 debeo,
1464 3806 1675 3871 fratres,
1705 3807 1755 3861 in
1787 3808 2003 3863 nomine

426 3910 632 3963 Domini
665 3907 966 3962 redditurus
992 3920 1128 3959 sum.
1164 3902 1269 3957 Sed
1303 3902 1473 3956 fateor
1499 3901 1667 3967 vobis,
1694 3916 1796 3955 non
1829 3899 2004 3954 ofﬁcio

424 4002 692 4073 segnibus,
718 4000 808 4054 sed
836 3997 1171 4066 exigentibus
1198 3994 1384 4049 reddo.

922 4098 1151 4156 ssnuo
1188 4096 1507 4167 CCLX‘(c).

429 4198 644 4252 Habitus
689 4197 860 4251 eodem
909 4196 987 4249 die
1021 4194 1075 4247 in
1116 4193 1323 4247 ecclesia
1373 4190 1670 4256 Leontiana,
1704 4189 1767 4244 de
1804 4190 2007 4245 monitis

973 4289 1334 4357 baptizatorum
1358 4286 1457 4354 (ά).

507 4384 709 4440 Octava:
732 4384 1023 4453 infantium.
1044 4381 1188 4435 Falsi
1219 4381 1411 4451 ﬁdeles.
1429 4378 1744 4433 Continentia
1764 4379 2010 4434 servanda

437 4496 527 4549 pro
556 4495 646 4530 suo
667 4478 845 4548 cuique
870 4475 1049 4547 gradu.
1092 4472 1272 4526 Votum
1306 4472 1625 4525 continentia:
1648 4489 1748 4525 non
1772 4472 2004 4537 reddens,

428 4573 711 4626 damnatur.
727 4569 801 4623 Nc
819 4583 994 4622 moras
1008 4566 1281 4629 faciamus,
1300 4565 1467 4619 acturi
1481 4564 1663 4626 multa,
1681 4564 2009 4634 rcgeneratis

488 4685 505 4705 ·
526 4682 813 4731 Emendatus
844 4679 901 4728 ad
935 4678 1126 4727 codices
1148 4678 1223 4726 eb.
1251 4691 1325 4731 gr.
1353 4692 1394 4725 r.
1425 4682 1477 4726 et
1515 4676 1573 4725 ad
1606 4676 1743 4725 Ulim.
1769 4684 1869 4726 Par.
1890 4684 2004 4727 Lov.

488 4691 505 4705 '
526 4691 813 4731 Emendatus
844 4691 901 4728 aa
935 4691 1126 4727 coerces
1148 4691 1223 4726 cn.
1315 4714 1325 4725 .
1353 4692 1394 4725 r.
1425 4691 1477 4726 et
1515 4691 1573 4725 aa
1608 4691 1743 4725 unm.
1771 4691 1869 4726 Par.
1891 4691 2004 4727 Lov.

485 4746 557 4811 (a)
581 4747 693 4793 Dies
712 4742 1080 4811 quindecimtut
1101 4752 1211 4811 mox
1236 4691 1367 4811 (ﬁget
1397 4753 1407 4787 :
1570 4740 1871 4811 estgsepteni
1894 4747 2009 4811 ante

427 4800 619 4863 Pascha,
643 4800 845 4855 totidem
886 4810 991 4861 iost
1007 4802 1193 4857 Pascha,
1219 4801 1397 4863 quibus
1414 4800 1590 4863 diebus
1622 4800 1735 4850 lites
1756 4814 1928 4849 omnes
1960 4808 2011 4850 et

425 4860 763 4919 contentiones
778 4860 981 4929 partium
1003 4860 1274 4929 cessabant,
1298 4874 1361 4909 ex
1386 4860 1502 4923 lege
1522 4862 1792 4929 Theodosii,
1807 4869 2011 4929 quaest

425 4932 508 4981 lex
524 4948 556 4980 ιι
571 4931 681 4981 Cod.
706 4924 886 4978 'rbeod.
911 4926 975 4975 de
998 4926 1149 4974 Feriis
1173 4940 1184 4973 :
1216 4940 1237 4968 α
1253 4930 1417 4972 Sacros
1448 4936 1644 4986 quoque
1668 4925 1856 4972 Paschze
1883 4924 2005 4984 dies,

433 4995 562 5056 «qui
581 5000 787 5056 septeno
830 4988 910 5038 vel
954 4987 1233 5056 praecedunt
1273 4984 1494 5044 numero,
1534 4984 1612 5034 vel
1633 4992 1921 5048 sequuntur,
1961 4987 2016 5035 in

434 5074 454 5101 α
480 5051 652 5104 eadem
674 5053 905 5103 feriarum
924 5051 1258 5099 observatione
1282 5060 1610 5097 numeramus.
1632 5064 1653 5091 ι)

489 5115 561 5179 (b)
593 5116 892 5176 Quaestiones
933 5110 1059 5161 forte
1084 5123 1195 5174 quae
1234 5122 1379 5171 supra
1416 5110 1466 5158 in
1503 5121 1731 5159 sermone
1776 5108 1868 5158 149
1912 5116 2010 5160 tra-

424 5186 632 5230 ctantur.

512 5243 557 5299 c)
584 5240 722 5299 Alias,
747 5238 810 5287 de
827 5235 1135 5299 Diversis)“.

510 5294 565 5364 (ί)
587 5294 719 5351 Cum
738 5301 829 5350 hoc
866 5298 1007 5348 titulo
1044 5297 1095 5345 in
1127 5296 1270 5364 editis
1294 5302 1350 5364 et_
1374 5296 1433 5364 in
1452 5297 1869 5364 permanensitvts.
1896 5294 2012 5364 sub-

425 5356 648 5427 sequitur
671 5374 951 5413 sermonem
973 5372 1117 5427 supra
1142 5358 1312 5427 ordine
1333 5356 1669 5427 14S_babitlim
1706 5374 1726 5427 if
1748 5357 1830 5427 die
1858 5358 2012 5427 Domi-

434 5446 452 5469 «
480 5417 585 5476 n'ico
603 5433 876 5475 octavamm
920 5417 1126 5471 Pascbae.
1152 5438 1173 5465 ι)
1215 5420 1375 5468 Eidem
1397 5420 1493 5467 diei
1517 5417 1681 5467 multis
1712 5419 1760 5466 in
1784 5418 1919 5466 libris
1941 5432 2013 5468 as-

425 5491 644 5545 signatur
677 5500 838 5549 sermo
868 5487 951 5549 qui
989 5497 1133 5549 supra
1168 5481 1373 5549 estg'zxi,
1417 5499 1437 5525 ε
1461 5480 1520 5528 ad
1544 5479 1809 5530 Infantes.»
1840 5483 2011 5549 _Poss_i-

425 5542 533 5598 dius
568 5551 616 5598 in
661 5542 900 5609 lndiculo;
921 5542 1061 5609 capp.
1083 5545 1114 5593 8
1157 5554 1205 5594 et
1234 5544 1315 5609 710,
1340 5550 1471 5609 notat
1502 5548 1746 5609 Tractatus
1778 5562 1798 5587 α
1825 5542 1887 5590 de
1932 5543 2013 5591 die

436 5632 454 5657 ι
479 5619 772 5669 octavarum,
798 5628 820 5655 »
851 5604 941 5658 seu
972 5604 1072 5656 inde
1089 5608 1270 5657 octavis
1293 5604 1542 5653 infantium
1564 5604 1701 5669 duos.
1722 5612 1863 5669 suos
1880 5611 2013 5669 saro-

428 5687 538 5723 mus
560 5675 609 5723 in
631 5666 929 5735 Martyrolog.
954 5671 1035 5720 die
1052 5673 1083 5720 5
1096 5672 1196 5735 jan.
1216 5680 1472 5730 perperam
1498 5666 1791 5735 existimavit
1808 5666 1866 5714 ad
1881 5666 2013 5715 diem

426 5744 643 5785 octavam
664 5728 777 5784 festi
791 5742 860 5783 SS.
882 5728 1487 5792 innocentium—Spectasse.
1504 5728 1727 5788 Infantes,
1741 5730 2012 5791 interprete

432 5805 717 5859 Augustius.
750 5803 864 5846 sum
893 5797 1127 5857 Baptismo
1164 5794 1474 5853 regenerati;
1498 5803 1705 5850 quorum
1745 5793 1850 5851 ipse
1890 5803 2011 5839 nun-

1805 280 2031 338 SERMO
2069 280 2285 340 CCLXI.

3539 286 3668 345 HD!
3746 314 3749 325 ι

2096 396 2149 450 in
2182 398 2463 466 Baptismo,
2488 400 2577 471 qui
2604 398 2760 456 hodie
2786 400 3043 455 miscendi
3068 406 3191 456 sunt
3220 399 3445 470 populo,
3475 400 3667 463 brevis,

2096 491 2187 544 sed
2205 493 2379 561 gravis
2396 508 2574 549 sermo
2589 495 2890 550 reddendus
2904 505 3004 551 est.
3022 494 3129 551 Vos
3146 496 3235 566 qui
3259 495 3503 565 baptizati
3522 499 3672 561 estis,

2096 591 2150 636 et
2180 583 2334 638 hodie
2360 586 2638 655 completis
2678 596 3065 643 sacramentum
3110 597 3417 642 octavarum
3464 600 3674 645 vestra-

2098 689 2235 736 rum,
2266 674 2497 731 breviter
2520 678 2741 748 accipite
2768 688 2822 733 et
2861 678 3134 748 intelligite
3165 678 3471 733 translatam
3510 679 3673 735 fuisse

2097 766 2317 837 ﬁguram
2369 770 2787 825 circumcisionis
2846 772 3055 839 carnis,
3103 770 3169 825 ad
3216 771 3674 827 circumcisionem

2098 859 2292 915 cordis.
2336 860 2429 915 Die
2471 870 2656 917 octavo
2698 864 3147 918 circumciduntur
3175 878 3337 917 carne
3378 844 3672 919 secundum

2097 959 2332 1005 veterem
2373 952 2568 1023 Legem
2598 954 2749 1024 (Gen.
2783 972 2906 1022 xvn,
2939 955 3057 1027 12):
3084 964 3137 1010 et
3177 955 3276 1010 hoc
3317 966 3538 1026 propter
3570 959 3678 1013 Do-

2098 1043 2298 1097 minum
2329 1042 2621 1112 Christum,
2649 1047 2735 1115 qui
2773 1055 2893 1119 post
2919 1046 3059 1102 diem
3106 1048 3386 1116 septimum
3430 1048 3678 1103 sabbato-

2098 1149 2216 1188 rum
2262 1143 2452 1191 octavo
2496 1137 2772 1192 Dominico
2816 1140 3124 1195 resurrexit.
3166 1137 3403 1193 Cultellis
3452 1140 3675 1208 petrinis

2094 1225 2300 1294 jussum
2326 1237 2407 1282 est
2437 1230 2739 1284 circumcidi
2771 1230 2787 1299 (
2812 1230 2971 1284 Josue
2995 1247 3045 1296 v,
3066 1229 3160 1295 2):
3192 1231 3345 1285 Petra
3375 1239 3489 1284 erat
3517 1230 3670 1284 Citri-

2098 1328 2210 1373 stus
2235 1321 2251 1389 (
2274 1320 2291 1373 l
2314 1322 2429 1375 Cor.
2457 1338 2514 1389 x,
2545 1322 2617 1393 4).
2664 1322 2896 1377 Infantes
2924 1324 3283 1393 appellamini,
3316 1323 3567 1393 quoniam
3595 1338 3679 1376 re-

2097 1415 2336 1485 generati
2367 1417 2515 1481 estis,
2548 1426 2603 1472 et
2646 1432 2836 1471 novam
2877 1417 3036 1470 vitam
3067 1418 3289 1487 ingressi
3334 1417 3482 1480 estis,
3527 1425 3579 1471 et
3609 1415 3676 1470 ad

2098 1509 2257 1562 vitam
2298 1518 2549 1564 :eternam
2583 1511 2751 1565 renati
2782 1510 2932 1573 estis,
2965 1510 3009 1563 si
3040 1509 3143 1563 hoc
3170 1509 3308 1577 quod
3340 1510 3391 1563 in
3418 1509 3568 1563 vobis
3594 1524 3680 1564 re-

2099 1609 2279 1656 natum
2330 1610 2431 1669 est,
2464 1604 2603 1659 male
2647 1603 2872 1657 vivendo
2918 1617 3021 1656 non
3072 1601 3360 1655 suffocatis.
3408 1602 3680 1657 Reddendi

2099 1696 2228 1749 estis
2272 1696 2500 1764 populis,
2531 1695 2788 1750 miscendi
2830 1695 2960 1749 estis
3004 1694 3144 1762 plebi
3196 1692 3465 1747 ﬁdelium:
3495 1703 3679 1749 cavete

2102 1801 2167 1839 ne
2196 1786 2473 1841 imitemini
2500 1787 2666 1840 malos
2698 1786 2901 1851 ﬁdeles,
2932 1786 3039 1839 imo
3078 1783 3242 1837 falsos
3272 1783 3494 1849 ﬁdeles;
3528 1785 3681 1852 quasi

2099 1879 2404 1934 conﬁtendo
2431 1880 2634 1945 ﬁdeles,
2654 1879 2747 1933 sed
2779 1879 2916 1932 male
2938 1877 3161 1931 vivendo
3185 1876 3448 1930 inﬁdeles.
3472 1877 3679 1941 Videte,

2100 1970 2221 2040 quia
2274 1970 2528 2024 testiﬁcor
2568 1970 2720 2025 vobis
2769 1984 2949 2023 coram
3007 1969 3117 2023 Deo
3166 1975 3220 2023 et
3266 1968 3485 2037 Angelis
3532 1968 3680 2036 ejus:

2100 2059 2397 2115 castitatem
2426 2069 2655 2125 servate,
2688 2060 2800 2114 sive
2842 2060 3196 2129 conjugalem,
3224 2058 3334 2114 sive
3361 2058 3683 2113 omnimodte

2100 2154 2463 2208 continentiae.
2492 2153 2727 2224 Quisque
2752 2152 2893 2222 quod
2921 2152 3065 2205 vovit
3089 2151 3293 2206 reddat.
3322 2150 3421 2219 Qui
3454 2166 3558 2204 non
3589 2149 3686 2204 ba-

2099 2244 2238 2299 betis
2263 2260 2479 2311 uxores,
2512 2244 2638 2299 licet
2679 2244 2829 2298 vobis
2856 2242 3049 2297 ducere
3091 2258 3303 2307 uxores,
3336 2242 3427 2296 sed
3459 2257 3681 2312 quarum

2099 2337 2277 2391 mariti
2324 2352 2427 2390 non
2474 2337 2677 2390 vivunt.
2728 2335 2963 2390 Feminae
2989 2351 3105 2404 qum
3140 2351 3245 2389 non
3277 2335 3471 2389 habent
3515 2336 3681 2400 viros,

2099 2430 2225 2485 licet
2270 2430 2348 2484 eis
2394 2430 2619 2495 nubere,
2654 2428 2744 2483 sed
2789 2430 2866 2483 eis
2908 2428 3034 2481 viris
3082 2443 3307 2495 quorum
3354 2442 3549 2481 uxores
3579 2442 3683 2480 non

2099 2524 2303 2578 vivunt.
2334 2523 2434 2591 Qui
2474 2522 2681 2577 habetis
2707 2536 2926 2587 uxores,
2952 2520 3079 2573 nihil
3110 2520 3233 2573 mali
3264 2519 3461 2572 faciatis
3495 2526 3686 2586 praeter

2098 2629 2313 2670 uxores.
2352 2613 2579 2669 Reddite
2608 2610 2748 2683 quod
2794 2613 3025 2682 exigitis.
3070 2612 3228 2666 Fides
3258 2611 3407 2665 vobis
3435 2610 3683 2676 debetur,

2099 2707 2257 2762 ﬁdem
2294 2707 2519 2761 debetis.
2553 2704 2736 2760 Fidem
2766 2705 2925 2759 debet
2955 2704 3174 2758 maritus
3216 2684 3386 2765 uxori,
3418 2718 3549 2756 uxor
3574 2716 3687 2755 ma~

2100 2802 2232 2865 rito;
2265 2800 2423 2854 ambo
2475 2799 2605 2853 Deo.
2637 2798 2968 2866 Quicumque
3008 2780 3390 2850 continentiam
3437 2794 3681 2857 vovistis,

2100 2893 2305 2949 reddite
2334 2892 2477 2961 quod
2516 2892 2774 2946 vovistis:
2806 2891 2927 2960 quia
2976 2905 3079 2943 non
3126 2890 3450 2959 exigeretur,
3484 2889 3529 2942 si
3578 2903 3684 2943 non

2098 2984 2399 3040 vovissetis.
2432 2982 2583 3050 Quod
2632 2982 2806 3048 potuit
2846 2980 3025 3042 licere,
3058 2995 3162 3033 non
3215 2980 3377 3033 licet:
3412 2994 3516 3032 non
3564 2978 3686 3047 quia

2102 3077 2298 3145 nuptis:
2327 3075 2665 3139 damnantur,
2696 3072 2789 3127 sed
2818 3072 2906 3142 qui
2930 3082 3073 3126 retro
3101 3070 3319 3140 respicit
3347 3070 3682 3125 damnatur‘.

2101 3171 2296 3225 Cavete
2322 3184 2351 3222 a
2381 3168 2654 3222 fraudibus
2680 3168 2730 3219 in
2761 3166 2987 3236 negotiis
3012 3166 3222 3219 vestris.
3253 3163 3448 3220 Cavete
3474 3180 3503 3219 a
3534 3179 3687 3218 men-

2103 3262 2269 3318 daciis
2301 3268 2354 3316 et
2380 3259 2651 3330 perjuriis.
2694 3256 2888 3311 Cavete
2927 3272 2956 3310 a
3000 3257 3323 3310 verbositate
3363 3264 3415 3311 et
3458 3256 3685 3310 luxuria.

2104 3354 2462 3422 Qumcumque
2494 3365 2595 3403 non
2626 3348 2786 3402 vultis
2820 3348 2931 3401 ﬁeri
2957 3349 3127 3412 vobis,
3154 3349 3315 3402 nolite
3345 3346 3521 3402 facere
3548 3347 3687 3413 aliis,

2105 3454 2158 3499 et
2184 3443 2489 3497 hominibus
2517 3452 2568 3495 et
2594 3441 2722 3493 Deo.
2742 3439 2876 3507 Quid
2909 3454 3001 3493 vos
3029 3438 3289 3492 onerem?
3317 3437 3442 3491 Haec
3468 3438 3619 3508 agite,
3642 3446 3690 3490 et

2106 3536 2245 3590 Deus
2268 3535 2407 3605 pacis
2427 3534 2521 3587 erit
2546 3530 2799 3585 vobiscum
2819 3530 3076 3601 (Philipp.
3107 3546 3178 3592 Iv,
3212 3530 3287 3597 9).

2568 3644 2794 3699 SERMO
2836 3642 3035 3698 CCLXI
3076 3642 3093 3661 ‘
3135 3641 3231 3712 (a).

2281 3766 2333 3809 In
2354 3760 2436 3809 die
2458 3758 2829 3823 quadragesimo
2843 3758 3143 3807 Ascenslonis
3157 3756 3356 3816 Domini,
3381 3772 3396 3805 ι
3420 3756 3509 3817 (b).

2352 3866 2568 3919 Habitus
2597 3865 2902 3935 Carthagine
2928 3865 2980 3917 in
3007 3864 3218 3917 basilica
3253 3863 3451 3917 Fausti.

2181 3960 2405 4017 CAPUT
2446 3960 2485 4013 l.
2527 3991 2599 4000 —
2638 3961 2688 4013 1.
2730 3958 2965 4012 Ascensio
3019 3957 3220 4011 Domini
3262 3958 3334 4011 sic
3372 3958 3689 4022 celebranda,

2111 4063 2165 4107 ut
2190 4070 2305 4107 cum
2334 4056 2444 4122 ipso
2471 4051 2821 4106 ascendamus.
2851 4050 3065 4104 Sursum
3091 4066 3197 4115 cor,
3227 4048 3551 4121 quandonam
3584 4050 3694 4119 pie-

2112 4146 2249 4211 tatis,
2286 4146 2607 4214 quandonam
2636 4142 2903 4212 superbiae.
2947 4142 3284 4195 llcsurrectio
3314 4140 3545 4201 Domini,
3572 4153 3693 4209 spes

2110 4248 2327 4303 nostra;
2360 4236 2603 4291 ascensio
2642 4233 2872 4299 Domini,
2902 4232 3215 4304 gloriﬁcatio
3242 4242 3446 4285 nostra.
3492 4232 3695 4285 Ascen-

2113 4334 2278 4389 sionis
2301 4333 2442 4387 enim
2466 4330 2623 4384 hodie
2645 4329 2902 4384 solemnia
2922 4327 3273 4381 celebramus.
3299 4325 3355 4380 Si
3379 4339 3506 4394 ergo
3528 4334 3695 4393 recte,

2113 4430 2159 4484 si
2190 4428 2433 4493 ﬁdeliter,
2455 4426 2497 4479 si
2540 4425 2751 4490 devote,
2790 4423 2832 4476 si
2878 4431 3082 4487 sancte,
3111 4423 3152 4475 si
3201 4422 3285 4490 pie
3326 4420 3694 4474 ascensionem

2114 4520 2323 4575 Domini
2360 4517 2713 4581 celebramus,
2738 4513 3087 4568 ascendamus
3108 4527 3229 4566 cum
3265 4511 3377 4577 illo,
3401 4519 3457 4565 et
3480 4496 3693 4564 sursum

2113 4631 2210 4672 cor
2236 4614 2545 4669 habeamus.
2594 4608 2955 4663 Ascendentes
2998 4613 3173 4659 autem
3219 4618 3324 4656 non
3349 4601 3699 4670 extollamnr,

2114 4723 2217 4763 nec
2236 4707 2303 4761 de
2330 4704 2525 4779 nostris
2541 4701 2689 4773 quasi
2712 4699 2778 4755 de
2804 4698 3032 4769 propriis
3053 4695 3257 4750 meritis
3286 4709 3697 4762 praesumamus.

2114 4803 2334 4859 Sursum
2359 4799 2499 4852 enim
2523 4811 2617 4849 cor
2643 4793 2840 4848 habere
2866 4791 3146 4853 debemus,
3175 4784 3268 4841 sed
3295 4785 3360 4839 ad
3393 4785 3696 4840 Dominum.

2114 4894 2334 4950 Sursum
2367 4889 2507 4944 enim
2546 4902 2639 4941 cor
2666 4901 2771 4939 non
2807 4882 2872 4938 ad
2919 4880 3226 4944 Dominum,
3260 4876 3512 4947 superbia
3543 4890 3702 4929 voca-

2117 4996 2237 5043 tur:
2264 4996 2473 5039 sursum
2496 4988 2671 5034 autem
2702 4991 2794 5031 cor
2819 4973 2885 5027 ad
2911 4971 3217 5034 Dominum,
3248 4966 3515 5037 refugium
3540 4981 3699 5021 voca-

2115 5117 2259 5169 quam
2283 5104 2403 5169 forte
2414 5101 2554 5169 diem
2570 5104 2807 5169 octavum,
2826 5092 2913 5169 sed
2928 5086 3704 5169 octavasallquoties‘comme'rng

2115 5149 2395 5219 Fat—.‘De‘bis
2414 5162 2541 5211 haud
2564 5161 2710 5208 dubie
2752 5149 2802 5204 in
2825 5163 2971 5219 epist.
3009 5153 3088 5210 55,
3124 5165 3172 5199 ιι.
3214 5149 3292 5210 35,
3311 5149 3508 5219 scribit:
3552 5152 3701 5218 «Tam

2123 5213 2333 5279 {multis
2355 5222 2808 5287 praesumptionihus
2827 5213 2898 5268 sic
2928 5216 3072 5287 plena
3094 5220 3209 5263 sunt
3229 5213 3404 5287 οωξιίθν
3426 5213 3706 5287 μξλιξιξῐξιξε

2125 5270 2146 5340 ἰ
2168 5270 2660 5351 ἷοὶῖίνῖὶῖίιίὦῖᾱέιΐρεν
2682 5286 2873 5351 ceteras
2888 5270 3196 5351 Sﬁastemm
3225 5274 3358 5351 99d}?
3381 5270 3707 5351 νθεῖξδέίξδὲἱεξὲῑ

2126 5331 2777 5415 ξιυνῇϊξίιιεῖιιῖ-(ιῦἰηιῖιθιιιριιι
2800 5340 3063 5391 vinolentia
3101 5331 3416 5399 sepelierit.)
3447 5331 3563 5382 vide
3585 5332 3705 5381 item

2126 5414 2369 5456 nnigtnlam
2392 5412 2469 5456 34.
2498 5424 2546 5456 n.
2567 5409 2613 5456 5.
3628 5452 3640 5456 -
3676 5452 3687 5456 -

2184 5412 2369 5467 istolam
2392 5412 2469 5469 54,
2498 5424 2546 5459 ιι.
2567 5412 2613 5456 5.

2118 5414 2369 5481 epistolam
2392 5414 2469 5469 54,
2498 5424 2546 5459 ιι.
2567 5414 2613 5480 ἓξ.
3676 5452 3687 5465 ⁸

2120 5482 2487 5592 “xxiii?
2508 5484 2622 5535 qma
2643 5466 2824 5532 nuptiae
2856 5465 3145 5517 danmantur
3164 5501 3177 5525 ,
3206 5459 3291 5511 sed
3330 5458 3413 5524 qui
3436 5452 3706 5519 retrospicrt

2155 5544 2392 5589 amittitur.
2421 5544 2454 5582 Μ
2465 5572 2475 5581 .

2182 5604 2200 5622 ‘
2225 5599 2513 5649 Euiendatus
2535 5594 2593 5644 ad
2611 5607 2686 5656 gr.
2709 5598 2761 5642 et
2777 5591 2835 5656 ad
2853 5590 2989 5639 Ulim.
3014 5596 3116 5637 Par.
3135 5593 3246 5635 Lov.

2182 5663 2255 5722 (a)
2291 5659 2428 5716 Alias,
2452 5658 2516 5708 de
2535 5654 2748 5722 Diversis
2772 5654 2846 5703 12.

2183 5664 2233 5722 (a
2291 5664 2428 5716 Alias,
2452 5664 2516 5708 de
2535 5664 2748 5706 Diversts
2772 5664 2846 5703 ‘12.

2183 5664 2255 5785 (bi
2285 5731 2542 5785 sermones
2563 5719 2627 5767 de
2649 5715 3055 5785 die‘AsAcensionts
3084 5710 3266 5763 Domini
3289 5710 3521 5758 recenset
3555 5702 3707 5753 Poni-

2123 5776 2295 5835 dius'in
2321 5782 2547 5841 lndiculo,
2569 5794 2707 5843 capp.
2732 5779 2781 5839 8,
2798 5778 2850 5839 9,
2872 5783 2925 5827 et
2943 5776 3018 5825 10.
