4102 6326
382 293 520 358 ιωε

383 414 438 473 in
462 411 624 471 corde
652 418 784 468 tuo:
827 410 899 467 ibi
923 409 1139 466 avaritia
1167 423 1270 466 non
1310 422 1471 483 parva
1497 406 1827 464 immunditia
1851 412 1954 460 est.

383 507 639 578 Congeris
664 505 806 576 quod
833 515 1006 560 tecum
1032 519 1135 560 non
1159 505 1328 560 tollas.
1351 503 1534 560 Nescis
1556 503 1676 574 quia
1698 517 1816 556 cum
1839 514 1964 555 con-

383 600 550 672 geris,
588 597 657 653 ad
694 613 788 653 cor
812 607 960 654 tuum
994 598 1160 652 lutum
1188 591 1390 652 trahis?
1416 596 1567 652 Unde
1610 595 1814 651 videbis
1838 607 1965 664 ergo

384 690 526 762 quod
555 688 794 760 quieris?

458 780 680 840 CAPUT
713 781 776 835 ν.
797 781 936 836 -—5.
965 779 1103 835 Deus
1129 780 1354 835 habitare
1373 781 1476 834 vult
1501 781 1554 834 in
1582 779 1732 834 corde
1759 778 1964 832 mundo.

390 875 628 930 Avaritia:
647 873 795 927 homo
813 872 980 938 servit,
1003 888 1103 926 non
1129 871 1256 925 Deo.
1279 871 1357 926 Tu
1380 871 1508 926 mihi
1533 870 1664 925 dicis
1691 887 1704 924 :
1737 867 1969 925 Ostende

391 965 520 1019 mihi
551 966 716 1020 Deum
746 972 910 1018 tuum.
935 963 1048 1033 Ego
1077 962 1170 1017 tibi
1199 961 1356 1018 dico:
1402 961 1629 1017 Attende
1650 1001 1664 1026 ,
1697 961 1966 1030 paululum

393 1057 458 1114 ad
501 1071 598 1110 cor
644 1064 812 1114 tuum.
859 1054 1118 1122 Ostende,
1152 1055 1355 1124 inquis,
1406 1053 1535 1108 mihi
1585 1053 1749 1107 Deum
1797 1060 1967 1106 tuum.

394 1147 646 1214 Attende,
675 1147 876 1216 inquio,
906 1147 1170 1216 paululum
1198 1147 1263 1200 ad
1290 1161 1381 1201 cor
1412 1154 1579 1200 tuum.
1608 1145 1872 1216 Quidquid
1902 1145 1971 1199 ibi

391 1240 546 1296 vides
565 1238 705 1309 quod
731 1238 971 1307 displicet
993 1239 1120 1303 Deo,
1145 1239 1273 1294 tolle
1295 1239 1434 1293 inde.
1459 1239 1654 1294 Venire
1675 1237 1738 1293 ad
1768 1245 1817 1293 te
1837 1239 1968 1304 vult,

393 1330 569 1394 Deus;
606 1329 883 1386 Dominum
914 1331 1082 1399 ipsum
1114 1329 1381 1386 Christum
1407 1330 1528 1384 audi
1555 1347 1566 1382 :
1602 1331 1711 1401 Ego
1741 1341 1790 1384 et
1818 1330 1974 1385 Pater

392 1423 642 1478 veniemus
685 1422 754 1478 ad
792 1438 940 1488 eum,
981 1432 1028 1476 et
1068 1424 1376 1476 mansionem
1412 1425 1548 1493 apud
1588 1441 1698 1477 eum
1735 1425 1975 1496 faciemus

395 1512 572 1584 (Joan.
601 1530 710 1580 xw,
739 1513 853 1584 25).
879 1514 1015 1585 Ecce
1036 1514 1161 1584 quid
1188 1514 1448 1584 promittit
1469 1515 1626 1569 Deus.
1655 1513 1708 1570 Si
1734 1530 1833 1586 ego
1858 1529 1976 1585 pro-

340 1651 352 1668 ,
395 1607 660 1661 mitterem
698 1615 977 1661 venturum
1009 1622 1096 1661 me
1135 1607 1187 1660 in
1228 1606 1443 1661 domum
1486 1616 1662 1674 tuam,
1693 1607 1976 1663 mundanas

395 1712 514 1752 eam
540 1715 553 1752 :
583 1697 722 1757 Deus
745 1696 798 1750 in
824 1711 916 1752 eor
943 1707 1087 1751 tuum
1117 1697 1297 1752 venire
1322 1698 1450 1763 vult,
1479 1705 1533 1752 et
1555 1698 1703 1768 piger
1725 1712 1786 1752 es
1805 1698 1853 1753 ci
1883 1697 1978 1752 do-

395 1805 546 1845 mum
568 1787 861 1848 mundare?
881 1787 996 1842 Neu
1021 1796 1164 1843 amat
1186 1789 1424 1844 habitare
1450 1805 1570 1845 cum
1593 1790 1832 1855 avaritia,
1855 1805 1977 1846 cum

396 1879 621 1936 muliere
647 1879 914 1936 immunda
951 1887 1004 1934 et
1046 1879 1363 1946 insatiabili,
1409 1880 1492 1934 cui
1526 1889 1578 1934 tu
1613 1880 1817 1950 jubenti
1860 1895 1978 1936 ser-

397 1973 599 2038 viebas,
625 1981 678 2028 et
707 1973 871 2028 Deum
899 1972 1079 2028 videre
1108 1973 1404 2043 quaerebas.
1439 1972 1573 2042 Quid
1604 1973 1806 2041 fecisti,
1839 1974 1978 2044 quod

397 2065 540 2122 Deus
562 2063 756 2132 jussit?
803 2063 939 2132 Quid
973 2079 1078 2120 non
1117 2063 1320 2129 fecisti,
1350 2064 1490 2133 quod
1528 2065 1745 2119 avaritia
1785 2065 1981 2135 jussit?

397 2157 535 2225 Quid
562 2157 750 2224 fecisti,
780 2158 920 2227 quod
949 2159 1088 2214 Deus
1111 2158 1308 2227 jussit?
1334 2157 1447 2228 Ego
1477 2157 1701 2212 ostendo
1729 2158 1852 2228 quid
1882 2159 1980 2212 ha-

399 2249 534 2304 bitet
560 2249 612 2302 in
656 2248 815 2302 corde
842 2258 965 2316 tuo,
1010 2249 1207 2318 quivis
1238 2249 1416 2304 videre
1459 2249 1644 2303 Deum.
1689 2248 1800 2304 Hoc
1836 2251 1977 2305 enim

397 2338 634 2394 dixeram
661 2358 672 2392 :
708 2339 804 2396 Est
827 2339 966 2410 quod
998 2340 1300 2404 ostendere,
1333 2340 1424 2396 sed
1455 2341 1538 2394 cui
1569 2355 1674 2395 non
1700 2348 1799 2395 est.
1828 2341 1979 2410 Quod

401 2429 543 2485 Deus
562 2430 752 2499 jussit,
781 2431 907 2501 quid
946 2431 1154 2486 fecisti?
1195 2431 1345 2498 Quod
1372 2433 1588 2486 avaritia
1615 2432 1806 2501 jussit,
1853 2433 1979 2502 quid

402 2521 687 2578 distulisti?
710 2523 874 2582 Jussit
896 2524 1033 2580 Deus
1064 2532 1119 2576 ut
1159 2523 1355 2578 nudum
1395 2525 1638 2590 vestires,
1674 2527 1934 2579 tremuisti
1965 2544 1977 2578 :

395 2612 556 2682 jussit
582 2615 799 2672 avaritia
834 2623 890 2678 ut
929 2615 1171 2669 vestitum
1219 2615 1543 2684 empoliares
1567 2653 1581 2680 ,
1629 2616 1889 2669 insanisti.
1925 2615 1979 2670 Si

398 2705 622 2764 fecisses
653 2707 794 2776 quod
829 2707 966 2770 Deus
997 2706 1173 2776 jussit,
1207 2705 1332 2775 quid
1364 2706 1454 2764 tibi
1494 2705 1664 2761 dicam
1691 2747 1705 2771 ,
1760 2707 1984 2761 haberes

400 2797 531 2854 illud
557 2807 610 2854 et
639 2797 808 2852 illud?
836 2797 1009 2868 Ipsum
1039 2798 1202 2853 Deum
1233 2797 1478 2854 haberes.
1510 2798 1565 2853 Si
1593 2798 1812 2853 fecisses
1840 2799 1980 2869 quod

403 2889 548 2946 Deus
570 2889 749 2960 jussit,
776 2891 940 2946 Deum
971 2889 1217 2946 haberes.
1249 2890 1444 2949 Fecisti
1471 2891 1610 2961 quod
1636 2892 1853 2946 avaritia
1870 2892 1983 2962 jus-

401 2984 506 3050 sit,
537 2983 661 3054 quid
689 2983 891 3038 habes?
914 2983 1056 3050 Scio,
1085 2983 1321 3038 dicturus
1346 2998 1407 3038 es
1432 2970 1560 3037 mihi
1585 3000 1599 3037 ι
1634 2984 1812 3038 Habeo
1833 2983 1984 3054 quid-

403 3075 528 3148 quid
575 3075 788 3130 abstuli.
831 3077 970 3144 Ergo
1016 3073 1305 3134 auferendo
1349 3074 1529 3130 habes.
1573 3075 1748 3130 Habes
1787 3075 1982 3145 aliquid

403 3167 541 3237 apud
569 3177 640 3234 te,
672 3169 761 3236 qui
799 3167 1068 3237 perdidisti
1101 3167 1196 3223 te?
1225 3167 1437 3231 Habeo,
1468 3167 1662 3238 inquis.
1692 3167 1826 3232 Ubi,
1855 3167 1941 3221 ubi
1966 3209 1980 3234 ,

406 3275 534 3333 rogo
563 3260 652 3326 te?
677 3259 835 3316 Certe
860 3268 950 3314 aut
977 3261 1028 3316 in
1056 3261 1323 3325 cubiculo,
1355 3269 1445 3315 aut
1468 3261 1518 3316 in
1545 3261 1790 3328 sacccllo,
1820 3271 1909 3315 aut
1931 3262 1981 3315 in

403 3366 525 3408 arca
554 3369 570 3408 :
615 3353 735 3423 nolo
762 3353 986 3422 amplius
1013 3352 1209 3410 dicere.
1245 3352 1576 3422 Ubicumque
1605 3354 1794 3419 habes,
1827 3354 1985 3409 modo

405 3453 549 3499 certe
581 3453 754 3508 tecum
794 3460 898 3502 non
930 3444 1114 3512 habes,
1156 3445 1312 3500 Certe
1352 3445 1512 3501 modo
1557 3446 1756 3514 cogitas
1788 3447 1838 3499 in
1864 3461 1984 3500 arca

406 3542 459 3590 te
486 3535 723 3590 habere:
769 3534 905 3590 forte
937 3536 1122 3603 periit,
1169 3543 1223 3589 et
1249 3537 1449 3598 nescis;
1485 3535 1619 3590 forte
1656 3552 1775 3590 cum
1805 3538 1983 3603 redis,

407 3641 518 3682 non
543 3626 746 3680 invenis
772 3625 910 3695 quod
935 3625 1202 3682 dimisisti.
1228 3627 1332 3680 Cor
1356 3634 1500 3680 tuum
1526 3643 1705 3696 quacro
1730 3646 1742 3680 :
1772 3628 1841 3682 ibi
1863 3629 1986 3697 quid

409 3715 632 3784 habeas,
663 3702 954 3785 interrogo;
986 3716 1126 3772 Ecce
1150 3716 1378 3784 implesti
1407 3731 1583 3770 arcam
1613 3725 1773 3783 tuam,
1804 3729 1856 3772 et
1886 3719 1990 3773 fre-

407 3809 532 3880 gisti
573 3809 952 3873 conscientiam
999 3817 1160 3866 tuam.
1217 3808 1346 3864 Vide
1388 3808 1640 3878 plenum:
1685 3809 1829 3865 disce
1870 3826 1990 3867 esse

410 3903 618 3974 plenus.
664 3901 913 3960 Dominus
951 3903 1118 3968 dedit,
1164 3902 1410 3962 Dominus
1435 3903 1677 3967 abstulit;
1713 3905 1839 3957 sicut
1879 3903 1991 3958 Do-

410 3999 549 4052 mino
583 3997 802 4066 placuit,
846 3998 917 4052 ita
943 3996 1132 4065 factum
1159 4006 1230 4052 est
1258 4011 1278 4050 :
1316 3996 1378 4051 tit
1408 4011 1583 4050 nomen
1611 3995 1817 4049 Domini
1843 3997 1991 4058 bene-

414 4089 604 4143 dictum
643 4087 764 4160 (Job
792 4104 840 4154 ι,
871 4085 984 4158 21).
1017 4086 1216 4156 Nempe
1255 4086 1431 4144 omnia
1473 4087 1792 4157 perdiderat.
1843 4087 1995 4144 Unde

413 4197 544 4253 ergo
571 4183 699 4239 istas
722 4194 962 4252 gemmas
988 4178 1160 4238 laudis
1188 4178 1414 4240 Domino
1443 4177 1779 4248 proferebat?

486 4272 710 4330 CAPUT
741 4271 828 4332 Vl.
846 4270 985 4326 —6.
1011 4269 1251 4326 Tenebras
1279 4271 1574 4336 cupiditates
1599 4280 1645 4326 et
1665 4289 1819 4341 opera
1839 4273 1991 4326 mala.

417 4366 613 4422 Munda‘
641 4379 768 4435 ergo
795 4380 920 4429 cor,
950 4371 1201 4434 quantum
1231 4372 1378 4434 potes
1403 4381 1418 4418 :
1449 4363 1500 4418 id
1529 4379 1644 4434 age,
1673 4365 1724 4418 id
1749 4380 1993 4435 operare.

421 4461 490 4515 Et
515 4467 576 4514 ut
597 4458 687 4514 ille
717 4457 934 4512 mundet
959 4457 1046 4510 ubi
1075 4465 1320 4520 maneat,
1349 4471 1495 4527 roga,
1527 4459 1762 4527 supplico
1781 4500 1794 4525 ,
1826 4458 1999 4514 humi-

421 4553 574 4608 liare.
605 4552 720 4608 Non
749 4551 914 4621 capis,
949 4569 967 4604 ι
997 4550 1053 4606 In
1083 4550 1341 4620 principio
1369 4559 1483 4606 erat
1511 4551 1764 4618 Verbum,
1789 4560 1842 4606 et
1868 4552 2000 4607 Ver-

421 4647 550 4704 bum
575 4657 685 4702 erat
709 4645 846 4716 apud
873 4646 1060 4711 Deum,
1091 4653 1143 4702 et
1170 4646 1309 4701 Deus
1329 4655 1442 4700 erat
1467 4645 1697 4701 Verbum
1723 4663 1734 4699 :
1766 4646 1866 4700 hoc
1889 4654 2000 4700 erat

423 4741 478 4796 in
508 4740 766 4810 principio
790 4738 927 4808 apud
960 4739 1144 4800 Deum.
1174 4739 1357 4793 Omnia
1388 4754 1480 4808 per
1505 4738 1678 4808 ipsum
1701 4739 1833 4794 facta
1856 4748 1996 4803 sunt,

424 4842 479 4888 et
506 4833 622 4890 sine
648 4832 760 4900 ipso
785 4830 975 4886 factum
1007 4837 1088 4884 est
1112 4829 1264 4887 nihil.
1287 4829 1439 4895 Quod
1459 4829 1654 4884 factum
1677 4839 1777 4896 est,
1810 4831 1861 4883 in
1889 4831 2006 4899 ipso

425 4926 531 4980 vita
557 4932 711 4989 erat;
739 4931 792 4978 et
832 4923 936 4976 vita
965 4930 1080 4979 erat
1103 4923 1192 4976 lux
1225 4922 1497 4976 hominum
1523 4940 1536 4975 :
1581 4931 1632 4977 et
1659 4924 1742 4976 lux
1773 4924 1825 4977 in
1853 4934 2005 4978 tene-

426 5019 539 5073 bris
566 5019 738 5084 lucet,
766 5024 820 5071 et
849 5016 1080 5076 tenebrae
1117 5030 1234 5072 eam
1263 5029 1366 5070 non
1405 5014 1945 5083 comprehenderunt.
1980 5033 2000 5067 ι

430 5111 566 5164 liccc
593 5125 756 5180 quare
795 5125 899 5164 non
939 5109 1100 5178 capis.
1136 5107 1252 5161 Lux
1273 5108 1323 5160 in
1352 5107 1559 5160 tenebris
1603 5108 1760 5172 lucet,
1793 5116 1839 5161 et
1867 5116 2006 5161 tene-

430 5202 533 5258 brre
559 5219 668 5256 eam
689 5217 788 5256 non
811 5199 1311 5270 coiiiprehenderunt.
1334 5199 1462 5264 Qum
1484 5208 1607 5254 sunt
1633 5200 1883 5263 tenebrae,
1907 5201 2008 5256 nisi

431 5309 592 5362 opera
613 5294 788 5349 mala?
808 5293 934 5361 Quae
956 5299 1072 5348 sunt
1097 5290 1349 5358 tenebrze,
1375 5290 1472 5346 nisi
1496 5291 1808 5360 cupiditates
1832 5293 2004 5357 malm,

433 5387 710 5456 superbia,
749 5385 994 5449 avaritia,
1040 5384 1289 5450 ambitio,
1344 5383 1671 5438 invidentia?
1697 5384 1881 5439 Omnia
1913 5386 2008 5440 ista

436 5477 670 5533 tenebrae
691 5486 813 5531 sunt
837 5496 850 5531 :
879 5476 999 5532 ideo
1026 5491 1129 5530 non
1152 5475 1577 5546 comprehcndis.
1608 5476 1736 5530 Nam
1759 5476 1848 5532 lux
1870 5477 2012 5534 lucet

435 5568 487 5623 in
522 5569 788 5624 tenebris:
821 5567 914 5624 sed
939 5567 1002 5622 da
1030 5567 1118 5637 qui
1148 5567 1584 5638 comprehendat.

509 5662 560 5715 7.
602 5642 742 5716 Deus
779 5661 925 5715 homo
953 5661 1116 5731 factus
1144 5671 1307 5715 manet
1344 5678 1538 5732 semper
1565 5660 1718 5715 Deus.
1754 5661 1867 5716 Una
1896 5681 2012 5733 per-

436 5771 563 5811 sona
589 5753 729 5809 Deus
752 5762 800 5811 et
822 5754 970 5809 homo
994 5757 1045 5809 in
1071 5753 1289 5810 Christo.
1321 5753 1452 5808 Vide
1480 5768 1626 5824 ergo,
1655 5770 1724 5811 ne
1747 5754 1886 5812 forte
1911 5754 2013 5813 hoc

1753 283 1983 349 SERMO
2018 272 2238 346 CCLXI.

3516 299 3658 364 1206

2070 405 2562 480 quomodocumque
2585 410 2757 480 possis
2777 409 3052 484 accipere:
3091 412 3305 485 Verbum
3327 433 3446 472 cara
3467 422 3657 490 factum

2069 505 2171 564 est,
2208 507 2254 551 et
2281 498 2518 554 habitavit
2563 502 2616 556 in
2660 503 2800 560 nobis
2837 503 3013 576 (Joan.
3043 523 3089 570 ι,
3125 506 3302 580 1-14).
3335 509 3439 565 Per
3480 511 3657 566 homi-

2069 603 2191 643 nem
2216 587 2482 646 Christum
2517 593 2688 649 tendis
2716 594 2780 649 ad
2810 596 2978 669 Deum
3002 597 3293 668 Christum.
3321 599 3540 673 Multum
3573 611 3658 658 est

2069 680 2138 735 ad
2165 688 2215 736 te
2252 683 2427 738 Deus:
2476 685 2571 739 sed
2602 683 2760 742 homo
2802 687 2972 744 factus
2998 700 3079 744 est
3117 691 3276 762 Deus.
3325 692 3476 760 Quod
3503 693 3656 766 longe

2070 783 2185 830 erat
2213 784 2340 842 ate,
2373 793 2466 846 per
2491 777 2761 836 hominem
2793 779 2986 836 factum
3014 791 3095 838 est
3119 781 3270 854 juxta
3295 793 3368 840 te.
3409 785 3506 841 Ubi
3539 801 3658 842 ma-

2073 879 2220 933 neas,
2254 869 2392 924 Deus
2417 877 2534 925 est:
2581 887 2683 942 qua
2725 888 2846 950 eas,
2877 873 3038 928 homo
3063 884 3162 928 est.
3194 875 3337 932 idem
3367 877 3478 948 ipse
3502 876 3660 933 Chri-

2074 969 2218 1028 stus,
2264 970 2316 1016 et
2344 979 2441 1033 qua
2471 980 2591 1032 cas,
2634 973 2687 1021 et
2715 981 2820 1037 quo
2848 983 2956 1022 eas.
2990 967 3107 1038 Ipse
3130 985 3256 1040 ergo
3295 968 3509 1024 Verbum
3541 987 3662 1026 caro

2076 1053 2265 1124 factum
2303 1065 2406 1120 est,
2437 1062 2483 1109 et
2507 1057 2745 1110 habitavit
2784 1060 2836 1131 in
2864 1059 3023 1126 nobis.
3059 1061 3361 1129 Assumpsit
3388 1063 3529 1134 quod
3554 1079 3660 1118 non

2075 1151 2216 1209 crat,
2243 1160 2344 1199 non
2369 1145 2543 1201 amisit
2573 1149 2710 1218 quod
2733 1157 2862 1204 erat.
2898 1151 3200 1221 Apparebat
3225 1152 3415 1218 homo,
3445 1163 3498 1210 et
3530 1155 3661 1209 late-

2076 1235 2164 1289 bat
2195 1237 2350 1291 Dcus.
2395 1237 2612 1295 Occisus
2640 1248 2721 1294 cst
2749 1241 2944 1310 homo,
2979 1247 3033 1297 et
3073 1242 3308 1299 offensus
3354 1255 3436 1300 cst
3472 1246 3615 1300 Deus
3646 1264 3658 1298 :

2078 1328 2172 1382 scd
2205 1332 2498 1385 resurrexit
2547 1332 2705 1386 homo
2729 1376 2741 1398 ,
2787 1343 2842 1390 et
2871 1335 3114 1390 inventus
3148 1345 3230 1390 est
3273 1337 3430 1393 Deus.
3477 1336 3660 1408 Cogita

2078 1435 2203 1491 ergo
2226 1431 2416 1491 quanta
2444 1422 2567 1479 fecit
2591 1431 2647 1478 ut
2673 1426 2830 1492 Deus,
2862 1435 3054 1500 quanta
3084 1443 3270 1498 passus
3291 1437 3374 1483 est
3399 1438 3455 1484 ut
3476 1429 3658 1484 homo.

2078 1513 2296 1568 Occisus
2325 1523 2425 1581 est,
2457 1514 2549 1570 sed
2574 1533 2675 1571 non
2699 1518 2751 1571 in
2773 1516 3048 1573 divinitate
3073 1537 3085 1574 :
3117 1520 3231 1590 ipse
3251 1519 3496 1576 Christus
3520 1521 3662 1577 occi-

2079 1620 2170 1660 sus
2208 1613 2308 1660 est.
2341 1605 2455 1680 Non
2485 1608 2626 1662 enim
2667 1608 2800 1676 duo,
2847 1610 2984 1664 Deus
3015 1619 3066 1664 ct
3104 1610 3301 1677 homo;
3335 1621 3393 1666 ut
3414 1611 3522 1682 jam
3553 1628 3661 1666 non

2080 1697 2334 1754 faciamus
2363 1701 2445 1754 vel
2487 1702 2792 1758 noverimus
2821 1701 3167 1766 Trinitatem,
3203 1704 3295 1760 sed
3339 1705 3664 1775 qua‘tcrnita-

2081 1799 2207 1846 tem.
2242 1789 2412 1846 Homo
2451 1793 2664 1864 quidem
2697 1795 2856 1850 homo
2878 1839 2890 1861 ,
2927 1805 2980 1851 et
3010 1797 3146 1850 Deus
3190 1798 3367 1863 Deus;
3398 1797 3490 1854 sed
3523 1805 3664 1852 totus

2081 1883 2325 1938 Christus
2356 1883 2515 1938 homo
2540 1896 2593 1940 et
2631 1887 2768 1941 Deus
2793 1907 2806 1942 :
2852 1888 2966 1956 ipse
2993 1905 3120 1960 ergo
3148 1888 3388 1944 Christus
3418 1889 3579 1944 homo
3609 1899 3664 1945 et

2081 1977 2238 2030 Deus.
2272 1976 2550 2044 Quomodo
2581 1987 2634 2032 tu
2656 1978 2815 2033 homo
2840 1996 3033 2050 corpus
3061 1991 3113 2036 et
3143 1982 3386 2036 animus:
3421 1983 3497 2037 sic
3527 1991 3667 2038 totus

2082 2068 2321 2125 Christus
2362 2069 2522 2125 homo
2548 2079 2601 2128 et
2642 2073 2795 2127 Deus.
2823 2073 2960 2144 Ergo
3004 2081 3146 2128 totus
3181 2074 3456 2142 Christus,
3497 2089 3622 2144 caro
3648 2117 3664 2144 ,

2081 2162 2256 2215 anima
2275 2204 2290 2228 ,
2323 2170 2377 2216 et
2405 2162 2565 2217 Deus.

2152 2252 2377 2308 CAPUT
2417 2253 2616 2308 Vli.—
2640 2254 2781 2309 idem
2826 2255 2940 2325 ipse
2979 2255 3175 2327 aliquid
3215 2255 3375 2321 dicit,
3419 2258 3560 2328 quod
3601 2259 3667 2313 ad

2084 2347 2250 2402 Deum
2280 2348 2541 2416 pertinet;
2571 2349 2768 2418 aliquid
2797 2349 2957 2413 dicit,
2986 2349 3124 2419 quod
3153 2350 3220 2404 ad
3246 2351 3477 2406 animam
3507 2353 3670 2421 perti-

2084 2448 2204 2503 net;
2235 2440 2429 2510 aliquid
2471 2440 2628 2505 dicit,
2668 2442 2808 2511 quini
2848 2439 2912 2495 ad
2942 2457 3155 2497 carnem
3196 2445 3462 2512 pertinet:
3501 2452 3668 2498 totum

2083 2532 2147 2585 ad
2174 2530 2438 2586 Christum
2470 2535 2710 2602 pertinet.
2739 2533 2872 2600 Quid
2900 2533 3026 2588 dicit
3058 2544 3113 2588 ut
3137 2534 3314 2589 Deus?
3342 2535 3488 2591 Sicut
3514 2535 3673 2590 Pater

2086 2622 2229 2676 habet
2256 2623 2406 2677 vitam
2435 2625 2486 2677 in
2533 2624 2796 2694 semetipso
2817 2666 2830 2688 ,
2861 2624 2932 2678 sic
2972 2624 3107 2678 dedit
3137 2623 3275 2680 Filio
3301 2625 3481 2682 habere
3520 2629 3673 2682 vitam

2083 2716 2136 2768 in
2175 2716 2456 2786 semetipso.
2497 2717 2831 2785 Quwcuntque
2883 2716 3037 2770 Pater
3073 2718 3232 2789 facit,
3264 2720 3370 2772 haec
3412 2721 3587 2774 eadem
3626 2731 3672 2774 et

2085 2804 2251 2859 Filius
2273 2805 2392 2874 facit
2427 2805 2654 2860 similiter
2681 2805 2786 2874 (Id.
2812 2823 2862 2871 v,
2887 2807 2974 2871 ‘26,
3001 2807 3114 2878 19).
3138 2795 3254 2879 Ego.
3276 2818 3321 2862 et
3346 2807 3499 2864 Pater
3519 2829 3673 2865 unum

2084 2915 2256 2952 sumus
2288 2897 2395 2966 (Id.
2423 2915 2482 2965 ιι,
2513 2899 2625 2968 50).
2657 2899 2790 2968 Quid
2821 2897 2949 2954 dicit
2977 2901 3218 2956 Christus
3245 2903 3534 2957 secundum
3562 2905 3673 2958 ani—

2085 3009 2225 3048 mam
2261 2993 2448 3046 suam?
2478 2992 2654 3046 Tristis
2697 2999 2766 3046 est
2802 2993 2972 3046 anima
3016 3009 3125 3047 mea
3164 2979 3318 3064 usque
3352 2994 3420 3052 ad
3466 3006 3674 3048 mortem

2087 3083 2298 3153 (Matth.
2330 3099 2458 3136 xxw
2478 3125 2491 3148 ,
2520 3081 2631 3153 '58).
2663 3081 2798 3149 Quid
2826 3083 2954 3137 dicit
2978 3083 3220 3139 Christus
3247 3085 3537 3139 secundum
3561 3102 3678 3138 car-

2089 3173 2249 3229 nem?
2281 3173 2470 3228 Solvite
2498 3175 2737 3241 templum
2764 3176 2874 3239 hoc,
2909 3183 2953 3229 et
2987 3177 3039 3228 in
3068 3176 3233 3230 triduo
3262 3176 3511 3230 suscitabo
3548 3176 3677 3230 illud

2089 3267 2266 3341 (Joan.
2313 3283 2382 3328 ιι,
2417 3267 2524 3335 l9).
2560 3265 2778 3333 Palpate
2803 3276 2848 3320 et
2876 3265 3034 3321 videte
3052 3308 3068 3334 ,
3097 3268 3215 3336 quia
3240 3267 3446 3336 spiritus
3475 3284 3678 3321 carnem

2087 3367 2135 3412 et
2161 3373 2274 3412 ossa
2320 3374 2419 3410 non
2453 3357 2630 3420 habet,
2668 3358 2796 3410 sicut
2823 3374 2899 3410 me
2926 3359 3098 3411 videtis
3125 3357 3306 3411 habere
3352 3357 3502 3429 (Luc.
3533 3376 3675 3424 XXIV,

2090 3449 2199 3519 39).
2231 3450 2353 3504 Hmc
2380 3455 2502 3501 sunt
2531 3449 2764 3502 thesauri
2794 3450 3064 3518 sapientia:
3094 3457 3145 3502 et
3170 3449 3426 3504 scientiae.

2161 3538 2385 3594 CAPUT
2429 3539 2559 3592 Vill.
2588 3569 2660 3578 ——
2679 3541 2730 3594 8.
2764 3539 3078 3611 Prwceptum
3109 3549 3372 3610 utrumque
3400 3541 3680 3597 dilectionis

2091 3648 2209 3700 erga
2231 3630 2482 3684 Christum
2503 3629 2757 3698 impletur.
2787 3631 2944 3684 Certe
2977 3637 3079 3682 tota
3107 3628 3216 3684 Lex
3239 3630 3291 3684 in
3316 3631 3521 3686 duobus
3549 3649 3681 3702 prae-

2092 3724 2258 3792 ceptis
2293 3721 2505 3792 pendet.
2553 3720 2745 3791 Diliges
2787 3721 3057 3774 Dominum
3101 3721 3265 3776 Deum
3308 3731 3448 3776 tuum
3485 3739 3549 3776 ex
3579 3733 3681 3778 toto

2094 3815 2242 3869 corde
2271 3825 2354 3867 tuo
2374 3856 2388 3880 ,
2418 3821 2463 3867 et
2489 3829 2552 3867 ex
2575 3822 2677 3866 tota
2697 3814 2866 3866 anima
2906 3819 2992 3864 tua
3011 3854 3026 3878 ,
3060 3823 3104 3866 et
3130 3828 3192 3866 ea:
3235 3821 3338 3866 tota
3367 3822 3528 3867 mente
3554 3823 3641 3868 tua
3663 3833 3682 3879 ;

2095 3917 2140 3961 et
2170 3907 2348 3978 diliges
2388 3907 2675 3976 proximum
2717 3914 2856 3962 tuum
2895 3912 3131 3974 tanquam
3175 3914 3221 3957 te
3261 3904 3446 3975 ipsum.
3494 3904 3560 3958 In
3606 3905 3684 3958 Itis

2097 4000 2289 4054 duobus
2320 3999 2581 4069 praeceptis
2611 4008 2712 4054 tota
2739 3996 2846 4054 Lex
2874 3997 3053 4067 pendat
3089 4007 3134 4055 et
3165 3997 3439 4068 Propheta!
3468 3997 3680 4071 (Matth.

2099 4110 2216 4148 χχιι
2237 4134 2251 4160 ,
2281 4095 2482 4163 57-40).
2517 4094 2572 4158 In
2600 4094 2812 4150 Christo
2837 4095 3001 4162 habes
3032 4102 3218 4149 totum.
3245 4095 3408 4150 Deum
3440 4103 3584 4148 tuum
3608 4095 3686 4147 vis

2098 4183 2355 4252 diligere?
2381 4184 2556 4239 Habes
2587 4186 2636 4239 in
2660 4185 2872 4248 Christo,
2897 4204 2910 4239 :
2944 4184 3007 4240 In
3036 4185 3284 4255 principio
3305 4194 3410 4240 erat
3450 4184 3682 4248 Verbum,

2099 4285 2145 4330 et
2186 4273 2414 4329 Verbum
2453 4285 2558 4329 erat
2587 4276 2726 4346 apud
2769 4276 2965 4343 Deum,
3013 4286 3058 4328 et
3106 4275 3242 4332 Deus
3289 4286 3394 4330 erat
3450 4274 3682 4329 Verbum.

2098 4367 2408 4424 Proximum
2451 4368 2532 4422 vis
2561 4356 2817 4439 diligere?
2859 4369 3032 4424 Habes
3072 4369 3127 4423 in
3171 4367 3418 4424 Christo:
3473 4367 3688 4421 Verbum

2102 4479 2219 4517 caro
2251 4467 2439 4535 factum
2461 4472 2532 4518 est
2551 4505 2565 4530 ,
2599 4472 2644 4516 et
2673 4463 2912 4517 habitavit
2940 4463 2993 4517 in
3023 4451 3198 4518 nobis;

2173 4554 2399 4610 CAPUT
2439 4551 2700 4610 lX.-—9.
2738 4553 2882 4608 Bona
2931 4573 3085 4626 Opera
3130 4551 3512 4627 frequentanda.
3557 4551 3687 4608 Pec-

2105 4654 2248 4711 cata,
2292 4655 2472 4717 praeter
2513 4647 2758 4712 crimina,
2792 4656 2906 4700 sunt
2939 4647 3042 4700 alia
3083 4647 3295 4699 minora.
3337 4643 3552 4699 Mundet
3593 4659 3692 4700 nos

2105 4739 2273 4807 gratia
2301 4752 2395 4792 sua
2429 4755 2444 4792 :
2489 4737 2708 4792 mundet
2751 4753 2848 4793 nos
2887 4737 3318 4809 opitulationibus
3347 4744 3402 4791 et
3444 4737 3690 4792 consola-

2107 4832 2340 4886 tionibus
2368 4831 2498 4886 suis.
2531 4831 2743 4887 Fratres
2766 4832 2890 4896 mci,
2919 4848 3015 4902 per
3041 4831 3208 4902 ipsum
3237 4838 3291 4885 et
3319 4829 3373 4884 in
3395 4823 3510 4899 ipso
3538 4829 3696 4883 obse-

2109 4848 2340 4886 nonmus
2368 4848 2498 4886 suis.
2531 4848 2743 4887 rraires
2766 4848 2890 4896 mei,
2919 4848 3015 4902 per
3041 4849 3053 4886 l
3096 4848 3208 4902 sum
3237 4848 3291 4885 et
3319 4848 3373 4884 in
3395 4848 3510 4899 ipso
3538 4848 3694 4883 oose-

2109 4937 2201 4976 cro
2231 4937 2344 4988 vos,
2369 4923 2421 4976 in
2452 4922 2605 4978 bonis
2626 4924 2873 4993 cperibus
2903 4848 3200 4992 abuniietis,
3231 4921 3280 4976 in
3308 4919 3694 4991 misericordia,

2111 5016 2464 5086 benignitate,
2491 5015 2744 5071 bonitate.
2776 5017 2892 5073 Cito
2917 5015 3164 5072 dimittite
3192 5013 3331 5086 quod
3360 5015 3412 5070 in
3441 5030 3536 5069 vos
3567 5029 3696 5086 pec-

2113 5113 2279 5160 catur.
2311 5105 2478 5161 Nemo
2503 5115 2679 5163 teneat
2706 5107 2837 5161 iram
2867 5107 3124 5164 adversus
3143 5105 3324 5172 alium,
3356 5121 3422 5159 ne
3447 5103 3698 5160 interclu-

2115 5200 2204 5255 dat
2232 5200 2329 5255 sibi
2357 5201 2647 5256 orationem
2680 5201 2744 5255 ad
2777 5202 2964 5255 Deum.
2994 5199 3118 5256 Haec
3145 5200 3284 5255 enim
3317 5199 3493 5254 omnia
3513 5240 3531 5265 ,
3575 5199 3697 5269 quia

2115 5293 2168 5348 in
2198 5292 2298 5347 hoc
2327 5294 2524 5348 saeculo
2552 5307 2750 5358 sumus,
2780 5293 2904 5363 quia
2928 5293 3024 5347 etsi
3054 5292 3381 5363 proﬁcimus,
3413 5289 3512 5345 etsi
3555 5289 3700 5359 juste

2115 5385 2368 5450 vivimus,
2412 5388 2526 5440 sine
2569 5394 2785 5454 peccato
2816 5383 2901 5438 hic
2951 5400 3056 5440 non
3105 5384 3345 5438 vivimus.
3393 5382 3508 5437 Non
3554 5381 3698 5436 enim

2116 5486 2331 5547 peccata
2359 5477 2470 5530 sola
2502 5484 2623 5529 sunt
2650 5475 2736 5530 illa
2763 5491 2880 5544 quae
2910 5475 3130 5530 crimina
3157 5475 3518 5537 nominantur,
3537 5471 3699 5544 adul-

2119 5570 2248 5624 teria
2271 5611 2285 5633 ,
2313 5566 2690 5622 fornicationes
2709 5607 2722 5632 ,
2754 5568 3026 5638 sacrilegia
3048 5609 3061 5632 ,
3091 5566 3227 5621 furta
3247 5606 3266 5633 ,
3297 5566 3497 5635 rapinae
3523 5607 3536 5631 ,
3569 5563 3701 5618 falsa

2120 5663 2468 5718 testimonia:
2514 5677 2618 5718 non
2666 5663 2776 5731 ipsa
2821 5663 2933 5716 sola
2980 5670 3194 5731 peccata
3224 5670 3366 5714 sunt.
3413 5659 3701 5714 Attendere

2124 5753 2321 5826 aliquid
2347 5753 2488 5823 quod
2513 5769 2619 5810 non
2647 5753 2898 5822 debebas,
2924 5761 3199 5824 peccatum
3225 5760 3344 5810 est:
3391 5751 3575 5807 audire
3607 5750 3702 5806 ali-
