4056 6480
397 301 535 360 €207

394 417 522 490 quid
562 417 812 484 libenter,
854 418 995 489 quod
1036 418 1354 475 audiendum
1398 435 1505 476 non
1546 420 1661 489 fuit,
1703 429 1979 493 peccatum

395 519 479 568 est
507 530 520 567 :
561 512 795 583 cogitare
818 509 1039 583 aliquid,
1067 511 1208 584 quod
1232 526 1335 567 non
1360 512 1456 569 fuit
1480 512 1836 584 cogitandum,
1856 529 1984 586 pec-

393 612 568 659 calum
594 611 695 658 est.
1636 668 1646 681 '

462 692 687 750 CAPUT
725 691 793 748 X.
814 692 989 750 —l0.
1029 691 1275 751 Remedia
1292 696 1608 769 quotidiana.
1636 697 1848 754 Μίνωι-ιι
1865 716 1984 772 pec-

391 797 505 843 cata
533 789 855 846 multitudine
880 792 1118 847 obruunt.
1159 792 1266 850 Sed
1311 793 1459 850 dedit
1502 794 1758 850 Dominus
1800 804 1984 852 noster

390 892 510 953 post
531 883 661 938 illud
683 884 950 941 lavacrum
980 886 1402 958 regenerationis
1424 887 1527 942 alia
1557 887 1863 959 quotidiana
1890 903 1982 945 re-

388 975 583 1030 media.
611 975 924 1046 Quotidiana
958 988 1138 1035 nostra
1164 979 1463 1045 mundatio,
1490 979 1759 1035 dominica
1788 979 1979 1035 oratio.

388 1066 656 1134 Dicamus,
686 1077 740 1123 ct
767 1084 949 1124 verum
978 1069 1241 1137 dicamus,
1268 1070 1391 1142 quia
1419 1082 1472 1126 et
1502 1071 1613 1142 ipsa
1640 1070 1981 1143 eleemosyna

386 1165 470 1212 est
501 1175 513 1210 :
545 1157 754 1213 Dimitte
792 1160 934 1216 nobis
963 1160 1130 1217 debita
1158 1173 1353 1231 nostra,
1394 1164 1524 1219 sicut
1561 1172 1608 1219 et
1635 1180 1730 1219 nos
1769 1161 1982 1218 dimitti-

389 1267 499 1305 mus
529 1252 831 1307 debitoribus
874 1254 1057 1310 nostris
1084 1253 1299 1325 (Matth.
1343 1271 1414 1321 v1,
1467 1254 1579 1326 12).
1610 1254 1742 1310 Date
1769 1255 1983 1310 eleemo-

384 1360 557 1414 synas,
585 1353 631 1397 et
656 1347 827 1399 omnia
856 1346 1046 1400 munda
1088 1354 1203 1401 sunt
1232 1347 1367 1402 vobis
1405 1344 1552 1420 (Luc.
1595 1363 1669 1413 ιι,
1702 1344 1815 1422 bl).
1865 1346 1983 1403 Me-

384 1444 641 1506 mentote,
686 1438 897 1505 fratres,
931 1438 998 1494 ad
1026 1439 1305 1495 dexteram
1337 1440 1553 1496 staturis
1581 1440 1707 1510 quid
1745 1440 1983 1497 dicturus

298 1602 305 1603 ί
386 1540 485 1582 est.
513 1528 627 1584 Non
652 1531 811 1599 dicet,
834 1532 925 1588 llla
946 1542 1000 1587 et
1026 1531 1115 1590 illa
1136 1548 1325 1603 magna
1345 1532 1544 1588 fecistis
1572 1550 1585 1587 :
1610 1533 1725 1601 sed,
1752 1532 1979 1602 Esurivi,

385 1633 428 1675 et
456 1623 662 1677 dedistis
703 1627 824 1678 mihi
855 1625 1183 1681 manducare.
1214 1625 1296 1681 Ad
1326 1626 1597 1681 sinistram
1628 1626 1846 1681 staturis
1873 1641 1979 1681 non

385 1725 467 1770 cst
491 1717 749 1783 dicturus,
784 1718 874 1774 llla
906 1728 959 1774 et
979 1720 1065 1774 illa
1095 1718 1233 1774 mala
1263 1718 1461 1774 fecistis
1491 1736 1503 1773 :
1534 1718 1650 1786 sed,
1682 1716 1904 1786 Esuriui,
1934 1728 1984 1773 et

383 1825 485 1862 non
512 1808 720 1863 dedistis
750 1810 874 1864 mihi
899 1809 1209 1865 manducare
1234 1809 1446 1882 (Matth.
1480 1826 1602 1877 xxv,
1635 1811 1727 1877 55,
1753 1807 1868 1882 42).
1899 1807 1982 1865 Illi

386 1918 483 1972 pro
511 1902 872 1975 elcentosyna,
907 1902 961 1957 in
987 1903 1148 1957 vitam
1177 1911 1431 1957 atternam
1467 1920 1479 1956 :
1509 1902 1596 1956 isti
1628 1908 1844 1971 propter
1871 1908 1982 1956 ste-

384 1994 657 2059 rilitatem,
688 1997 740 2074 in
769 1994 945 2066 ignem
988 2004 1267 2051 aeternum.
1313 1994 1471 2050 Modo
1490 1995 1671 2065 eligite
1714 2002 1809 2049 aut
1848 1993 1983 2049 dex-

385 2095 519 2141 tram
551 2094 643 2141 aut
668 2088 956 2142 sinistram.
986 2087 1124 2143 Nam
1156 2102 1285 2159 rogo
1317 2102 1430 2153 vos,
1462 2102 1622 2159 quam
1650 2086 1850 2142 habere
1880 2101 1980 2157 po-

388 2180 510 2235 terit
537 2194 684 2250 spem
731 2179 917 2235 salutis
947 2180 1095 2252 piger
1137 2180 1190 2234 in
1221 2179 1494 2248 remediis,
1525 2178 1718 2235 creber
1746 2179 1801 2234 in
1831 2192 1980 2234 mor-

387 2273 468 2329 bis
488 2273 513 2328 ?

457 2364 682 2422 CAPUT
704 2363 989 2421 Xl.—Sed
1015 2364 1159 2436 parvi
1192 2363 1361 2419 morbi
1384 2363 1541 2418 sunt?
1564 2359 1828 2432 Congerie
1855 2374 1983 2431 pre-

386 2469 557 2514 munt.
606 2458 807 2513 Minora
858 2466 1072 2528 peccata
1124 2466 1248 2512 sunt
1296 2472 1416 2527 quae
1446 2454 1639 2511 habeo.
1691 2452 1808 2509 Non
1858 2460 1983 2508 sunt

389 2551 590 2604 multa?
618 2549 751 2606 Nam
783 2547 1052 2620 quomodo
1097 2549 1303 2604 minora
1342 2558 1487 2615 sunt,
1520 2561 1640 2617 quae
1685 2553 1979 2617 premunt,

387 2642 617 2698 obruunt
652 2661 665 2699 :
696 2642 820 2714 quid
848 2643 1104 2698 minutius
1148 2641 1342 2714 pluviae
1379 2640 1583 2713 guttis?
1607 2639 1851 2697 Flumina
1882 2640 1983 2694 im-

388 2738 552 2808 plent.
597 2737 734 2807 Quid
764 2737 1019 2793 minutius
1042 2736 1223 2808 granis
1257 2735 1462 2791 tritici?
1490 2733 1696 2790 Horrea
1733 2733 1979 2804 implent.

388 2830 467 2885 Tu
506 2831 735 2886 attendis
762 2831 885 2902 quia
927 2831 1131 2885 minora
1156 2837 1300 2893 sunt,
1343 2837 1398 2884 et
1439 2842 1545 2883 non
1588 2826 1821 2884 attendis
1857 2825 1980 2898 quia

388 2923 550 2977 multa
599 2932 742 2977 sunt.
776 2921 1070 2977 Attendere
1115 2919 1258 2976 nosﬁ
1286 2939 1300 2976 :
1328 2935 1572 2987 numera,
1602 2919 1648 2974 si
1668 2927 1843 2994 potes.
1874 2918 1981 2977 Sed

392 3013 547 3084 plane
574 3014 938 3086 quotidianum
964 3012 1255 3069 remedium
1295 3012 1442 3069 dedit
1473 3013 1629 3068 Deus.

461 3105 687 3162 CAPUT
725 3104 1018 3161 Xl|.—il.
1060 3104 1350 3159 Conclusio.
1393 3103 1578 3174 Magna
1611 3103 1978 3159 misericordia

389 3200 507 3265 ejus
533 3199 622 3267 qui
670 3197 896 3251 ascendit
938 3197 990 3250 in
1030 3196 1208 3262 altum,
1240 3205 1287 3250 et
1311 3195 1578 3267 captivavit
1620 3196 1977 3265 captivitatem.

389 3293 525 3360 Quid
552 3300 654 3358 est,
686 3289 953 3361 captivavit
976 3289 1355 3359 captivitatem?
1379 3287 1583 3343 Occidit
1601 3296 1848 3343 mortem.
1880 3287 1981 3343 Ca-

387 3385 603 3454 ptivitas
627 3384 833 3453 captiva
854 3390 967 3436 cst:
993 3396 1137 3436 mors
1159 3389 1365 3436 mortua
1386 3389 1487 3436 est.
1521 3379 1657 3449 Quid
1679 3380 1846 3451 ergo?
1868 3380 1982 3436 lioc

388 3477 562 3530 solum
592 3475 718 3531 fecit
741 3476 829 3546 qui
856 3473 1081 3531 ascendit
1107 3474 1161 3528 in
1183 3473 1366 3540 altum,
1405 3482 1452 3527 et
1472 3473 1737 3545 captioavit
1766 3473 1978 3544 captivi-

389 3568 580 3623 tatem?
606 3568 742 3638 Ergo
761 3567 964 3623 dimisit
990 3566 1127 3622 nos?
1159 3565 1288 3620 Ecce
1305 3583 1394 3636 ego
1422 3566 1670 3620 vobiscum
1690 3582 1801 3620 sum
1827 3572 1982 3637 usque

387 3662 442 3715 in
474 3662 956 3716 consummationem
1001 3659 1174 3715 steculi
1212 3658 1421 3730 (Matth.
1451 3673 1640 3725 xxvm,
1680 3658 1798 3727 20).
1840 3658 1981 3728 Ergo

388 3753 519 3808 illud
548 3753 780 3819 attende,
814 3752 965 3809 Dedit
994 3754 1130 3806 dona
1155 3751 1438 3807 hominibus
1468 3736 1642 3823 (Psal.
1670 3765 1830 3819 uvn,
1863 3751 1978 3823 l9).
2027 3816 2033 3823 κ

388 3846 551 3916 Aperi
579 3845 753 3902 sinum
774 3845 1005 3916 pietatis,
1037 3843 1224 3915 excipe
1248 3843 1446 3898 donum
1475 3840 1762 3898 felicitatis.

856 3980 1085 4038 SERMO
1120 3976 1346 4036 ccum
1376 3979 1507 4051 '(a).

778 4080 830 4123 In
850 4073 934 4123 die
956 4072 1261 4123 ascensionis
1288 4070 1498 4133 Domini,
1533 4083 1587 4119 ιι.

748 4176 962 4231 Habitus
990 4177 1044 4232 in
1074 4173 1285 4230 basilica
1314 4173 1616 4229 Leontium.

457 4290 702 4347 CAPUT.
722 4291 1005 4349 PRIMUM.
1029 4321 1099 4333 -—
1128 4293 1183 4348 1.
1224 4291 1403 4348 Sancti
1434 4290 1633 4347 Leontii
1662 4280 1978 4349 solemnitas.

387 4386 645 4440 Dominus
668 4382 845 4450 Jesus,
878 4383 1051 4438 Patris
1084 4384 1383 4456 unigenitum
1407 4398 1460 4440 et
1495 4384 1727 4456 gignenti
1753 4384 1980 4441 coaeter-

388 4496 511 4544 nus,
559 4478 756 4548 pariter
795 4476 1094 4542 invisibilis,
1127 4477 1327 4548 pariter
1367 4478 1731 4543 immutabilis,
1785 4477 1981 4549 pariter

386 4571 748 4641 omnipotens,
793 4568 994 4640 pariter
1023 4569 1199 4634 Deus;
1230 4577 1447 4640 propter
1475 4584 1598 4637 nos,
1625 4577 1686 4624 ut
1711 4570 1898 4638 nostis,
1927 4577 1981 4626 et

386 4662 689 4734 accepistis,
715 4668 772 4717 et
795 4660 1010 4727 tenetis,
1052 4659 1222 4716 factus
1247 4668 1333 4716 est
1360 4661 1540 4727 homo,
1565 4660 1734 4717 forma
1765 4676 1979 4717 assum-

388 4766 474 4827 pta
534 4756 785 4823 humana,
832 4769 937 4810 non
967 4755 1164 4809 amissa
1208 4755 1381 4809 divina
1414 4773 1429 4810 :
1461 4766 1650 4825 potens
1688 4756 1928 4810 occultus
1960 4797 1977 4822 ,

388 4848 633 4904 infirmus
659 4844 1008 4913 manifestus;
1039 4846 1177 4902 sicut
1201 4846 1392 4913 nostis,
1424 4858 1581 4901 natus
1605 4856 1705 4914 est,
1737 4856 1795 4901 ut
1820 4861 1978 4902 rena-

387 4954 697 5006 sceremur;
730 4947 970 4994 ιιιοιιιιιιε
1000 4946 1103 5007 εει,
1132 4952 1199 4994 ne
1234 4951 1333 4993 nos
1376 4937 1427 4991 ill
1455 4945 1714 4993 aeternum
1741 4952 1980 4994 morere-

389 5047 526 5087 mur.
558 5032 651 5086 llle
675 5030 948 5096 continuo,
977 5029 1029 5085 id
1056 5037 1161 5099 est,
1188 5028 1275 5085 die
1302 5029 1457 5085 tertio
1478 5030 1770 5085 resurrexit
1792 5030 1980 5087 :nobis

387 5123 836 5203 resurrectionem
880 5123 1055 5178 carnis
1095 5122 1150 5177 in
1193 5121 1299 5178 fine
1325 5122 1589 5194 promisit.
1641 5122 1893 5179 Exhibuit
1920 5138 1980 5180 se

389 5217 772 5289 discipulorum
801 5216 974 5272 oculis
1013 5215 1319 5282 videndum,
1356 5217 1704 5288 manibusque
1749 5226 1980 5272 tractan-

388 5310 553 5376 dum;
602 5308 927 5380 persuadens
975 5308 1117 5380 quod
1174 5307 1345 5365 factus
1389 5318 1522 5374 erat,
1572 5324 1677 5365 non
1731 5308 1980 5366 auferens

389 5403 531 5474 quod
560 5416 775 5473 semper
802 5410 936 5457 erat.
969 5402 1328 5458 Conversatns
1376 5411 1459 5458 est
1503 5417 1624 5459 cum
1673 5403 1753 5457 eis
1791 5402 1980 5459 diebus

390 5496 762 5567 quadraginta,
790 5495 927 5551 sicut
952 5494 1199 5563 audistis,
1228 5496 1434 5551 intrans
1456 5504 1512 5552 ct
1532 5497 1736 5561 exiens,
1758 5495 1981 5550 mandu-

387 5603 520 5647 cans
547 5600 600 5645 et
645 5589 868 5649 bibens;
902 5605 1008 5644 non
1050 5589 1159 5660 jam
1200 5589 1509 5662 indigentia,
1542 5590 1637 5647 sed
1674 5598 1841 5645 totum
1887 5605 1983 5660 po-

451 5726 779 5788 fﬂecensitus
816 5728 875 5788 ad
901 5724 933 5772 f.
958 5737 1035 5788 gr.
1073 5731 1128 5788 et
1157 5725 1217 5776 ad
1254 5723 1389 5776 Ulim.
1425 5734 1523 5774 am.
1558 5732 1660 5776 Par.
1680 5731 1791 5776 tm.

453 5787 532 5848 ta)
564 5784 706 5847 suae,
729 5786 795 5836 de
815 5784 1029 5837 Diversis
1052 5787 1128 5837 ts.

1637 305 1694 361 S.
1737 302 2097 363 AUCUSTINI
2135 304 2441 365 EPISCOPI

2093 422 2257 478 tentia
2291 440 2305 477 :
2337 430 2392 478 et
2418 420 2762 478 manifestans
2784 422 2865 479 eis
2902 422 3078 479 carnis
3107 421 3408 494 veritatem,
3433 425 3490 482 in
3514 442 3681 486 cruce

2092 514 2473 580 inﬁrmitatem,
2506 530 2535 569 a
2566 514 2814 586 sepulcro
2840 515 3317 571 immortalitatem.

2161 608 2388 665 CAPUT
2430 608 2490 662 ll.
2518 638 2590 650 —-
2612 607 2669 664 2.
2709 608 2856 663 Idem
2881 618 3125 663 tractatur
3167 619 3537 682 argumentum.
3569 610 3685 669 Ho-

2090 699 2335 756 diernum
2376 717 2505 773 ergo
2546 701 2687 758 diem
2734 703 3060 759 ascensionis
3106 704 3272 776 ipsius
3317 705 3681 762 celebramus.

2052 840 2065 851 .
2090 792 2333 849 Occurrit
2355 804 2529 850 autem
2558 795 2678 851 huic
2706 795 2958 851 Ecclesia:
2982 795 3087 850 alia
3110 797 3393 852 vernacula
3420 797 3683 855 solemni-

2091 893 2171 940 tas
2195 887 2233 939 ί.
2276 886 2577 943 Conditoris
2606 887 2840 943 basilica:
2884 886 3042 958 hujus
3068 889 3235 943 sancti
3263 888 3470 944 Leontii
3516 889 3681 946 hodie

2090 977 2352 1052 depositio
2390 987 2490 1036 est.
2541 980 2649 1036 Sed
2691 979 2937 1052 dignetur
2978 980 3251 1035 obscurari
3297 981 3447 1036 stella
3474 997 3505 1036 a
3535 981 3676 1038 sole.

2090 1067 2233 1141 Ergo
2255 1070 2324 1126 de
2345 1071 2569 1126 Domino
2595 1071 2790 1141 potius,
2812 1070 2952 1141 quod
2979 1085 3334 1141 cmperamus,
3367 1072 3673 1142 loquamur.

2090 1166 2297 1223 Gaudet
2336 1168 2507 1223 bonus
2557 1181 2744 1223 servus
2767 1208 2783 1233 ,
2838 1165 3051 1237 quando
3103 1165 3352 1222 laudatur
3392 1166 3680 1223 Dominus.

2161 1258 2386 1315 CAPUT
2423 1258 2511 1314 Ill.
2534 1290 2603 1300 —-
2631 1260 2686 1314 '5.
2727 1258 3047 1314 Ascensionis
3069 1257 3197 1328 ﬁdes
3226 1267 3271 1312 et
3297 1257 3558 1312 celebritas
3591 1274 3686 1328 per

2090 1359 2250 1406 totum
2265 1351 2451 1406 orbem.
2475 1350 2747 1406 Hodierno
2762 1364 2890 1422 ergo
2903 1349 3012 1417 die,
3026 1348 3128 1405 hoc
3148 1358 3249 1417 est,
3267 1349 3685 1420 quadragesimo

2088 1452 2213 1515 post
2235 1443 2683 1499 resurrectionem
2712 1457 2883 1507 suam,
2917 1442 3173 1498 Dominus
3201 1441 3444 1497 ascendit
3483 1441 3541 1497 in
3564 1456 3686 1496 cm—

2088 1535 2221 1591 lum.
2247 1535 2361 1590 Non
2392 1535 2621 1591 vidimus
2650 1553 2665 1590 :
2697 1535 2791 1591 sed
2817 1534 3117 1590 credamus.
3143 1534 3245 1603 Qui
3272 1534 3520 1607 viderunt
3544 1549 3686 1603 pra:-

2089 1629 2419 1694 dicaverunt,
2469 1638 2525 1684 et
2560 1626 2748 1684 orbem
2792 1638 3054 1683 terrarum
3103 1626 3476 1696 impleverunt.
3521 1624 3688 1680 Scitis

2087 1720 2178 1792 qui
2218 1720 2484 1787 viderunt,
2527 1729 2582 1776 et
2623 1720 2715 1791 qui
2756 1719 2910 1774 nobis
2952 1718 3360 1775 indicaverunt:
3387 1717 3456 1773 de
3484 1715 3684 1788 quibus

2088 1813 2399 1886 praedictum
2428 1822 2531 1879 est,
2561 1832 2581 1866 ι
2610 1812 2725 1869 Νοιι
2751 1821 2876 1868 sunt
2910 1811 3134 1883 loquelae
3172 1826 3345 1882 neque
3377 1824 3686 1876 sermones,

2088 1923 2316 1978 quorum
2337 1924 2445 1965 non
2466 1907 2749 1965 audiantur
2764 1921 2924 1962 voces
2939 1921 3147 1961 eorum.
3172 1905 3231 1960 In
3248 1919 3465 1961 omnem
3484 1913 3686 1958 terram

2089 2000 2220 2055 exiit
2257 2014 2420 2055 sonus
2448 2015 2654 2067 eorum,
2683 2007 2739 2055 et
2765 2000 2817 2053 in
2857 1998 2989 2054 lines
3017 1998 3163 2053 orbis
3192 2005 3351 2052 terrae
3393 1995 3558 2051 verba
3585 2009 3687 2050 eo-

2076 2107 2205 2146 .rum
2226 2109 2246 2143 ι
2274 2089 2446 2166 (Psal.
2464 2107 2612 2158 xvut,
2638 2091 2736 2147 ιιι
2751 2091 2828 2161 5).
2854 2091 2994 2161 Ergo
3019 2100 3074 2145 et
3101 2089 3169 2144 ad
3193 2103 3292 2144 nos
3316 2095 3603 2154 venerunt,
3632 2096 3689 2143 et

2089 2200 2190 2242 nos
2219 2185 2287 2241 de
2314 2201 2505 2242 somno
2541 2186 2926 2241 excitaverunt.
2955 2183 3092 2239 Ecce
3120 2181 3422 2240 celebratur
3461 2180 3687 2235 hodier-

2089 2291 2190 2333 nus
2212 2275 2327 2332 dies
2355 2286 2467 2331 toto
2492 2278 2622 2332 orbe
2651 2285 2934 2332 terrarum.

2160 2368 2385 2425 CAPUT
2435 2368 2525 2423 IV.
2564 2398 2637 2409 —
2674 2368 2731 2423 4.
2781 2353 3100 2421 Ascensionis
3164 2364 3350 2420 Christi
3395 2362 3686 2434 prophetia.

2087 2461 2331 2518 Recolite
2376 2462 2664 2517 Psalmum.
2711 2460 2807 2517 Cui
2841 2460 3038 2515 dictum
3088 2468 3190 2523 est,
3240 2457 3487 2512 Exultare
3531 2472 3689 2526 super

2090 2554 2262 2620 cwlos,
2298 2552 2479 2607 Deus?
2503 2551 2599 2609 Cui
2629 2552 2828 2608 dictum
2856 2552 2970 2607 est?
2997 2540 3400 2619 NumquidDeo
3424 2547 3571 2604 Patri
3608 2548 3692 2603 di-

2089 2654 2322 2712 ceretur,
2354 2644 2619 2713 Exaltare,
2659 2643 2750 2715 qui
2778 2656 3049 2715 nunquam
3076 2649 3159 2696 est
3202 2639 3552 2695 humiliatus?
3581 2639 3694 2694 Ex-

2089 2738 2256 2793 altare
2309 2745 2365 2792 tu
2397 2755 2410 2792 :
2445 2746 2502 2792 tu
2529 2737 2619 2808 qui
2650 2735 2797 2793 fuisti
2844 2738 2896 2792 in
2927 2745 3112 2793 ventre
3165 2733 3357 2791 matris
3404 2732 3687 2803 inclusus;

2090 2836 2145 2884 tu
2190 2830 2281 2901 qui
2328 2830 2380 2884 in
2423 2829 2512 2885 illa
2556 2827 2726 2885 factus
2778 2845 2870 2896 es,
2917 2843 3076 2899 quam
3121 2828 3332 2892 fecisti;
3386 2837 3441 2882 tu
3484 2828 3580 2898 qui
3627 2828 3681 2882 in

2088 2919 2315 2991 praesepi
2367 2919 2610 2989 jacuisti;
2659 2929 2718 2975 tu
2762 2924 2853 2990 qui
2906 2919 3068 2975 ubera
3122 2927 3373 2988 tanquam
3422 2919 3683 2988 parvulus

2002 3054 2007 3057 Α
2088 3013 2147 3069 in
2194 3027 2326 3067 vena
2370 3012 2545 3067 carnis
2581 3011 2849 3077 suxisti';
2884 3021 2940 3065 ιιι
2983 3011 3073 3084 qui
3122 3019 3340 3080 portans
3378 3009 3677 3077 mundum,

2087 3105 2384 3177 portabaris
2405 3121 2436 3159 a
2456 3113 2627 3161 matre
2651 3124 2664 3160 :
2695 3114 2749 3159 tu
2778 3120 2935 3175 quem
2956 3102 3171 3161 Simeon
3202 3119 3369 3159 senex
3393 3103 3685 3172 parvulum

2087 3199 2322 3269 agnovit,
2355 3213 2708 3269 magnumque
2753 3197 2985 3252 laudavit
3016 3216 3030 3252 :
3060 3207 3114 3252 ιιι
3140 3212 3298 3268 quem
3334 3196 3491 3252 vidua
3523 3198 3679 3251 Anna

2087 3289 2221 3345 vidit
2261 3299 2559 3359 sugentem,
2604 3299 2657 3345 et
2699 3292 2946 3360 cognovit
2982 3290 3403 3360 omnipotentem
3436 3307 3450 3342 :
3486 3298 3544 3344 tu
3587 3291 3679 3360 qui

2088 3382 2299 3439 esuristi
2332 3391 2551 3453 propter
2575 3397 2693 3450 nos,
2734 3382 2891 3438 sitisti
2939 3386 3155 3453 propter
3183 3396 3303 3448 nos,
3348 3381 3602 3453 fatigatus
3625 3399 3685 3437 es

2087 3475 2143 3530 in
2189 3475 2270 3530 via
2304 3481 2520 3544 propter
2542 3488 2640 3529 nos
2670 3491 2684 3528 :
2717 3473 2995 3544 (numquid
3036 3473 3206 3529 esurit
3230 3474 3400 3543 panis,
3443 3483 3541 3528 aut
3569 3473 3684 3528 sitit

2088 3565 2230 3633 fons,
2259 3576 2352 3621 aut
2392 3565 2639 3636 fatigatur
2666 3567 2750 3620 via
2765 3568 2814 3636 't)
2860 3575 2912 3620 tu
2947 3566 3037 3636 qui
3077 3565 3256 3620 omnia
3287 3566 3387 3620 ista
3413 3565 3681 3635 pertulisti

2089 3667 2307 3731 propter
2350 3672 2446 3712 nos
2477 3676 2490 3712 :
2523 3667 2579 3714 tu
2607 3658 2695 3729 qui
2724 3657 2990 3725 dormisti,
3023 3665 3078 3712 et
3107 3666 3282 3711 tamen
3326 3672 3433 3712 non
3472 3656 3679 3712 dormi-

2090 3762 2190 3816 tas,
2220 3749 2527 3806 custodiens
2568 3749 2728 3805 Israel
2757 3768 2771 3803 :
2801 3758 3091 3821 postremo,
3140 3757 3197 3803 tu
3244 3763 3403 3819 quem
3442 3748 3686 3804 vendidit

2093 3842 2272 3908 ludas,
2301 3856 2460 3913 quem
2486 3840 2654 3897 Judaei
2681 3850 2947 3908 emerunt,
2974 3849 3029 3895 et
3049 3854 3154 3895 non
3194 3838 3549 3910 possederunt
3578 3858 3592 3894 :
3630 3849 3681 3893 tu

2086 3933 2442 4005 apprehense,
2466 3932 2645 4004 ligato,
2664 3932 2948 4003 ﬂagellate,
2967 3931 3136 4002 spinis
3158 3939 3431 3998 coronate,
3458 3931 3513 3985 in
3537 3931 3684 4002 ligno

2087 4042 2367 4099 suspense,
2412 4027 2596 4082 lancea
2634 4040 2909 4095 percusse,
2959 4034 3017 4081 tu
3058 4033 3287 4090 mortue,
3332 4032 3390 4080 tu
3434 4025 3681 4096 sepulto,

2087 4118 2333 4176 Emttare
2360 4135 2511 4187 super
2535 4118 2706 4183 ctelos,
2736 4116 2897 4172 Deus.

2157 4211 2382 4269 CAPUT
2408 4211 2819 4276 V.—-Exallare,
2837 4210 3029 4282 inquit,
3047 4209 3287 4266 exaltare
3311 4223 3471 4279 super
3484 4209 3679 4276 caelos,

2086 4304 2208 4375 quia
2240 4303 2379 4359 Deus
2403 4317 2484 4360 es.
2512 4302 2653 4360 Sede
2681 4303 2734 4358 in
2765 4303 2922 4370 ctelo,
2967 4303 3059 4373 qui
3086 4299 3380 4372 pependisti
3422 4301 3476 4356 in
3508 4301 3676 4373 ligno.

2085 4395 2255 4451 Judex
2282 4396 2607 4466 exspectaris
2629 4402 2901 4461 venturus,
2922 4394 3012 4465 qui
3040 4402 3374 4464 exSpeclatus
3394 4409 3454 4449 es
3469 4393 3679 4464 judica-

2088 4497 2192 4544 tus.
2223 4487 2355 4558 Quis
2382 4490 2483 4545 ista
2508 4488 2713 4556 credat,
2745 4487 2849 4542 nisi
2876 4487 2968 4544 illo
3011 4486 3259 4554 faciente,
3296 4488 3387 4558 qui
3418 4489 3580 4558 erigit
3615 4488 3681 4542 de

2087 4592 2227 4638 terra
2254 4582 2490 4652 inopem,
2534 4580 2682 4637 etde
2708 4589 2947 4637 stercore
2982 4580 3182 4636 exaltat
3211 4594 3496 4650 pauperem
3520 4581 3546 4635 ἲ
3590 4581 3682 4636 ille

2085 4676 2200 4747 ipse
2225 4675 2440 4745 inopem
2460 4688 2677 4730 carnem
2707 4688 2856 4728 suam
2874 4673 3050 4746 erigit,
3078 4680 3135 4729 et
3158 4673 3386 4729 collocat
3408 4688 3530 4728 eam
3559 4689 3680 4729 cum

2085 4768 2411 4841 principibus
2447 4767 2626 4839 populi
2656 4767 2733 4821 sui
2767 4765 2936 4839 (Psal.
2963 4782 3092 4831 cxn,
3122 4767 3177 4834 7,
3223 4766 3304 4838 8),
3330 4781 3454 4821 cum
3483 4767 3680 4837 quibus

2080 4862 2417 4935 iudicaturus
2444 4870 2529 4917 est
2554 4861 2704 4917 vivos
2729 4871 2785 4917 et
2820 4870 3078 4916 mortuos.
3127 4862 3258 4916 Cum
3288 4862 3366 4916 eis
3392 4861 3681 4917 collocavit

2085 4957 2224 5012 hanc
2264 4956 2477 5027 inopem
2514 4969 2751 5019 carnem,
2794 4953 2987 5025 quibus
3025 4954 3152 5009 dicit
3182 4972 3196 5008 :
3232 4953 3485 5009 Sedebitis
3522 4971 3677 5025 super

2085 5049 2351 5105 duodecim
2417 5048 2558 5104 sedes
2581 5090 2597 5117 ,
2638 5047 2930 5119 judicantes
2981 5047 3248 5102 duodecim
3300 5049 3460 5102 tribus
3508 5046 3679 5103 Israel

2086 5142 2301 5215 (Matth.
2330 5158 2439 5206 xu,
2467 5140 2581 5213 28).

2156 5233 2384 5291 CAPUT
2424 5232 2643 5289 ιιι-5.
2685 5230 2915 5286 Ecclesia
2943 5232 3107 5303 gloria
3124 5229 3410 5287 Christi.—
3425 5230 3677 5286 Exaltare

2151 5349 2169 5380 ί
2194 5346 2313 5396 Editi
2333 5381 2347 5409 ,
2388 5342 2610 5395 occurrit
2630 5348 2791 5394 autem
2812 5340 2923 5409 huic
2961 5340 3187 5394 Ecclesia:
3208 5356 3240 5391 a
3262 5342 3586 5409 tabernaculo
3603 5356 3657 5394 se

2375 5410 2543 5459 verius
2574 5406 2913 5456 Germanensis
2953 5411 3058 5465 Ms.,
3083 5404 3305 5456 occurrit
3348 5411 3510 5455 mrtem
3563 5404 3668 5458 Itast

2086 5470 2312 5523 Ecclesia?
2334 5469 2432 5520 alia
2454 5468 2712 5530 vernacula
2739 5465 3027 5517 solemm'tas.
3063 5466 3531 5530 Eodemgsiguiﬁcatu
3554 5467 3670 5530 hanc

2088 5548 2286 5591 vocem,
2326 5530 2613 5589 vernacula,
2654 5529 2938 5591 adhibuerat
2966 5530 3131 5579 Cicero
3166 5532 3215 5578 in
3239 5528 3321 5578 lib}
3349 5531 3412 5589 9,
3438 5545 3486 5591 ιι.
3515 5529 3590 5588 15,
3615 5529 3671 5577 ad

2087 5590 2296 5647 Paetum:
2331 5614 2353 5642 ιι
2370 5596 2658 5657 Antiquaeet
2678 5590 2953 5657 vernacula:
2974 5591 3264 5657 festivitatis.
3281 5609 3304 5637 ι
3326 5599 3395 5642 De
3410 5590 3493 5657 illa
3512 5600 3668 5657 autent

2087 5659 2279 5720 leontii,
2303 5653 2633 5720 ⁵Ηίρροιιιιιιιὶἰιι
2677 5654 2889 5717 episcopi
2942 5653 3249 5704 solemnitate
3288 5655 3583 5718 Augustinus
3621 5654 3669 5703 in

2089 5712 2509 5835 θνῖδῖέιὲτῗὲοθηειι
2524 5786 2628 5841 ιιι..
2651 5776 2705 5828 ιιι
2724 5786 2837 5828 um
2860 5789 3006 5829 carne
3022 5774 3214 5829 ms.
