4102 6326
321 306 458 367 ηοθ

323 436 448 494 ergo
472 433 623 489 super
637 416 804 480 atlas,
824 411 976 466 Deus.
1005 405 1120 462 Jam
1147 403 1343 459 factum
1361 404 1466 465 est,
1488 381 1598 468 jam
1621 391 1894 461 impletum

454 488 559 570 Sed
586 511 832 572 dicimus,
871 504 1148 574 Quomodo
1174 499 1408 555 futurum
1454 488 1766 563 prtedictum
1794 490 1897 549 est,

324 607 568 660 Exultare
593 618 741 673 super
788 602 934 654 cwlos
966 597 1139 658 Deus;
1169 606 1277 646 non
1318 586 1564 648 vidimus,
1597 580 1688 636 sed
1728 575 1901 633 credi-

323 713 440 754 mus
473 715 486 750 τ
515 709 640 751 ecce
658 671 790 747 ante
833 690 1016 746 oculos
1062 693 1275 741 nostros
1316 687 1399 736 est
1437 674 1578 747 quod
1626 671 1900 742 sequitur,

328 790 570 845 Exaltare
609 801 762 854 super
787 782 956 848 caelos,
1010 778 1168 839 Deus,
1215 783 1264 828 et
1288 786 1438 842 super
1481 782 1676 822 omnem
1723 773 1905 816 terram

323 883 487 957 gloria
525 890 608 933 tua
636 877 804 946 (Psal.
849 890 954 939 LVI,
987 870 1100 941 12).
1138 868 1254 923 Non
1297 861 1478 919 credat
1506 857 1654 924 illud,
1683 854 1771 925 qui
1798 868 1906 906 non

325 975 463 1029 videt
490 970 647 1027 istud.
697 966 832 1037 Quid
874 973 951 1018 est
981 963 1145 1023 enim,
1201 959 1264 1011 Et
1311 970 1460 1026 super
1499 965 1694 1004 omnem
1724 957 1907 1000 terram

327 1065 486 1135 gloria
526 1063 648 1116 tua?
691 1059 810 1126 nisi,
851 1071 1010 1126 super
1039 1066 1250 1108 omnem
1282 1057 1476 1104 terram
1518 1039 1750 1097 Ecclesia
1781 1047 1867 1093 tua
1888 1077 1905 1104 ,

328 1177 484 1229 super
504 1172 716 1212 onmem
741 1164 934 1210 terram
956 1160 1195 1206 matrona
1219 1156 1305 1202 tua
1321 1146 1360 1212 ⁸,
1383 1158 1544 1212 super
1559 1151 1772 1195 omnem
1801 1144 1907 1189 ter-

331 1269 444 1308 ram
473 1265 666 1320 sponsa
691 1260 798 1312 tua,
821 1246 1009 1300 dilecta
1035 1254 1144 1305 tua,
1177 1239 1420 1294 columba
1452 1245 1562 1298 tua,
1582 1230 1772 1298 conjux
1797 1237 1906 1280 tua.

330 1343 443 1411 Ipsa
462 1318 543 1397 est
563 1339 726 1411 gloria
752 1349 859 1402 tua,
887 1334 976 1389 Vir
991 1331 1211 1404 quidem,
1235 1325 1627 1396 aitApostolus,
1649 1337 1748 1374 non
1769 1318 1910 1372 debet

328 1437 491 1488 velare
515 1442 687 1500 caput,
711 1447 824 1484 cum
845 1429 912 1482 sit
935 1428 1102 1495 imago
1123 1433 1168 1477 et
1195 1422 1356 1493 gloria
1378 1419 1468 1472 Dei
1498 1434 1514 1472 :
1536 1416 1714 1470 mulier
1743 1422 1910 1466 autem

329 1526 490 1595 gloria
518 1523 610 1577 viri
637 1522 690 1594 (Ι
719 1519 834 1576 Cor.
868 1535 943 1586 ιι,
972 1516 1049 1589 7).
1074 1515 1131 1571 Si
1160 1513 1350 1569 mulier
1378 1510 1542 1581 gloria
1576 1507 1673 1561 viri
1725 1503 1910 1559 Eccle-

332 1615 408 1668 sia
439 1613 604 1683 gloria
640 1610 832 1665 Christi
865 1611 903 1663 ².

789 1742 1019 1800 SERMO
1056 1738 1304 1796 CCLXIII
1331 1734 1454 1811 ‘(a).

783 1845 850 1886 De
868 1835 1155 1884 Ascensione
1175 1829 1378 1888 Domini,
1398 1842 1465 1876 ιιι.

414 1945 460 1997 l.
525 1940 837 2010 Gloriﬁcatio
893 1947 940 1993 et
1002 1935 1207 1991 victoria
1277 1928 1462 1988 Christi
1528 1925 1771 1994 completa
1843 1929 1916 1976 est

340 2018 698 2089 resurrectione
737 2039 781 2083 et
827 2028 1133 2083 ascensione.
1179 2023 1444 2086 Christus,
1491 2019 1587 2082 leo,
1640 2025 1683 2070 et
1732 2028 1910 2084 agnus.

344 2128 626 2190 Diabolus,
682 2126 777 2180 leo.
833 2120 1121 2191 Muscipula
1171 2115 1378 2170 diaboli.
1424 2110 1750 2168 Gloriﬁcatio
1793 2107 1914 2174 ,Βο-

348 2222 477 2277 nIini
524 2219 689 2273 nostri
737 2217 862 2274 Jesu
911 2213 1106 2270 Christi
1129 2206 1452 2278 resurgendo
1491 2213 1543 2258 et
1581 2197 1918 2256 ascendendo

343 2313 604 2382 completa
663 2319 764 2364 est.
817 2303 1281 2362 ReSurrectionem
1336 2297 1499 2368 ipsius
1555 2291 1770 2348 Paschzc
1813 2289 1922 2343 Do-

343 2405 536 2458 Ininico
588 2400 969 2457 celebravimus
1002 2416 1013 2450 :
1046 2393 1412 2450 ascensionem
1468 2388 1626 2442 hodie
1682 2383 1920 2438 celebra-

343 2514 476 2553 mus.
512 2497 700 2551 Festus
722 2493 872 2548 nobis
895 2491 1008 2546 dies
1028 2499 1267 2557 uterque.
1295 2483 1417 2538 Ideo
1441 2481 1580 2534 enim
1607 2474 1917 2540 resurrexit,

343 2597 400 2644 ut
430 2588 579 2643 nobis
604 2579 901 2654 exemplum
924 2577 1330 2637 resurrectionis
1357 2572 1659 2630 ostenderet
1685 2588 1697 2623 :
1722 2577 1775 2648 et
1801 2566 1921 2621 ideo

344 2680 603 2744 ascendit,
655 2686 713 2731 ut
749 2691 846 2731 nos
875 2674 1105 2743 desuper
1151 2674 1470 2742 protegeret.
1503 2664 1771 2718 Habemus
1798 2673 1924 2729 ergo

346 2773 624 2828 Dominum
669 2777 722 2822 et
763 2767 1093 2823 Salvatorem
1147 2771 1383 2816 nostrum
1428 2757 1606 2813 Jesum
1656 2753 1926 2822 Christum

349 2865 492 2935 prius
541 2861 860 2932 pendentem
901 2857 954 2910 in
983 2855 1149 2926 ligno,
1197 2866 1338 2905 nunc
1383 2847 1654 2904 sedentem
1683 2846 1736 2914 in
1765 2841 1924 2898 etelo.

348 2933 582 3010 Pretium
605 2961 846 3006 nostrum
865 2947 1030 3011 dedit,
1056 2959 1176 2999 cum
1203 2941 1457 3012 penderet
1483 2940 1534 2993 in
1561 2938 1706 3008 ligno
1733 2952 1746 2989 :
1779 2933 1931 2989 colli-

349 3045 425 3115 git
450 3043 586 3114 quod
617 3042 745 3097 emit
773 3059 786 3092 :
817 3055 936 3094 cum
964 3036 1114 3092 sedet
1143 3036 1194 3087 in
1220 3033 1376 3088 coelo.
1409 3030 1539 3086 Cum
1570 3028 1710 3083 enim
1742 3039 1930 3090 omnes

352 3135 639 3205 collegerit,
684 3147 817 3202 quos
861 3130 1042 3199 utique
1068 3142 1163 3196 per
1200 3134 1436 3193 tempora
1482 3121 1713 3190 colliget,
1747 3118 1800 3172 in
1828 3115 1933 3171 ﬁne

359 3230 608 3299 temporis
637 3229 832 3287 veniet,
873 3233 923 3278 et
951 3219 1219 3292 quomodo
1243 3218 1494 3287 scriptum
1522 3223 1623 3280 est,
1653 3212 1790 3266 Deus
1819 3227 1930 3263 ma-

353 3321 565 3391 nifestus
606 3319 762 3372 veniet
791 3314 968 3388 (Psal.
1015 3328 1159 3374 χιιι,
1189 3308 1258 3382 5)
1293 3327 1306 3363 :
1339 3324 1444 3362 non
1489 3303 1933 3376 quemadmodum

359 3412 601 3482 primitus
630 3409 773 3463 venit
808 3405 1065 3467 occultus,
1101 3402 1192 3458 sed
1223 3403 1362 3456 sicut
1403 3399 1601 3454 dictum
1641 3405 1743 3463 est,
1773 3393 1938 3448 mani-

359 3503 532 3572 festus.
559 3499 835 3554 Occultum
861 3495 1002 3550 enim
1029 3491 1306 3562 oportebat
1333 3505 1456 3544 eum
1483 3489 1687 3552 venire,
1717 3495 1774 3539 ut
1795 3485 1939 3555 judi-

359 3602 570 3648 caretur
595 3610 606 3644 ε
632 3588 939 3644 manifestus
960 3597 1133 3640 autem
1157 3583 1350 3647 veniet,
1383 3589 1438 3635 ut
1457 3581 1680 3652 judicet.
1713 3580 1768 3634 Si
1791 3581 1938 3633 enim

361 3685 510 3755 prius
540 3680 848 3736 manifestus
889 3677 1138 3740 venisset,
1169 3674 1409 3744 judicare
1453 3670 1788 3725 manifestum
1819 3669 1939 3739 quis

361 3776 620 3832 auderet?
652 3772 872 3841 Quando
913 3771 1125 3841 quidem
1170 3768 1298 3823 dicit
1336 3766 1607 3836 apostolus
1634 3763 1846 3828 Paulus,
1877 3762 1940 3818 Si

367 3872 498 3926 enim
540 3869 900 3940 cognovissent,
942 3877 1196 3933 nunquam
1224 3859 1494 3913 Dominum
1537 3857 1713 3929 gloria:
1739 3855 1942 3923 cruciﬁ-

429 4024 448 4056 ι
472 4020 783 4070 Floriacensis
802 4026 884 4068 Ms.
923 4031 1020 4068 non
1050 4016 1217 4076 habet,
1253 4025 1398 4078 super
1418 4023 1604 4062 onmem
1624 4015 1806 4062 terram
1836 4023 1943 4062 ma-

365 4091 502 4135 trona
531 4089 628 4132 tua.

433 4150 454 4178 ²
472 4154 636 4194 sermo
676 4145 725 4192 in
762 4141 1045 4191 Floriacensi
1075 4140 1239 4189 codice
1281 4137 1463 4186 auctior
1486 4143 1562 4184 est
1583 4134 1716 4184 hisce
1738 4135 1901 4184 verbis
1924 4149 1938 4184 :

371 4217 483 4272 Ipsa
497 4213 567 4258 est
588 4202 1051 4273 sanctacatholica,‘
1074 4201 1180 4273 ipsa
1202 4206 1270 4269 est
1287 4195 1725 4273 totolorbe‘diﬂu'sa.
1749 4205 1859 4259 Ipsa
1873 4202 1943 4273 est

369 4256 502 4333 seges
520 4256 734 4333 crescens
749 4265 870 4333 inter
895 4256 1104 4333 suauia."
1125 4259 1314 4332 Itespice
1494 4257 1555 4333 de
1573 4256 1712 4333 ciete,
1748 4256 1943 4333 propter

368 4319 516 4395 quam
543 4343 592 4380 es
613 4326 856 4395 irrisuslin
896 4327 1038 4395 ligna.
1083 4319 1339 4395 lrriserwst
1360 4327 1405 4371 te
1434 4319 1633 4395 Judaei,
1666 4319 1946 4395 etpend‘ens

367 4380 516 4443 orasti
547 4402 636 4455 pro
655 4390 760 4451 eis;
783 4388 870 4455 hoc
895 4380 956 4438 de
986 4394 1029 4455 te
1048 4390 1324 4455 meruerunt
1352 4387 1684 4455 persequentes
1704 4380 1859 4455 {quid
1883 4381 1944 4455 de

368 4441 707 4503 te
730 4441 1021 4512 credentes?
1052 4447 1220 4512 quibus
1243 4441 1465 4512 dignatus
1496 4441 1556 4512 res
1577 4441 1848 4512 promittere
1861 4442 1946 4512 7di-

369 4529 480 4584 cens
502 4511 864 4584 :Etaccipietis
879 4503 1336 4584 tirtuternspi‘ritus
1366 4503 1947 4584 stmcti'supertlenientem

369 4564 420 4626 in
437 4564 546 4638 vos,
557 4582 604 4627 et
624 4564 757 4626 eritis
769 4573 896 4638 mihi
917 4580 1072 4624 testes.
1105 4564 1236 4621 Ubi?
1261 4579 1333 4638 In?
1349 4564 1646 4638 Jerusalem,
1660 4564 1743 4615 ubi
1763 4567 1947 4638 occisus

369 4626 572 4704 in
587 4636 869 4704 Jerusalem,
897 4647 1071 4704 parum
1090 4638 1175 4704 est.
1197 4640 1293 4682 Non
1318 4635 1500 4704 tantum
1524 4627 1733 4704 pretium
1750 4626 1944 4704 dedisti,

370 4707 421 4751 ut
437 4700 524 4750 hoc
540 4699 692 4751 solum
707 4691 907 4749 emeres:
933 4693 1022 4745 Dic
1044 4693 1204 4744 adhuc
1229 4706 1246 4744 :
1269 4691 1408 4743 valde
1448 4691 1649 4754 angusta
1664 4697 1734 4739 est
1753 4697 1949 4754 Jerusa-

371 4761 463 4812 lem
483 4759 661 4812 nomini
697 4765 792 4810 luo.
822 4768 874 4808 In
892 4755 1158 4806 Jerusalem
1187 4761 1233 4806 et
1263 4759 1359 4803 tota
1382 4751 1557 4803 Judaéa
1577 4757 1622 4802 et
1644 4751 1878 4812 Samaria,
1903 4757 1948 4802 et

370 4837 523 4888 usque
545 4822 596 4888 in
616 4821 736 4888 [ines
767 4827 944 4888 terrae._
963 4816 1137 4888 {’enisti
1155 4817 1221 4888 ad
1249 4814 1368 4888 fines
1403 4827 1600 4888 square
1633 4814 1948 4888 cmuentimtes

372 4873 466 4936 non
488 4883 598 4949 finis
615 4873 646 4949 ἶ)Δ
660 4879 1064 4949 Nemontihijam
1083 4878 1228 4938 dicat,
1249 4873 1375 4949 'Ecce
1391 4873 1475 4949 [lic
1498 4881 1584 4949 est.
1606 4873 1746 4949 sileat
1776 4873 1948 4949 Ιξωηατ

370 4934 434 5017 na
447 4934 691 5017 allocutio,
715 4934 1128 5017 audiatur'divina
1166 4934 1449 5017 prtudicatrio
1483 4946 1582 5017 :‘m
1613 4934 1884 5017 ier'usalern
1904 4941 1951 4986 et

370 5007 532 5058 intota
547 4996 718 5065 Judtéa
739 5013 785 5055 et
809 5015 961 5054 Samo.»
974 5003 1038 5062 ia,
1066 4996 1281 5065 etusque
1305 5000 1354 5065 in
1368 4998 1488 5064 ﬁnes
1507 5003 1672 5065 terrae.
1695 4996 1953 5065 Ecclesium

376 5057 527 5120 suam,
554 5060 687 5119 nobis
704 5066 968 5117 novissimis
1005 5057 1154 5114 servis
1179 5057 1404 5111 Dominus
1427 5057 1784 5120 commendavit.
1808 5069 1952 5120 ,(‘om-

377 5119 756 5194 mendacitﬁliis
789 5135 991 5194 matrem
1007 5139 1032 5194 ;_
1067 5123 1291 5194 prtevidit
1321 5122 1448 5194 enim
1476 5119 1716 5194 nullorum
1731 5119 1955 5194 ﬁliorum

373 5193 539 5256 futura
562 5181 730 5256 litigio.
765 5188 993 5240 Prwvidit
1008 5181 1224 5256 homines
1243 5191 1413 5256 tpartes
1444 5181 1538 5235 sibi
1570 5181 1793 5247 facientes
1816 5183 1876 5232 de
1899 5195 1954 5256 τε

575 5241 730 5314 auiae
752 5264 867 5314 ergo
887 5264 979 5300 non
997 5247 1230 5314 deiciant.
1244 5241 1386 5314 ‘iquod
1409 5259 1503 5297 non
1523 5241 1956 5314 cémaatm'mtnt?

376 5325 494 5366 1143c
802 5304 980 5388 fratres
1321 5313 1578 5388 sanctam
1599 5304 1956 5388 diﬁ,‘§ﬂtmu-

375 5391 453 5442 δᾳ,
479 5391 587 5442 qua:
608 5367 782 5442 ubique
802 5367 902 5442 est;
925 5381 970 5424 et
992 5385 1100 5437 qua:
1136 5367 1376 5442 nunquam
1398 5369 1549 5428 nubit,
1569 5376 1614 5442 et
1637 5367 1844 5442 quotidie
1867 5381 1956 5442 pa-

375 5430 460 5491 rit.
486 5430 602 5490 sunt
624 5430 819 5503 quidem
836 5430 942 5503 haec
964 5430 1018 5503 et
1027 5430 1366 5503 superioribus
1384 5446 1479 5503 npn
1500 5430 1624 5503 male
1648 5430 1956 5503 (reuerentia,

380 5511 553 5553 etnon
589 5491 655 5550 ab
685 5501 946 5564 Augustino
978 5491 1151 5554 aliena,
1177 5496 1268 5564 sed
1289 5496 1383 5544 huc
1404 5494 1532 5564 forte
1563 5492 1740 5564 adscita
1773 5506 1833 5564 ex
1855 5491 1960 5542 aliis

375 5566 696 5676 tl‘aClaUélétéS:
723 5555 833 5611 nam
857 5559 1028 5611 eadem
1063 5558 1228 5621 paucis
1261 5557 1481 5618 exceptis
1521 5555 1748 5618 leguntur
1780 5556 1829 5604 in
1851 5567 1959 5604 ser-

383 5640 529 5676 lllone
647 5657 660 5670 ο

383 5640 529 5676 mone
552 5640 660 5676 ἍῘ).

450 5692 463 5708 ·
489 5688 698 5738 Collatus
716 5687 776 5737 ad
797 5686 918 5736 duos
939 5685 1017 5735 cb.
1042 5682 1102 5733 ad
1125 5696 1174 5730 n.
1199 5695 1241 5732 r.
1261 5687 1300 5731 ι.
1336 5687 1388 5730 ει
1408 5679 1467 5728 ad
1486 5686 1583 5728 Am.
1609 5685 1684 5728 Er.
1709 5687 1810 5729 Par.
1847 5686 1958 5731 Lov.

444 5749 516 5808 (ε)
551 5743 690 5808 Alias,
712 5745 776 5798 de
797 5755 1034 5809 Tempore
1058 5739 1164 5806 174,
1193 5751 1244 5795 et
1272 5743 1337 5794 de
1365 5742 1574 5793 Diversis
1594 5741 1668 5790 90.

1649 268 1877 334 SERMO
1913 267 2158 326 CCLXII.

3447 254 3585 313 1210
3637 270 3640 276 ’

2007 384 2194 436 xissent
2221 379 2270 454 (ι
2300 379 2417 436 Cor.
2449 395 2504 443 ll,
2527 377 2602 452 8).
2636 377 2739 434 Sed
2761 377 2805 432 si
2835 375 2922 432 ille
2941 387 3046 430 non
3066 371 3418 438 occideretur,
3439 385 3584 426 mors

2004 488 2110 529 non
2125 480 2440 527 moreretur.
2466 471 2688 540 Trepaeo
2699 484 2797 524 suo
2817 468 3057 522 diabolus
3080 467 3252 520 victus
3272 471 3375 520 est.
3395 462 3584 518 Exsul-

2005 565 2138 623 tavit
2165 564 2307 620 enim
2337 564 2595 629 diabolus,
2622 561 2833 634 quando
2856 561 3084 633 primum
3114 557 3384 612 hominem
3423 554 3586 612 sedu-

2005 657 2175 714 cendo
2201 656 2390 726 dejccit
2433 656 2488 710 in
2517 665 2762 710 mortem.
2793 652 3105 710 Seducendo
3145 652 3372 724 primum
3413 649 3588 705 homi-

2008 765 2163 813 nem,
2213 748 2404 802 occidlt
2435 766 2446 801 :
2475 747 2764 802 occidendo
2809 746 3190 810 novissimum,
3236 742 3462 812 primum
3515 741 3584 798 de

2010 841 2212 911 laqueis
2265 839 2511 910 perdidit.
2577 839 2736 893 Facta
2787 846 2870 892 est
2919 852 3046 907 ergo
3099 834 3319 890 victoria
3375 832 3584 888 Domini

2009 937 2176 992 nostri
2219 935 2344 991 Jesu
2395 933 2610 999 Christi,
2653 948 2772 986 cum
2813 930 3104 986 resurrexit
3145 935 3199 982 et
3243 926 3481 982 ascendit
3527 927 3578 980 in

2011 1031 2238 1094 cmlum;
2269 1037 2324 1084 et
2352 1026 2624 1096 impletum
2653 1033 2735 1080 est
2769 1023 2909 1093 quod
2936 1021 3180 1088 audistis,
3207 1035 3330 1076 cum
3375 1021 3588 1088 Apoca-

2010 1122 2174 1195 lypsis
2199 1122 2481 1192 legeretur,
2518 1116 2646 1172 Vicit
2676 1115 2777 1169 Leo
2800 1116 2862 1169 de
2882 1116 3017 1168 tribu
3044 1113 3076 1166 J
3084 1114 3183 1166 uda
3211 1111 3392 1184 (Apoc.
3421 1127 3476 1177 v,
3506 1111 3582 1182 5).

2013 1217 2130 1287 Ipse
2151 1217 2233 1270 leo
2253 1215 2426 1270 dictus
2451 1222 2552 1277 est,
2582 1211 2669 1282 qui
2690 1224 2856 1280 agnus
2883 1210 3090 1264 occisus
3118 1217 3200 1262 est
3224 1223 3239 1262 :
3265 1206 3346 1261 leo
3371 1214 3586 1274 propter

2012 1308 2397 1373 fortitudinem,
2444 1319 2610 1376 agnus
2639 1311 2854 1372 propter
2897 1299 3250 1353 innocentiam
3293 1315 3307 1350 :
3341 1296 3426 1350 leo
3468 1295 3589 1365 quia

2014 1403 2260 1468 invictus,
2289 1414 2454 1471 agnus
2481 1398 2600 1468 quia
2630 1402 2958 1450 mansuetus.
2989 1392 3057 1446 Et
3099 1392 3211 1462 ipse
3243 1393 3422 1461 Agnus
3447 1388 3592 1443 occi-

2014 1507 2104 1548 sus
2135 1501 2304 1547 morte
2331 1506 2425 1545 sua
2449 1489 2574 1543 vicit
2601 1487 2808 1542 leonem
2839 1484 2928 1555 qui
2953 1482 3141 1538 circuit
3159 1496 3404 1551 quterens
3429 1495 3589 1551 quem

2015 1587 2254 1642 devoret.
2299 1584 2480 1638 Dictus
2509 1590 2590 1638 est
2627 1580 2770 1636 enim
2809 1577 3050 1634 diabolus
3079 1575 3186 1641 leo,
3219 1573 3446 1637 feritate,
3488 1587 3593 1627 non

2016 1679 2228 1734 virtute.
2280 1675 2563 1745 Apostolus
2609 1673 2803 1743 quippe
2855 1670 3042 1725 Petrus
3089 1666 3206 1722 ait:
3249 1662 3468 1737 Vigilare
3509 1679 3595 1718 vos

2017 1780 2209 1840 oportet
2256 1768 2492 1821 adversus
2539 1765 2850 1830 tentationes,
2901 1762 3020 1834 quia
3069 1758 3385 1812 adversarius
3436 1764 3593 1810 vester

2019 1861 2246 1914 diabolus
2274 1860 2467 1924 circuit,
2500 1873 2726 1928 quaerens
2751 1871 2897 1925 quem
2933 1853 3148 1906 devoret.
3194 1848 3296 1906 Sed
3328 1845 3595 1918 quomodo

2018 1949 2384 2014 circuit,tdixit
2417 1968 2429 2002 :
2464 1948 2604 2003 Sicut
2637 1947 2711 2001 leo
2740 1946 2941 2016 rugiens
2969 1943 3162 2008 circuit,
3197 1955 3423 2011 quaerens
3452 1953 3596 2008 quem

2021 2044 2216 2098 devoret
2247 2042 2261 2110 (
2285 2039 2306 2095 ι
2336 2040 2473 2094 Petr.
2505 2056 2560 2103 v,
2588 2040 2619 2094 8
2640 2039 2678 2109 ).
2711 2037 2840 2106 Quis
2866 2051 2968 2089 non
2997 2036 3290 2088 incurreret
3331 2032 3384 2085 in
3410 2029 3598 2084 dentes

2023 2138 2193 2194 leonis
2220 2136 2395 2205 hujus,
2437 2135 2535 2188 nisi
2563 2132 2776 2186 vicisset
2803 2129 2912 2184 Leo
2942 2129 3008 2185 de
3039 2127 3179 2182 tribu
3208 2122 3379 2179 Juda?
3405 2123 3599 2176 Contra

2022 2231 2230 2286 leonem
2260 2229 2363 2293 leo,
2393 2235 2574 2282 contra
2605 2225 2785 2294 lupum
2813 2236 2999 2292 agnus.
3033 2215 3334 2273 Exsultavit
3356 2213 3598 2268 diabolus

2023 2318 2234 2392 quando
2274 2327 2514 2374 mortuus
2542 2324 2624 2372 est
2661 2314 2920 2379 Christus,
2961 2319 3016 2366 et
3050 2311 3161 2380 ipsa
3204 2315 3376 2362 morte
3404 2304 3603 2360 Christi

2025 2423 2108 2470 est
2140 2411 2381 2467 diabolus
2429 2411 2598 2464 victus
2637 2426 2650 2460 :
2694 2415 2940 2474 tanquam
2990 2404 3042 2457 in
3092 2399 3380 2469 muscipula
3424 2409 3602 2452 escam

2025 2504 2248 2574 accepit.
2273 2501 2547 2558 Gaudebat
2572 2498 2636 2553 ad
2665 2508 2909 2562 mortem,
2934 2493 3087 2566 quasi
3117 2490 3433 2562 praapositus
3456 2503 3604 2543 mor-

2029 2599 2116 2652 tis.
2161 2596 2241 2650 Ad
2267 2594 2405 2666 quod
2435 2592 2717 2663 gaudebat,
2764 2589 2886 2644 inde
2931 2589 3003 2642 illi
3047 2596 3253 2640 tensum
3283 2591 3382 2638 est.
3414 2581 3604 2638 Musei-

2030 2689 2151 2760 pula
2179 2687 2394 2752 diaboli,
2419 2700 2551 2739 crux
2572 2682 2777 2738 Domini
2811 2678 2835 2736 τ’
2854 2694 2976 2736 esca
3002 2693 3103 2749 qua
3132 2683 3433 2747 caperetur,
3462 2687 3608 2728 mors

2033 2779 2261 2835 Domini.
2291 2778 2357 2832 Et
2383 2791 2505 2832 ecce
2533 2775 2764 2830 surrexit
2787 2771 3038 2827 Dominus
3065 2776 3244 2824 noster
3271 2765 3426 2822 Jesus
3454 2765 3609 2821 Chri-

2033 2879 2165 2926 stus.
2215 2868 2310 2924 Ubi
2361 2876 2442 2920 est
2471 2881 2612 2920 mors
2641 2879 2759 2934 quae
2800 2860 3050 2931 pependit
3075 2860 3127 2913 in
3155 2857 3334 2928 ligno?
3385 2855 3482 2912 Ubi
3527 2863 3611 2909 est

2035 2959 2304 3014 insultatio
2347 2954 2693 3012 Judtcorum‘l
2741 2952 2841 3008 Ubi
2893 2960 2975 3007 est
3020 2949 3213 3021 typhus
3260 2955 3314 3002 et
3365 2945 3610 3015 superbia

2035 3061 2195 3123 caput
2220 3060 2344 3106 ante
2371 3065 2582 3104 crucem
2607 3046 2915 3117 agitantium
2942 3054 2995 3098 et
3019 3041 3326 3106 dicentium,
3371 3039 3432 3094 Si
3474 3037 3612 3107 ﬁlius

2037 3146 2133 3200 Dei
2157 3153 2247 3210 est,
2281 3141 2544 3196 descendat
2565 3141 2628 3192 de
2654 3155 2800 3192 cruce
2821 3135 3031 3207 (Matth.
3059 3149 3219 3196 xxvu,
3247 3130 3376 3204 40)?
3403 3130 3470 3184 Et
3495 3128 3614 3199 plus

2038 3239 2180 3303 fecit,
2211 3249 2370 3306 quam
2401 3233 2473 3287 illi
2506 3229 2805 3285 insultando
2847 3226 3146 3296 exigebant.
3177 3223 3304 3278 Plus
3346 3223 3487 3277 enim
3532 3229 3615 3277 est

2037 3332 2105 3387 de
2171 3330 2418 3400 sepulcro
2468 3337 2780 3395 resurgere,
2851 3336 3008 3392 quam
3059 3319 3127 3374 de
3181 3317 3324 3389 ligno
3389 3316 3616 3372 descen-

2037 3425 2187 3481 dere.

2109 3515 2163 3568 2.
2196 3510 2430 3567 Ascensio
2474 3508 2658 3573 Christi
2700 3507 2880 3577 pignus
2917 3512 3100 3557 nostra:
3131 3499 3454 3554 ascensionis.
3490 3497 3612 3552 Jam

2040 3619 2169 3661 vero
2193 3612 2386 3674 quanta
2416 3599 2580 3670 gloria
2612 3607 2692 3652 est
2715 3595 2855 3666 quod
2881 3592 3118 3649 ascendit
3148 3593 3200 3646 in
3229 3590 3445 3657 cmlnm,
3475 3587 3620 3660 quod

2042 3697 2192 3754 sedet
2227 3693 2292 3749 ad
2323 3692 2592 3747 dexteram
2622 3686 2831 3744 Patris?
2861 3685 2967 3742 Sed
2996 3685 3098 3739 hoc
3129 3683 3298 3738 oculis
3339 3697 3443 3737 non
3473 3679 3622 3736 vide-

2043 3803 2184 3851 mus,
2205 3785 2328 3857 quia
2371 3798 2469 3837 nec
2518 3780 2830 3852 pendentem
2881 3779 2932 3831 in
2978 3777 3117 3847 ligno
3158 3774 3402 3829 vidimus.
3428 3774 3620 3828 Totum

2044 3881 2148 3936 hoc
2172 3879 2275 3934 ﬁde
2297 3888 2558 3941 tenemus,
2581 3874 2746 3930 oculis
2764 3869 2941 3928 cordis
2961 3871 3247 3926 intuemur.
3270 3867 3438 3924 Hodie
3453 3867 3616 3935 enim,

2045 3975 2183 4030 sicut
2209 3970 2451 4035 audistis,
2476 3967 2686 4033 fratres,
2714 3965 2972 4021 Dominus
2998 3971 3175 4020 noster
3198 3962 3352 4018 Iesus
3377 3959 3624 4017 Christus

2045 4064 2288 4121 ascendit
2313 4062 2365 4116 in
2395 4062 2584 4116 etelum
2607 4077 2621 4113 :
2642 4056 2896 4113 ascendat
2914 4071 3034 4110 cum
3057 4055 3145 4109 illo
3167 4061 3220 4107 et
3239 4068 3333 4109 cor
3358 4062 3618 4107 nOSIrum.

2051 4155 2338 4210 Audiamus
2368 4150 2681 4222 Apostolum
2702 4149 2986 4213 dicentem,
3019 4145 3080 4201 Si
3111 4143 3491 4200 consurrexistis
3506 4159 3622 4198 cum

2049 4246 2270 4310 Christo,
2301 4259 2412 4314 qua:
2451 4257 2651 4296 sursum
2692 4248 2805 4294 sunt
2847 4238 3072 4308 quaerite,
3097 4237 3180 4289 ubi
3216 4234 3444 4290 Christus
3479 4234 3625 4289 estin

2049 4342 2254 4395 dextera
2279 4337 2373 4391 Dei
2398 4335 2611 4390 sedens:
2630 4349 2744 4405 qua:
2775 4349 2974 4386 sursum
3009 4339 3125 4386 sunt
3164 4330 3343 4400 sapite,
3370 4344 3470 4383 non
3511 4343 3625 4398 qua:

2048 4450 2200 4503 super
2222 4442 2408 4485 terram
2432 4427 2649 4501 (Coloss.
2677 4442 2752 4492 III,
2783 4426 2807 4480 1
2823 4435 2872 4480 et
2891 4424 2969 4488 2).
2996 4423 3144 4480 Sicut
3162 4421 3302 4478 enim
3324 4421 3412 4477 ille
3431 4435 3622 4476 ascen-

2050 4528 2162 4594 dit,
2197 4541 2295 4581 nec
2323 4524 2544 4579 recessit
2571 4538 2600 4575 a
2629 4521 2780 4574 nobis
2805 4537 2818 4574 :
2843 4535 2921 4574 SIC
2946 4534 3001 4572 et
3029 4533 3126 4572 nos
3152 4533 3270 4571 cum
3300 4515 3391 4568 illo
3421 4515 3489 4567 Ibi
3509 4513 3622 4583 jam

2053 4634 2256 4683 sumus,
2279 4615 2518 4688 quamvis
2545 4612 2777 4668 nondum
2802 4611 2852 4665 in
2875 4625 3099 4679 corpore
3121 4617 3303 4662 nostro
3331 4605 3525 4659 factum
3555 4607 3626 4660 sit

2053 4711 2192 4782 quod
2215 4709 2537 4780 promittitur
2556 4704 2724 4758 nobis.
2747 4701 2956 4769 lllejanI
2977 4700 3236 4754 exaltatus
3249 4695 3328 4750 est
3345 4710 3626 4764 superetn-

2054 4805 2153 4856 los.
2183 4801 2365 4870 Neque
2385 4797 2528 4853 enim
2558 4805 2833 4866 propterea
2867 4793 3015 4846 nobis
3039 4787 3370 4857 desperanda
3396 4797 3478 4842 est
3504 4803 3627 4858 pcr-

2053 4895 2186 4947 fecta
2214 4899 2268 4946 et
2295 4889 2530 4959 angelica
2563 4885 2797 4942 caelestis
2835 4881 3106 4946 habitatio,
3135 4879 3256 4950 quia
3283 4878 3433 4944 dixit,
3464 4877 3628 4933 Nemo

2054 4983 2274 5040 ascendit
2311 4983 2364 5036 in
2406 4982 2605 5042 coelum,
2643 4978 2741 5032 nisi
2781 4977 2866 5046 qui
2905 4973 3154 5028 descendit
3199 4972 3258 5026 de
3288 4972 3432 5038 caelo,
3463 4969 3512 5024 F
3515 4971 3630 5024 ilius

2057 5075 2272 5130 hominis
2309 5074 2393 5144 qui
2423 5080 2492 5124 est
2521 5073 2572 5124 in
2595 5069 2717 5123 caelo
2749 5067 2923 5138 (Joan.
2957 5081 3032 5129 III,
3061 5063 3279 5134 {5).Sed
3306 5063 3407 5118 hoc
3432 5062 3628 5116 dictum

2057 5180 2138 5226 est
2160 5175 2372 5239 propter
2396 5155 2672 5229 unitatem,
2700 5177 2802 5233 qua
2839 5168 2997 5230 caput
3044 5167 3283 5221 nostram
3321 5167 3424 5225 est,
3451 5165 3507 5213 et
3534 5173 3632 5213 nos

2059 5275 2253 5330 corpus
2277 5259 2408 5329 ejus.
2439 5254 2569 5310 Cum
2597 5252 2834 5309 ascendit
2860 5251 2913 5305 in
2943 5250 3161 5317 caelum,
3198 5265 3295 5305 nos
3317 5250 3384 5304 ab
3408 5250 3496 5304 illo
3525 5264 3630 5304 non

2059 5367 2385 5424 separamur.
2417 5349 2517 5418 Qui
2544 5347 2611 5403 de
2635 5345 2773 5401 coelo
2798 5342 3091 5408 descendit,
3123 5357 3230 5397 non
3256 5342 3410 5398 nobis
3433 5340 3636 5400 invidet

2060 5448 2253 5503 coelum
2295 5464 2309 5501 :
2348 5443 2442 5500 sed
2484 5440 2712 5511 quodam
2756 5437 2914 5494 modo
2964 5437 3173 5503 clamat,
3232 5435 3466 5492 Membra
3515 5451 3638 5493 mea

2063 5547 2253 5604 estote,
2311 5537 2356 5591 si
2403 5532 2691 5589 ascendere
2729 5531 2887 5586 vultis
2931 5530 2985 5585 in
3027 5530 3242 5586 caelum.
3284 5528 3341 5584 In
3378 5529 3479 5584 hoc
3510 5545 3638 5601 ergo

2064 5633 2163 5704 ipsi
2192 5630 2403 5686 interim
2433 5627 2768 5693 roboremur,
2796 5626 2847 5680 in
2878 5626 2979 5680 hoc
3004 5628 3143 5679 votis
3171 5623 3418 5679 omnibus
3442 5633 3639 5678 aestue-

2067 5741 2204 5781 mus.
2238 5723 2347 5779 Hoc
2376 5720 2693 5778 meditemur
2718 5716 2772 5774 in
2804 5717 2981 5783 terris,
3007 5713 3148 5786 quod
3191 5725 3559 5785 computamur
3586 5717 3642 5770 in
