4102 6326
518 300 648 361 ΙΞΙΙ

519 429 688 486 cretis.
720 424 869 480 Tunc
893 420 1099 476 exutnri
1124 430 1342 474 carnem
1385 412 1744 479 mortalitatis,
1769 426 1907 466 nunc
1933 424 2095 466 exua-

520 535 638 578 mus
666 516 827 573 animi
849 518 1183 567 vetustatem.
1213 508 1391 564 Facile
1412 520 1606 576 corpus
1631 503 1891 561 levabitnr
1917 502 1969 556 in
1991 501 2097 556 alta

519 612 796 674 calorum,
829 607 874 661 si
919 619 1025 660 non
1069 612 1274 675 premat
1318 600 1562 672 spiritum
1606 597 1815 653 sarcina
1852 602 2099 666 peccato-

517 719 637 759 rum
657 703 697 754 ⁸.

590 796 643 850 5.
676 793 933 848 Christum
966 804 1078 844 cum
1120 803 1331 858 corpore
1369 784 1669 840 ascendisse.
1698 782 1833 838 Nam
1872 789 1928 837 et
1969 779 2095 834 illud

518 884 805 943 nonnullos
839 881 1284 937 calumniantibus
1324 877 1588 933 haereticis
1625 883 1821 940 movet,
1842 871 2099 943 quemad-

516 978 735 1034 modum
766 977 1021 1031 Dominus
1056 975 1171 1028 sine
1190 987 1415 1042 corpore
1442 968 1798 1031 descenderit,
1826 982 1946 1021 cum
1973 979 2097 1020 cor-

521 1085 649 1140 pore
673 1066 995 1131 ascenderit,
1023 1066 1170 1120 velut
1196 1064 1519 1118 contrarium
1550 1063 1620 1116 sit
1646 1062 1747 1115 illis
1774 1059 1950 1114 verbis
1976 1060 2097 1129 qui-

519 1161 619 1217 bus
664 1160 758 1226 ait,
792 1157 957 1212 Nemo
1004 1156 1228 1212 ascendit
1263 1156 1315 1209 in
1359 1154 1557 1220 caelum,
1607 1153 1705 1207 nisi
1750 1152 1837 1224 qui
1876 1151 1939 1205 de
1973 1151 2099 1206 caelo

519 1250 792 1305 descendit.
806 1249 1033 1318 Corpus,
1050 1248 1311 1317 inquiunt,
1328 1244 1467 1315 quod
1487 1261 1591 1299 non
1609 1243 1885 1299 descendit
1904 1243 1968 1297 de
1984 1256 2094 1297 etn-

518 1342 591 1407 lo,
619 1339 885 1410 quomodo
929 1340 1097 1408 potuit
1137 1338 1427 1392 ascendere
1471 1337 1524 1390 in
1569 1337 1761 1393 omium
1785 1334 1902 1406 (a)?
1934 1333 2096 1403 Quasi

519 1433 608 1486 ille
629 1432 841 1498 dixerit,
866 1430 1007 1489 Nihil
1036 1430 1274 1485 ascendit
1298 1428 1352 1483 in
1373 1429 1589 1495 omium,
1616 1429 1717 1482 nisi
1743 1427 1882 1497 quod
1905 1426 1970 1481 de
1996 1441 2099 1483 cm.

519 1524 571 1579 lo
596 1523 905 1589 descendit;
936 1522 1027 1580 Sed
1059 1524 1152 1589 ait,
1180 1518 1345 1577 Nemo
1378 1521 1623 1586 ascendit,
1655 1521 1753 1573 nisi
1776 1520 1862 1591 qui
1888 1520 2097 1573 descen-

519 1619 610 1671 dit.
644 1618 752 1671 lloc
779 1618 920 1671 enim
945 1617 1010 1670 ad
1041 1628 1335 1686 personam,
1371 1629 1476 1668 non
1500 1613 1564 1667 ad
1586 1628 1827 1683 persona:
1856 1612 2090 1667 habitum

520 1711 721 1766 retulit.
768 1708 1047 1765 Descendit
1075 1710 1192 1764 sine
1219 1708 1460 1778 corporis
1489 1707 1828 1772 indumento,
1859 1706 2098 1761 ascendit

520 1821 641 1861 cum
679 1807 917 1875 corporis
953 1805 1279 1859 indumento.
1310 1804 1478 1858 Nemo
1524 1811 1721 1868 tamen,
1752 1803 1851 1857 nisi
1884 1803 1971 1872 qui
2005 1802 2101 1858 de—

520 1897 746 1960 scendit,
782 1898 1038 1953 ascendit.
1081 1896 1210 1951 Nam
1252 1897 1295 1949 si
1340 1910 1436 1950 nos
1480 1896 1692 1951 sibimet
1729 1904 1976 1965 tanquam
2004 1910 2097 1949 sua

519 1991 757 2045 membra
788 1991 855 2043 ita
881 1988 1163 2058 euaptavit,
1198 1996 1255 2042 ut
1280 1988 1437 2043 etiam
1461 1987 1613 2043 nobis
1634 1988 1931 2056 conjunctis
1955 1986 2097 2040 idem

520 2082 634 2153 ipse
662 2082 764 2147 sit;
797 2090 995 2152 quanto
1024 2082 1190 2151 magis
1221 2080 1348 2135 illud
1382 2094 1596 2149 corpus,
1629 2079 1769 2150 quod
1799 2079 1866 2134 de
1896 2079 2100 2153 virgine

521 2173 827 2242 assumpsit,
845 2173 1003 2227 aliam
1033 2188 1137 2226 non
1161 2180 1335 2242 potest
1357 2172 1407 2225 in
1436 2172 1530 2226 illo
1550 2171 1752 2226 habere
1779 2170 2098 2240 personam!

520 2264 651 2332 Quis
674 2264 816 2319 enim
852 2265 934 2318 vel
979 2265 1029 2317 in
1073 2272 1329 2330 montem,
1353 2264 1436 2318 vel
1469 2263 1519 2317 in
1550 2278 1781 2329 murum,
1811 2262 1896 2317 vel
1923 2262 1975 2318 in
2002 2262 2098 2317 ali-

519 2371 675 2425 quem
704 2356 1030 2424 snperiorcm
1056 2356 1228 2409 locum
1254 2354 1381 2409 dicit
1406 2369 1511 2409 non
1542 2369 1664 2410 eum
1692 2354 1863 2407 solum
1892 2353 1980 2423 qui
2001 2353 2099 2408 de-

522 2446 788 2501 scenderit
833 2446 1157 2513 ascendisse,
1205 2446 1249 2501 si
1302 2461 1424 2501 cum
1474 2445 1839 2500 descendisset
1886 2454 2095 2509 exutus,

518 2538 771 2594 ascendat
825 2539 1078 2605 indutus;
1134 2547 1225 2593 aut
1272 2553 1392 2593 cum
1438 2536 1807 2593 descendisset
1860 2536 2094 2603 inermis,

521 2630 776 2687 ascendat
802 2632 1072 2686 armatus?
1097 2631 1552 2701 Quemadmodum
1579 2647 1707 2701 ergo
1730 2631 1797 2686 de
1832 2630 1935 2685 hoc
1964 2631 2101 2685 dici-

520 2731 626 2791 tur,
660 2724 829 2779 Nemo
854 2724 1092 2779 ascendit
1123 2725 1222 2779 nisi
1259 2725 1348 2794 qui
1387 2724 1682 2789 descendit,
1711 2722 1952 2792 quamvis
1979 2737 2099 2777 cmn

520 2829 583 2871 ea
629 2831 689 2871 re
732 2828 855 2870 cum
900 2832 1002 2887 qua
1045 2831 1150 2871 non
1176 2816 1457 2871 descendit
1482 2814 1784 2872 ascenderit
1810 2815 1922 2869 :sic
1942 2829 2102 2869 nemo

520 2909 573 2963 in
608 2908 802 2964 cmlum
832 2909 932 2963 nisi
960 2908 1202 2964 Christus
1240 2908 1510 2973 ascendit;
1544 2908 1664 2978 quia
1707 2905 1775 2961 de
1812 2906 1970 2971 caelo,
1999 2905 2101 2960 nisi

518 2998 789 3067 Christus,
819 3015 976 3056 nemo
1007 3000 1315 3067 descendit;
1344 3001 1583 3070 quamvis
1612 3000 1728 3053 sine
1753 3014 1980 3068 corpore
2004 2998 2100 3054 de-

519 3090 808 3156 scenderit,
842 3105 964 3144 cum
992 3106 1221 3161 corpore
1247 3089 1572 3154 ascenderit,
1598 3092 1898 3145 ascensuris
1927 3097 1981 3145 et
2002 3099 2107 3144 no-’

519 3180 604 3236 bis
646 3197 750 3235 non
793 3181 985 3235 virtute
1030 3190 1231 3247 nostra,
1261 3182 1355 3237 sed
1399 3191 1581 3237 nostra
1628 3191 1683 3237 et
1707 3183 1850 3238 illius
1876 3183 2101 3239 unitate.

520 3268 639 3327 Duo
676 3272 870 3342 quippe
912 3281 1034 3326 sunt
1069 3274 1121 3326 in
1163 3288 1323 3328 carne
1371 3288 1505 3339 una;
1546 3282 1934 3329 sacramentum
1986 3288 2101 3331 ma-

518 3378 680 3433 gnum
704 3373 784 3417 est
805 3365 855 3418 in
880 3364 1092 3420 Christo
1115 3373 1168 3419 et
1185 3367 1236 3419 in
1261 3365 1496 3420 Ecclesia
1523 3364 1743 3437 (Ephes.
1766 3378 1817 3433 ν,
1845 3366 2098 3440 318152).

519 3455 671 3511 Unde
698 3465 750 3510 ct
776 3466 830 3511 et
854 3458 965 3527 ip~e
992 3458 1156 3514 dicit:
1182 3456 1348 3530 Igitur
1363 3459 1476 3530 jam
1498 3476 1597 3513 non
1615 3461 1731 3527 duo,
1756 3462 1845 3516 sed
1863 3478 1964 3516 una
1983 3478 2103 3519 caro

523 3546 731 3620 (uatis.
766 3562 873 3613 xu,
905 3547 980 3620 ti).

536 3630 541 3637 ’
587 3638 643 3692 4.
667 3638 897 3693 Christus
917 3654 1006 3693 cur
1030 3639 1364 3712 quadraginta
1401 3642 1575 3697 diebus
1599 3642 1870 3714 jejunavit,
1903 3654 1952 3699 et
1986 3646 2101 3700 toti-

518 3729 633 3784 dem
658 3731 765 3785 dies
804 3732 904 3803 egit
946 3748 1062 3786 cum
1108 3733 1370 3804 discipulis
1413 3742 1527 3805 post
1573 3737 2005 3790 resurrectionem.
2033 3737 2102 3792 Et

516 3823 636 3880 ideo
652 3824 931 3894 jejunavit,
952 3841 1070 3879 cum
1095 3833 1391 3903 tentaretur
1420 3834 1542 3881 ante
1584 3836 1808 3882 mortem
1852 3828 1974 3884 cibo
2008 3830 2103 3886 ad-

515 3916 624 3972 huc
643 3917 885 3988 indigens
909 3935 922 3970 :
942 3917 1284 3972 manducavit
1311 3928 1492 3973 autem
1523 3924 1578 3975 et
1604 3920 1755 3988 bibit,
1788 3932 1907 3976 cum
1934 3921 2099 3992 glori-

516 4008 768 4064 ﬁcaretur
792 4017 909 4079 post
936 4010 1383 4065 resurrectionem
1406 4010 1516 4081 jam
1554 4011 1674 4066 cibo
1701 4028 1804 4067 non
1835 4014 2095 4085 indigens.

517 4099 631 4156 Illic
657 4102 797 4156 enim
824 4102 1136 4157 ostendebat
1162 4105 1213 4157 in
1241 4119 1299 4158 se
1323 4112 1565 4159 nostrum
1598 4104 1857 4169 laborem,
1887 4106 1973 4162 hic
1999 4122 2097 4163 au-

519 4199 625 4246 tem
656 4192 708 4245 in
747 4193 898 4249 nobis
936 4208 1085 4248 suam
1132 4195 1575 4265 consolationem,
1604 4197 1949 4270 quadraginta
1979 4199 2097 4257 die-

516 4282 619 4339 bus
642 4293 927 4354 utrumque
947 4285 1225 4341 deﬁniens.
1259 4286 1386 4341 Nam
1426 4289 1773 4360 quadraginta
1803 4291 1991 4349 diebus
2015 4293 2096 4363 je-

512 4374 739 4446 junavit,
772 4391 890 4430 cum
923 4385 1216 4432 tentaretur
1249 4379 1301 4432 in
1336 4395 1537 4445 eremo,
1568 4381 1705 4437 sicut
1733 4383 1785 4437 in
1811 4384 2097 4456 Et'angelio

514 4468 772 4538 scriptum
802 4477 902 4535 est,
943 4476 1067 4523 ante
1097 4480 1319 4525 mortem
1360 4475 1536 4529 carnis
1573 4490 1682 4529 sua:
1704 4476 1913 4546 (Matth.
1938 4494 2010 4542 tv,
2041 4480 2093 4546 i,

513 4560 601 4631 9);
632 4570 686 4615 et
716 4577 927 4616 rursum
949 4562 1292 4634 quadraginta
1319 4564 1510 4620 diebus
1526 4582 1646 4622 cum
1674 4569 1948 4640 discipulis
1973 4571 2092 4643 fuit,

514 4653 653 4706 sicut
670 4652 862 4709 Petrus
889 4655 941 4708 in
966 4655 1185 4710 Actibus
1205 4656 1583 4725 Apostolorum
1607 4659 1863 4730 loquitur,
1891 4664 2096 4722 intrans

514 4752 567 4797 ct
595 4744 801 4812 exiens,
832 4747 1157 4802 manducans
1187 4756 1239 4803 et
1263 4748 1471 4816 bibens,
1502 4760 1621 4820 post
1647 4757 2093 4814 resurrectionem

513 4836 690 4891 carnis
718 4852 828 4893 sua:
856 4839 989 4911 (Act.
1021 4857 1056 4905 ι,
1086 4842 1140 4908 5,
1172 4843 1248 4913 4).
1284 4843 1400 4911 Quo
1426 4860 1649 4903 numero
1687 4848 2095 4922 quadragesimo

512 4928 670 4999 hujus
696 4930 875 4986 saeculi
913 4933 1213 5004 signiﬁcare
1236 4935 1448 4991 videtur
1484 4951 1740 4995 excursus
1782 4940 1835 4997 in
1878 4943 1959 5000 his
2003 4948 2093 5017 qui

512 5034 772 5079 vocantur
790 5026 854 5078 ad
884 5026 1128 5096 gratiam,
1161 5042 1255 5097 per
1289 5044 1410 5082 eum
1453 5029 1545 5101 qui
1592 5047 1695 5087 non
1736 5036 1881 5091 venit
1923 5038 2089 5110 legem

511 5117 742 5183 sol-ere,
794 5117 889 5172 sed
940 5119 1250 5189 adimplere.
1294 5120 1486 5176 Decem
1533 5139 1761 5197 namque
1801 5138 1924 5184 sunt
1958 5147 2093 5202 pra:-

496 5218 662 5279 .cepta
692 5211 841 5280 legis.
863 5209 979 5263 .lam
1007 5214 1175 5281 gratia
1201 5212 1401 5268 Christi
1431 5214 1619 5270 diffusa
1646 5235 1740 5287 per
1767 5222 2019 5278 mundum
2039 5235 2093 5281 et

510 5301 925 5370 qmnlripartitus
952 5303 1202 5371 mundus,
1242 5313 1296 5359 et
1323 5305 1509 5362 decem
1541 5310 1922 5383 quadriplicata
1953 5333 2088 5388 qua-

510 5392 750 5460 draginta
781 5390 979 5445 faciunt
1003 5411 1017 5447 :
1039 5396 1288 5463 quoniam
1326 5398 1414 5467 qui
1437 5398 1679 5472 redempti
1707 5412 1824 5456 sunt
1851 5422 1881 5457 a
1906 5403 2090 5462 Domi-

512 5498 596 5550 no,
629 5484 691 5536 de
733 5484 1017 5555 regionibus
1056 5489 1372 5558 congregavit
1408 5506 1517 5558 eos,
1547 5491 1608 5545 ab
1636 5490 1838 5549 Oriente
1862 5502 1917 5552 et
1938 5498 2087 5553 Occi-

542 5618 606 5729 ﬁ‘s
616 5618 697 5667 llic
717 5631 879 5668 sermo
904 5618 1079 5670 desinit
1103 5619 1227 5689 apud
1252 5629 1353 5672 Am.
1378 5629 1453 5673 Er.
1482 5631 1535 5676 et
1552 5626 1604 5677 in
1633 5628 1810 5680 nostris
1828 5641 2090 5685 manuscri-

509 5690 647 5805 Ρῃῗὰ)
680 5741 795 5795 vtde
825 5740 1003 5800 librum
1022 5743 1089 5799 de
1119 5752 1286 5811 unus
1313 5747 1596 5814 christiano,
1617 5763 1725 5815 cap.
1756 5752 1834 5806 25.

1756 289 1815 346 s.
1854 264 2216 343 avenam
2254 279 2553 341 EPJSGOPI

2207 406 2354 461 dente
2380 415 2429 461 et
2453 405 2704 474 Aquilone
2722 411 2770 463 at
2797 401 2934 461 Had
2964 401 3132 475 (Pd.
3150 416 3259 471 cut,
3287 403 3386 463 2st
3412 402 3507 476 ὅ).
3532 401 3792 475 Ieiunans

2205 498 2384 569 itaque
2407 497 2755 571 quadraginta
2777 496 2967 557 diebus
2995 504 3122 555 ante
3161 506 3391 555 mortem
3421 498 3624 566 carnis,
3646 499 3797 555 velut

2204 590 2801 647 eiamabat:Abstinete
2843 605 2941 649 vos
2978 605 3008 644 a
3054 589 3338 649 desideriis
3390 590 3554 660 hujus
3586 592 3793 647 saeculi.

2202 682 2526 739 Manducans
2552 690 2733 739 autem
2769 691 2825 739 et
2858 683 3050 743 bibens
3077 681 3426 753 quadraginta
3462 683 3650 740 diebus
3672 693 3798 755 post

2203 778 2652 833 resurrectionem
2682 777 2880 841 carnis,
2915 775 3059 832 velut
3095 776 3396 833 clamabat:
3416 771 3553 832 Ecce
3585 794 3677 848 ego
3706 795 3798 832 ao-

2204 871 2394 926 Hscum
2422 887 2536 931 sum
2574 885 2729 941 usque
2764 869 2833 925 ad
2860 868 3341 928 consummtianem
3379 870 3552 925 muli
3578 868 3794 941 (Matth.

2205 978 2390 1027 xxvm,
2417 960 2530 1031 20).
2548 962 2816 1032 Jejunium
2842 962 3039 1033 quippe
3061 971 3145 1019 est
3174 962 3226 1016 in
3254 961 3596 1019 tribulatione
3615 972 3793 1019 certa-

2202 1054 2391 1120 minis;
2423 1056 2672 1125 quoniam
2709 1054 2799 1124 qui
2844 1054 2898 1110 in
2935 1068 3106 1123 agone
3138 1052 3432 1119 contendit,
3456 1054 3523 1109 ab
3547 1056 3800 1111 omnibus

2202 1148 2477 1205 abstinens
2505 1156 2587 1204 est
2612 1148 2630 1217 (
2651 1148 2668 1205 Ι
2693 1146 2810 1203 Cor.
2844 1163 2920 1214 Ix,
2950 1146 3043 1216 35)
3063 1165 3077 1201 :
3099 1145 3254 1205 cibus
3288 1155 3468 1203 autem
3498 1146 3551 1202 in
3571 1162 3669 1218 spe
3696 1164 3799 1218 pa-

2203 1242 2301 1307 cis,
2332 1258 2451 1313 qna:
2478 1242 2713 1313 perfecta
2742 1242 2992 1307 nouerit,
3024 1242 3128 1298 nisi
3150 1256 3271 1296 cum
3300 1257 3495 1312 corpus
3525 1252 3796 1310 nostrum,

2203 1337 2356 1407 cujus
2380 1346 2755 1407 exspectamus
2779 1336 3226 1407 redemptionem,
3260 1335 3492 1392 induerit
3511 1337 3799 1392 immorta-

2202 1429 2425 1485 litatem.
2473 1430 2627 1497 Quod
2676 1430 2912 1487 nondum
2956 1430 3303 1501 adipiscendo
3344 1430 3658 1501 gloriamur,
3700 1431 3799 1486 sed

2202 1520 2468 1591 sperando
2510 1520 2623 1591 jam
2663 1521 2949 1592 pascimur.
2987 1502 3287 1591 Utrumque
3318 1522 3607 1591 Apostolus
3634 1522 3799 1578 simul

2203 1629 2302 1668 nos
2332 1626 2490 1684 agere
2521 1614 2755 1669 ostendit
2778 1614 2984 1679 dicens,
3027 1615 3133 1685 Spe
3175 1614 3473 1686 gaudentes,
3502 1616 3559 1669 in
3587 1615 3803 1669 tribula-

2202 1707 2337 1760 tione
2363 1708 2604 1776 patientes
2630 1706 2807 1775 (Rom.
2846 1722 2941 1771 xn,
2973 1708 3102 1778 12):
3136 1716 3386 1778 tanquam
3417 1708 3548 1763 illud
3569 1718 3715 1764 esset
3736 1708 3792 1763 in

2203 1799 2344 1864 cibo,
2372 1798 2475 1853 hoc
2517 1800 2569 1853 in
2601 1799 2825 1870 jejunio.
2863 1799 3033 1856 Simul
3071 1800 3215 1857 enim
3258 1816 3380 1867 cum
3410 1802 3552 1856 viam
3583 1800 3799 1856 Domini

2203 1891 2492 1960 carpimus,
2523 1900 2625 1947 eta
2656 1894 2889 1948 vanitate
2927 1895 3206 1965 praesentis
3250 1895 3430 1949 surculi
3464 1895 3795 1965 jejunemns,

2204 1988 2259 2036 et
2282 1981 2442 2037 futuri
2474 1983 2828 2052 promissione
2854 1983 3190 2057 reficiamur;
3221 1985 3310 2041 hic
3337 2002 3439 2041 non
3464 1995 3801 2059 apponentes

2204 2088 2321 2143 cor,
2361 2073 2489 2130 illuc
2520 2083 2801 2148 pascentes
2827 2091 3036 2131 sursum
3066 2092 3180 2132 cor.

2698 2207 2926 2265 ssuno
2962 2208 3330 2280 CCLXIV(a).

2643 2347 2713 2391 De
2743 2343 3035 2393 ascensione
3066 2343 3267 2406 Domini,
3300 2356 3365 2395 tv.

2278 2467 2333 2531 i.
2364 2465 2650 2523 Dicendum
2683 2468 2745 2522 de
2773 2469 3010 2541 mysterio
3060 2469 3368 2525 ascensionis
3396 2468 3606 2526 Christi.
3631 2470 3799 2527 Multa

2207 2566 2331 2616 sunt
2355 2557 2653 2615 divinarum
2680 2557 3084 2630 Scripturarum
3123 2562 3399 2631 recondita
3439 2573 3801 2632 sacramenta,

2207 2650 2320 2705 sive
2345 2665 2462 2721 qua:
2483 2650 2657 2707 adhuc
2681 2667 2779 2707 nos
2795 2650 2895 2723 ipsi
2922 2652 3208 2722 quaerenda
3236 2651 3514 2722 habemus,
3541 2655 3655 2711 sive
3678 2670 3804 2727 quae

2201 2742 2310 2813 jam
2339 2740 2624 2801 humilitati
2653 2752 2850 2798 nostrae
2876 2743 3134 2803 Dominus
3151 2744 3389 2811 revelare
3416 2746 3664 2817 dignatus
3685 2756 3799 2805 est:

2207 2834 2301 2891 sed
2325 2834 2594 2904 aperiendi
2631 2834 2745 2891 haec
2775 2834 3057 2892 Sanctitati
3087 2847 3282 2895 vestrae
3309 2847 3519 2910 tempus
3545 2855 3652 2897 non
3680 2839 3799 2897 suf-

2209 2926 2337 2987 ﬁcit.
2368 2927 2501 2985 Novi
2526 2928 2667 2991 enim
2694 2928 2929 2987 maxime
2952 2928 3037 2985 his
3066 2930 3258 2988 diebus
3279 2932 3487 3004 impleri
3511 2933 3798 2990 ecclesiam

2208 3019 2418 3084 talibus,
2450 3020 2543 3091 qui
2572 3021 2730 3081 citius
2755 3022 2956 3078 vellent
2979 3022 3283 3094 discedere,
3313 3042 3475 3096 quam
3500 3029 3721 3094 venire;
3748 3040 3803 3088 et

2206 3128 2466 3175 onerosos
2488 3129 2586 3173 nos
2613 3114 2844 3184 habent,
2876 3117 2920 3173 si
2950 3116 3242 3188 aliquando
3282 3119 3481 3177 diutius
3524 3122 3800 3193 colloqua-

2208 3222 2329 3261 mur
2352 3224 2365 3259 :
2388 3206 2479 3276 qui
2502 3216 2679 3267 tamen
2709 3209 2764 3265 in
2795 3210 3029 3279 prandiis
3058 3210 3192 3278 suis,
3220 3210 3288 3267 ad
3317 3228 3437 3283 quas
3459 3214 3734 3283 festinant,
3752 3216 3799 3272 si

2210 3305 2491 3363 teneantur
2524 3313 2691 3371 usque
2729 3299 2797 3357 ad
2828 3317 3128 3372 vesperam,
3163 3318 3264 3367 nec
3298 3303 3564 3371 laborant,
3587 3322 3688 3369 nec
3715 3324 3802 3365 re-

2207 3400 2417 3463 cusant,
2450 3406 2551 3447 nec
2588 3392 2779 3449 saltem
2807 3394 3093 3464 aliquando
3126 3395 3234 3451 ullo
3259 3396 3462 3467 pudore
3495 3400 3796 3460 discedunt.

2206 3481 2409 3551 Tamen
2436 3499 2503 3540 ne
2528 3482 2833 3543 fraudemus
2863 3500 2960 3547 eos
2978 3486 3070 3557 qui
3101 3487 3402 3547 esurientes
3430 3491 3672 3555 veniunt,
3695 3493 3799 3549 etsi

2206 3576 2461 3645 breviter,
2487 3592 2592 3633 non
2624 3577 2917 3633 tacebimus
2941 3577 3100 3648 hujus
3118 3578 3194 3635 rei
3215 3590 3630 3650 sacramentum,
3649 3583 3794 3654 quod

2207 3668 2464 3735 Dominus
2499 3678 2682 3727 noster
2718 3669 2875 3726 Jesus
2898 3668 3142 3731 Christus
3179 3686 3300 3727 cum
3348 3688 3415 3728 eo
3461 3688 3708 3745 corpore,
3741 3675 3794 3731 in

2206 3778 2311 3833 qun
2336 3762 2625 3833 pesnrrexit
2645 3764 2902 3820 ascendit.

2275 3852 2331 3907 2.
2355 3851 2586 3909 Christus
2622 3862 2735 3923 post
2774 3853 3187 3911 resurrectionem
3218 3850 3543 3913 conversatur
3568 3874 3685 3917 cunt
3715 3860 3796 3918 di-

2205 3946 2433 4016 scipulis,
2464 3955 2521 4000 ut
2548 3947 2601 4000 in
2628 3946 2729 4015 ﬁde
2753 3947 3133 4014 conﬁrmentur.
3161 3946 3397 4001 Ascendit
3417 3949 3469 4003 in
3494 3950 3697 4019 calum,
3731 3970 3796 4008 ne

2205 4045 2494 4091 retnanean‘t
2522 4039 2575 4091 in
2599 4054 2769 4093 carne.
2796 4037 2937 4092 Sane
2980 4046 3201 4108 propter
3236 4038 3600 4096 inﬁrmitatem
3633 4040 3792 4099 disci-

2206 4132 2449 4203 pulorum
2500 4145 2718 4187 suorum
2744 4148 2757 4184 :
2782 4146 2884 4186 non
2930 4131 3073 4187 enim
3126 4132 3348 4193 deerant
3388 4137 3549 4191 etiam
3596 4136 3652 4194 in
3697 4139 3791 4194 illo

2203 4239 2460 4290 numero,
2492 4238 2625 4294 quos
2658 4220 2898 4279 diabolus
2945 4224 3257 4281 inﬁdelitate
3306 4236 3554 4301 tentaret,
3612 4232 3686 4288 ita
3732 4243 3793 4289 ut

2202 4315 2417 4388 quidam
2441 4314 2734 4386 discipulus
2761 4315 2875 4386 ejus
2904 4317 2957 4374 in
2986 4316 3098 4387 ipsa
3140 4319 3321 4388 specie
3347 4321 3399 4377 in
3420 4338 3523 4392 qua
3544 4334 3787 4393 noverat,

2201 4423 2309 4466 non
2339 4416 2517 4463 tamen
2546 4406 2716 4477 magis
2742 4407 2898 4462 tidem
2929 4406 3153 4463 haberet
3183 4410 3483 4467 viventibus
3509 4415 3787 4484 membris,

2200 4516 2362 4572 quam
2404 4498 2704 4555 recentibus
2719 4499 3053 4561 cicatricibus
3082 4499 3263 4570 (Joan.
3290 4519 3382 4568 xx,
3411 4504 3508 4575 25)
3525 4522 3543 4559 :
3565 4521 3697 4577 ergo
3719 4509 3788 4564 ad

2200 4606 2385 4647 eorum
2411 4592 2869 4647 conﬁrmationem
2901 4589 3147 4663 dignatus
3175 4603 3259 4650 est
3289 4605 3409 4664 post
3441 4602 3791 4657 resurrectio—

2200 4699 2323 4740 nem
2346 4683 2526 4740 vivere
2552 4698 2676 4739 cum
2707 4682 2809 4739 illis
2847 4684 3195 4756 quadraginta
3235 4687 3425 4749 diebus
3454 4690 3694 4762 integris,
3723 4695 3791 4750 ab

2200 4775 2318 4847 ipso
2342 4775 2430 4832 die
2458 4776 2722 4851 passionis
2750 4790 2862 4830 sure
2885 4791 3057 4853 usque
3083 4779 3134 4834 in
3163 4778 3479 4841 hodiernum
3505 4782 3672 4849 diem,
3703 4785 3789 4840 in-

2198 4879 2349 4927 trans
2369 4878 2423 4924 ct
2441 4869 2646 4935 exiens,
2672 4868 2996 4937 manducans
3022 4879 3075 4926 et
3096 4869 3303 4937 bibens,
3326 4859 3463 4931 sicut
3490 4874 3620 4933 dicit
3640 4874 3789 4932 Scri-

2199 4972 2350 5036 ptura
2384 4962 2517 5034 (Act.
2551 4978 2589 5033 t,
2622 4962 2675 5027 5,
2710 4960 2810 5035 4);
2842 4962 3168 5017 conﬁrmans
3210 4964 3308 5018 hoc
3353 4966 3621 5035 redditum
3666 4982 3789 5025 esse

2199 5054 2367 5111 oculis
2393 5070 2581 5109 eorum
2612 5063 2729 5122 post
2752 5054 3221 5124 resurrectionem,
3246 5056 3390 5126 quod
3416 5056 3650 5117 ablatum
3672 5073 3790 5118 erat

2199 5162 2300 5223 per
2321 5160 2556 5202 crucem.
2585 5145 2963 5200 Verumtamen
2987 5161 3091 5199 non
3122 5147 3239 5201 illos
3260 5148 3428 5202 voluit
3450 5150 3502 5203 in
3520 5166 3681 5208 carne
3697 5168 3788 5207 rc-

2197 5254 2435 5302 manere,
2460 5253 2559 5293 nec
2603 5237 2804 5293 carnali
2844 5236 3130 5297 dilectione
3174 5238 3373 5298 diutius
3418 5243 3675 5301 retinere.
3708 5246 3789 5303 Eo

2196 5331 2338 5387 enim
2368 5330 2545 5384 animo
2575 5328 2821 5384 volebant
2850 5344 2971 5384 eum
2997 5344 3118 5386 esse
3144 5347 3362 5404 semper
3385 5336 3671 5392 carnaliter
3690 5354 3783 5394 se-

2194 5440 2339 5490 cum,
2370 5439 2475 5494 quo
2503 5423 2681 5479 animo
2705 5422 2864 5481 etiam
2896 5422 3086 5485 Petrus
3112 5426 3331 5487 timebat
3364 5445 3487 5489 eum
3532 5434 3661 5502 pati.
3692 5433 3788 5489 Vi.

2194 5515 2391 5571 debant
2440 5514 2581 5569 enim
2624 5529 2807 5570 secum
2850 5516 3161 5589 magistrum
3190 5559 3207 5591 ,
3255 5519 3672 5581 confortatorem
3732 5536 3789 5581 et

2257 5698 2331 5763 (a)
2353 5696 2514 5748 mdit
2533 5709 2663 5763 nunc
2682 5696 2890 5763 [gignunt
2907 5709 2973 5750 ex
2996 5699 3158 5751 veteri
3179 5698 3548 5755 Vindocinensis
3572 5703 3789 5759 abbatia:

2194 5759 2279 5814 Is.
2303 5759 2539 5813 annorum
2558 5759 2668 5812 fere
2688 5759 2799 5811 800.
