4102 6326
374 329 518 392 ms

370 445 760 504 consolatorem
803 450 858 498 et
895 447 1252 512 protectorem
1284 437 1571 502 hominem,
1601 435 1787 507 quales
1814 433 1964 489 vide-

370 539 501 594 bant
527 551 587 591 se
614 536 777 605 ipsos.
809 532 866 590 Si
895 533 1000 587 tale
1029 530 1231 602 aliquid
1257 544 1365 584 non
1388 527 1653 594 viderent,
1684 527 1961 582 absentem

371 628 693 692 credebant;
735 641 856 681 cum
887 626 1080 694 ubique
1125 624 1216 678 ille
1264 621 1543 692 majestate
1590 620 1660 680 sit
1702 634 1960 690 prtesens.

372 722 645 778 Tuebatur
666 729 844 775 autem
872 731 964 774 eos
1005 731 1210 781 revera,
1234 713 1684 786 quemadmodum
1730 713 1843 782 ipse
1884 710 1966 764 di-

372 829 498 870 cere
521 814 770 884 dignatus
789 821 890 877 est,
912 819 1160 880 tanquam
1183 809 1377 879 gallina
1407 807 1579 877 pullos
1604 820 1731 861 suos
1749 803 1960 877 (Matth.

371 907 658 980 xxm,57).
701 906 848 962 Sicut
894 906 1035 960 enim
1084 904 1278 974 gallina
1333 910 1550 972 propter
1599 901 1964 955 inﬁrmitatem

371 1001 639 1070 pullorum
677 1007 732 1053 et
780 999 894 1068 ipsa
947 997 1263 1051 inﬁrmatur.
1293 995 1346 1051 Si
1389 995 1532 1050 enim
1581 992 1959 1058 recordamini,

370 1100 493 1146 ante
519 1091 706 1145 oculos
735 1097 948 1148 nostros
977 1099 1100 1144 sunt
1127 1099 1286 1143 tantm
1326 1103 1472 1150 aves,
1503 1101 1622 1156 qum
1659 1086 1833 1155 pullos
1880 1085 1962 1138 fa-

370 1183 551 1248 ciunt;
578 1197 683 1235 non
711 1180 954 1234 videmus
975 1181 1206 1250 aliquam
1231 1194 1383 1233 avem
1416 1177 1675 1232 inﬁrmari
1701 1165 1823 1231 cum
1849 1176 1965 1245 pul-

369 1275 459 1341 lis,
484 1273 589 1330 nisi
615 1274 862 1344 gallinam
894 1291 906 1327 :
933 1282 988 1327 et
1017 1273 1137 1328 ideo
1165 1273 1232 1327 de
1263 1273 1352 1326 illa
1378 1272 1636 1327 Dominus
1658 1270 1964 1324 similitudi-

373 1381 495 1420 nem
548 1366 734 1431 duxit;
771 1366 892 1434 quia
943 1374 1158 1434 propter
1201 1364 1562 1418 inﬁrmitatem
1618 1371 1855 1417 nostram
1910 1371 1964 1416 et

372 1459 489 1528 ipse
521 1459 863 1528 susceptione
887 1457 1066 1511 carnis
1095 1456 1352 1510 inﬁrmari
1383 1457 1632 1526 dignatus
1661 1464 1760 1510 est.
1791 1456 1964 1525 Opor-

371 1551 517 1606 tebat
541 1558 719 1606 autem
753 1559 808 1604 ut
847 1551 1180 1619 erigerentur
1217 1549 1568 1618 aliquantum,
1597 1557 1647 1602 et
1676 1548 1784 1618 jam
1828 1547 1963 1601 inci-

373 1652 564 1713 perent
607 1659 728 1698 eum
777 1643 1124 1713 Spiritualitcr
1161 1642 1415 1713 cogitare,
1450 1651 1696 1711 tanquam
1728 1641 1962 1696 Verbum

369 1737 563 1802 Patris,
585 1738 752 1795 Deum
781 1736 920 1805 apud
952 1737 1140 1801 Deum,
1163 1751 1258 1805 per
1273 1745 1433 1804 quem
1449 1734 1589 1788 iacta
1618 1743 1739 1789 sunt
1761 1734 1957 1788 omnia:

373 1838 428 1885 et
464 1846 570 1883 non
617 1845 711 1883 eos
754 1829 960 1882 sinebat
1001 1844 1146 1893 caro,
1183 1844 1342 1898 quam
1387 1827 1654 1882 videbant.
1705 1827 1962 1882 Proderat

367 1935 497 1990 ergo
535 1921 638 1975 illis
677 1920 980 1974 conﬁrmari
1018 1920 1070 1975 in
1107 1919 1211 1974 ﬁde
1241 1935 1338 1989 per
1364 1919 1821 1974 conversationem
1844 1919 1961 1987 ejus

371 2026 551 2066 secum
593 2010 941 2081 quadraginta
969 2009 1157 2064 diebus
1185 2028 1198 2064 :
1224 2009 1317 2064 sed
1351 2009 1468 2078 plus
1498 2007 1746 2077 proderat
1771 2008 1870 2074 eis,
1901 2016 1962 2068 111

368 2120 427 2160 se
456 2107 524 2160 ab
550 2105 720 2159 oculis
745 2119 932 2158 eorum
965 2102 1333 2165 subtraheret;
1361 2110 1416 2155 et
1453 2101 1545 2171 qui
1576 2101 1627 2154 in
1681 2109 1819 2153 terra
1849 2107 1964 2152 tan-

371 2213 530 2268 quam
583 2197 750 2254 frater
804 2203 1150 2250 conversatns
1198 2195 1387 2260 fuerat,
1419 2192 1488 2247 de
1530 2194 1668 2246 caelo
1713 2200 1959 2260 tanquam

369 2291 626 2346 Dominus
651 2290 960 2345 subveniret
984 2306 997 2355 ;
1029 2288 1406 2357 discerentque
1444 2286 1593 2341 illum
1622 2285 1856 2355 cogitare
1879 2300 1962 2338 se-

367 2382 598 2437 cundum
625 2383 812 2436 Deum.
834 2380 944 2434 lloc
967 2378 1108 2434 enim
1137 2377 1464 2447 evangelista
1491 2376 1722 2432 Joannes
1747 2375 1957 2430 sonuit:

369 2475 414 2528 si
445 2475 566 2544 quis
591 2474 853 2537 advertat,
879 2473 921 2528 si
950 2472 1071 2543 quis
1091 2471 1367 2542 intelligat.
1399 2471 1487 2526 Ait
1510 2470 1652 2524 enim
1676 2470 1962 2524 Dominus:

373 2567 496 2622 Non
539 2567 764 2626 turbetur
807 2583 895 2622 cor
933 2577 1170 2622 uestrum.
1214 2565 1274 2619 Si
1317 2580 1396 2622 me
1443 2563 1734 2634 diligentis,
1770 2563 1958 2633 inquit,

371 2659 673 2729 gauderetis,
701 2659 818 2729 quia
841 2658 968 2712 vado
987 2659 1054 2711 ad
1079 2655 1324 2722 Patrem;
1355 2657 1592 2727 quoniam
1613 2654 1768 2708 Pater
1796 2655 1963 2724 major

372 2769 452 2806 me
492 2761 562 2805 est
597 2750 776 2824 (Jaan.
804 2768 912 2814 xiv,
942 2753 992 2816 t,
1023 2750 1136 2821 28).
1170 2749 1236 2805 Et
1275 2749 1381 2803 alio
1421 2749 1558 2814 loco,
1590 2747 1753 2806 dicit:
1783 2746 1891 2817 Ego
1917 2755 1963 2799 et

379 2841 532 2897 Pater
551 2859 710 2899 unum
734 2859 907 2897 sumus
938 2841 1047 2913 (Id.
1081 2859 1132 2908 x,
1157 2841 1274 2915 50).
1303 2840 1636 2910 Tantamque
1663 2839 1763 2894 sibi
1785 2854 1964 2909 aequa-

381 2935 584 2990 litatem
623 2935 879 3001 vindicat,
909 2949 1014 2989 non
1059 2935 1261 3004 rapina,
1296 2933 1388 2988 sed
1431 2941 1641 2997 natura,
1673 2940 1728 2986 ut
1757 2931 1857 2986 hoc
1883 2931 1965 2985 di-

381 3036 526 3083 ceret
567 3027 776 3082 cuidam
826 3026 1089 3098 discipulo
1121 3026 1316 3080 dicenti
1345 3025 1464 3088 sibi,
1495 3024 1734 3089 Domine,
1761 3023 1965 3076 ostende

379 3122 518 3175 nobis
545 3119 774 3186 Patrem,
804 3130 849 3174 et
886 3121 1063 3190 suﬁcit
1097 3118 1239 3173 nobis
1269 3134 1287 3172 .'
1318 3127 1370 3172 ct
1395 3119 1504 3185 ille,
1534 3116 1798 3187 Philippe,
1824 3125 1962 3170 tanta

379 3223 598 3286 tempore
632 3215 885 3272 vobiscum
910 3231 1044 3280 sunt,
1074 3224 1121 3266 et
1150 3211 1356 3266 Patrem
1382 3212 1624 3265 nescitis?
1655 3210 1755 3275 Qui
1783 3227 1862 3264 me
1887 3210 1930 3263 vi
1940 3239 1962 3250 -

379 3305 468 3368 dit,
494 3306 613 3359 vidit
651 3315 695 3358 et
738 3305 942 3359 Patrem
982 3304 1091 3374 (Id.
1123 3321 1230 3370 xw,
1266 3305 1319 3371 8,
1349 3305 1429 3372 9).
1461 3303 1596 3370 Quid
1624 3313 1722 3368 est,
1760 3303 1859 3370 Qui
1887 3319 1965 3356 me

377 3398 540 3454 vidit?
567 3399 622 3454 Si
678 3398 970 3452 secundmn
1026 3397 1209 3451 oculos
1253 3398 1450 3461 carnis,
1483 3397 1732 3450 viderunt
1776 3406 1829 3450 et
1875 3394 1963 3466 qui

374 3489 776 3543 eruciﬁxerunt.
808 3488 946 3554 Quid
974 3497 1056 3542 est
1085 3503 1232 3558 ergo,
1263 3487 1361 3551 Qui
1410 3504 1488 3541 me
1528 3487 1688 3551 vidit;
1725 3487 1844 3554 nisi,
1874 3486 1963 3557 qui

374 3580 656 3645 intellexit,
685 3580 776 3650 qui
806 3580 960 3634 oculo
985 3580 1164 3634 cordis
1183 3580 1333 3634 vidit.
1363 3579 1644 3646 Quomodo
1674 3579 1814 3633 enim
1842 3588 1965 3640 sunt

376 3687 530 3730 aures
563 3672 863 3734 interiores,
895 3687 1029 3741 quas
1059 3671 1332 3741 qumrebat
1363 3671 1638 3737 Dominus,
1671 3686 1791 3725 cum
1821 3671 1964 3726 dice-

376 3771 478 3830 ret,
513 3765 610 3832 Qui
637 3763 783 3817 habet
803 3780 972 3826 aures,
1002 3763 1182 3818 audiat
1203 3762 1414 3831 (Matth.
1446 3779 1522 3830 xl,
1554 3764 1663 3834 15),
1694 3778 1813 3817 011111
1841 3772 1964 3818 ante

375 3854 523 3914 illum
553 3856 728 3910 nullus
757 3855 948 3910 surdus
973 3863 1169 3911 staret:
1197 3855 1276 3910 sic
1313 3864 1395 3910 est
1423 3857 1582 3910 etiam
1609 3865 1857 3925 aspectus
1884 3857 1966 3911 in-

376 3947 539 4004 terior
565 3946 763 4011 cordis,
793 3962 899 4016 quo
941 3947 987 4002 si
1026 3947 1147 4018 quis
1176 3948 1383 4002 viderat
1422 3948 1727 4014 Dominum,
1761 3948 1965 4003 viderat

375 4037 620 4104 Patrem;
654 4038 779 4107 quia
801 4039 1023 4108 aequalis
1051 4049 1134 4094 est
1158 4039 1322 4094 Patri.

440 4132 496 4187 3.
524 4131 690 4189 Filius
718 4131 816 4187 Dei
845 4143 1028 4187 natura
1071 4134 1277 4202 (aqualis
1309 4131 1472 4200 Patri,
1506 4133 1857 4187 misericordia
1895 4134 1962 4186 ad

375 4233 585 4279 mortem
622 4240 781 4294 usque
827 4224 1131 4293 inﬁrmatus.
1175 4225 1313 4280 Audi
1346 4225 1660 4295 Apostolum
1694 4225 1962 4280 volentem

375 4316 529 4375 nobis
556 4315 934 4370 commendare
979 4316 1398 4370 misericordiam
1431 4317 1628 4385 ipsius,
1679 4320 1801 4386 quia
1833 4332 1962 4387 pro.

373 4416 494 4479 pter
520 4423 617 4468 nos
645 4407 944 4464 inﬁrmatus
969 4417 1049 4461 est
1071 4448 1084 4472 ,
1117 4417 1176 4463 ut
1201 4408 1302 4464 sub
1343 4407 1442 4462 alis
1469 4409 1578 4462 suis
1610 4409 1783 4477 pullos
1812 4409 1965 4466 colli-

372 4509 552 4570 geret,
583 4499 780 4556 ducens
809 4500 942 4554 alios
971 4500 1133 4556 etiam
1162 4500 1452 4569 discipulos
1470 4543 1486 4568 ,
1517 4512 1575 4556 ut
1600 4511 1652 4556 et
1682 4503 1782 4572 ipsi
1811 4517 1962 4556 com-

373 4598 682 4660 paterentur
728 4589 1022 4648 inﬁrmitati
1070 4590 1443 4657 inﬁrmorum,
1495 4594 1582 4664 qui
1615 4593 1680 4648 ad
1724 4593 1957 4664 aliquam

376 4681 687 4741 ﬁrmitatem
739 4682 807 4737 de
859 4683 1164 4739 inﬁrmitate
1226 4688 1493 4738 communi
1559 4686 1958 4753 ascendissent;

372 4791 493 4834 cum
522 4777 608 4832 ille
637 4777 705 4833 de
732 4777 939 4833 catlasti
971 4777 1221 4832 ﬁrmitate
1245 4779 1311 4831 ad
1340 4779 1693 4834 inﬁrmitatem
1727 4791 1961 4835 nostram

372 4872 708 4929 descenderit
738 4891 751 4927 :
790 4873 866 4927 ait
893 4872 997 4926 illis
1017 4913 1032 4938 ,
1065 4870 1178 4925 Hoc
1209 4873 1386 4926 sentite
1409 4874 1460 4928 in
1487 4874 1623 4927 vobis
1641 4913 1656 4940 ,
1683 4875 1816 4944 quod
1841 4884 1884 4928 et
1911 4877 1962 4928 in

372 4965 572 5021 Christo
597 4965 744 5020 Iesu.
793 4965 1092 5036 Dignamini
1116 5004 1132 5031 ,
1177 4966 1383 5035 inquit,
1417 4966 1611 5022 imitari
1646 4965 1834 5020 Filiqu
1868 4967 1961 5021 Dei

376 5072 472 5126 per
498 5058 922 5127 compassionem
952 5072 1070 5116 cum
1104 5058 1356 5128 parvulis.
1414 5058 1514 5125 Qui
1555 5074 1669 5112 cum
1705 5059 1757 5112 in
1797 5059 1962 5128 forma

375 5145 470 5213 Dei
507 5157 651 5202 esset.
685 5147 802 5202 Jam
829 5149 1058 5204 dicendo
1081 5191 1096 5216 ,
1128 5150 1180 5203 in
1205 5154 1370 5220 forma
1394 5151 1487 5204 Dei
1513 5158 1672 5217 esset,
1703 5151 1960 5221 aequalem

371 5241 608 5300 ostendit
637 5242 766 5296 Deo.
810 5242 928 5297 Non
961 5243 1102 5296 enim
1146 5242 1318 5302 fartim
1361 5244 1537 5299 minor
1567 5253 1652 5301 est
1689 5262 1846 5316 quam
1874 5247 1960 5301 ille

375 5334 526 5403 cujus
559 5333 724 5393 forma
755 5344 855 5389 est.
905 5334 963 5390 Si
1004 5337 1147 5390 enim
1177 5337 1350 5391 minor
1378 5344 1487 5404 est,
1528 5337 1694 5393 forma
1725 5355 1828 5393 non
1856 5348 1957 5394 est.

378 5427 580 5484 Tamen
611 5443 676 5484 ne
702 5429 895 5498 aliquis
920 5428 1206 5494 dubitaret,
1239 5426 1454 5498 adjecit,
1488 5439 1542 5485 et
1571 5432 1746 5501 posuit
1784 5431 1960 5502 ipsum

378 5518 648 5584 Verbum,
680 5518 823 5576 unde
860 5534 954 5576 ora
991 5520 1258 5590 sacrilegis
1289 5521 1560 5576 clauderet
1592 5541 1606 5576 :
1641 5523 1742 5589 Qui
1765 5539 1878 5577 cum
1907 5523 1960 5578 in

377 5615 542 5683 [arma
569 5611 665 5667 Dei
691 5622 834 5677 esset,
868 5614 1056 5685 inquit,
1079 5630 1179 5674 non
1204 5615 1436 5682 rapinam
1465 5615 1734 5672 arbitratus
1762 5627 1834 5672 est
1857 5635 1962 5676 esse

375 5707 585 5778 (aqualis
613 5706 742 5765 Deo.
791 5707 926 5776 Quid
957 5717 1070 5773 est,
1123 5707 1311 5763 fratres
1336 5709 1635 5763 charissimi
1657 5751 1670 5774 ,
1720 5713 1859 5780 quod
1887 5713 1962 5768 ait

333 5805 342 5824 ‘
375 5797 684 5870 Apostolus,
713 5797 836 5856 Non
861 5800 1098 5872 rapinam
1123 5802 1398 5858 arbitratus
1424 5802 1536 5859 est?
1580 5802 1713 5871 Quia
1744 5813 1958 5863 natura-

1673 283 1698 290 ”
1731 274 1984 377 suane
2017 315 2291 378 ccmv.

3508 327 3648 388 1914

2071 433 2198 489 liter
2237 434 2474 505 aequalis.
2521 436 2617 493 Cui
2657 451 2787 510 ergo
2828 444 2943 493 erat
2983 437 3165 509 rapina
3203 440 3479 511 aqualitas
3505 443 3640 500 Dei?

2068 525 2246 582 Primo
2272 527 2496 597 homini,
2529 532 2611 586 cui
2641 531 2843 588 dictum
2873 543 2989 600 est,
3023 532 3250 603 Gustata,
3277 544 3326 588 et
3351 537 3490 590 eritis
3515 538 3646 592 sicut

2068 621 2140 674 dii
2165 621 2315 692 (Gen.
2345 639 2440 689 111,
2470 624 2548 697 5).
2580 625 2762 680 Voluit
2805 642 2900 696 per
2943 627 3181 697 rapinam
3229 629 3447 685 tendere
3488 646 3546 687 se
3574 632 3640 687 ad

2069 715 2443 782 aequalitatem,
2475 728 2528 771 et
2556 733 2650 788 per
2677 734 2886 788 poenam
2913 720 3142 790 perdidit
3168 722 3641 781 immortalitatem.

2069 803 2162 858 ille
2187 804 2328 858 enim
2357 807 2440 860 cui
2468 809 2648 876 rapina
2681 825 2785 862 non
2811 819 2954 876 erat,
2985 828 3086 865 non
3113 814 3345 881 rapinam
3373 816 3646 872 arbitratus

2068 908 2141 952 est
2166 914 2272 953 esse
2296 902 2505 968 tequalis
2526 901 2653 955 Deo.
2703 901 2760 957 Si
2787 919 2913 974 ergo
2945 921 3046 958 non
3079 907 3296 975 rapina;
3328 917 3533 975 natura,
3567 911 3650 966 in-

2069 997 2216 1059 tegra
2244 991 2470 1048 societas
2499 1002 2552 1048 et
2591 1009 2794 1049 summa
2838 997 2950 1066 ipsa
2995 1001 3340 1068 comparatio.
3387 1001 3489 1056 Sed
3520 1005 3647 1073 quid

2069 1082 2229 1138 fecit?
2271 1085 2627 1157 Semetipsum,
2660 1088 2754 1154 ait,
2787 1090 3072 1156 exinanieit,
3107 1094 3322 1163 formam
3351 1095 3478 1147 servi
3510 1097 3648 1148 acci-

2070 1176 2250 1246 piens;
2292 1179 2344 1231 in
2383 1180 2761 1233 similitudinem
2791 1181 3044 1236 hominum
3072 1189 3262 1256 factus,
3297 1195 3341 1238 et
3369 1186 3540 1241 habitu
3565 1189 3648 1240 in-

2067 1277 2239 1322 ventus
2274 1278 2330 1322 ut
2355 1271 2502 1324 homo
2536 1287 2553 1324 :
2591 1272 2870 1326 humiliavit
2899 1291 2985 1341 se,
3034 1279 3197 1344 factus
3231 1277 3462 1331 obediens
3494 1297 3647 1350 usque

2068 1361 2135 1414 ad
2175 1373 2412 1427 mortem,
2465 1374 2673 1418 mortem
2715 1375 2882 1421 autent
2923 1371 3084 1423 crucis
3128 1370 3383 1443 (Philipp.
3418 1389 3476 1439 11,
3509 1374 3647 1446 5-8).

2068 1452 2263 1511 Parum
2295 1467 2409 1510 erat
2434 1456 2612 1512 dicere
2640 1467 2885 1523 mortem,
2910 1467 2960 1514 et
2990 1475 3157 1530 genus
3183 1465 3368 1518 mortis
3393 1467 3645 1520 ostendit.

2067 1543 2242 1612 Quare
2275 1556 2330 1601 et
2358 1563 2522 1617 genus
2565 1551 2792 1606 mortis?
2839 1551 2970 1620 Quia
2999 1553 3145 1608 multi
3173 1555 3237 1608 ad
3267 1566 3493 1612 mortem
3523 1570 3648 1614 sunt

2067 1638 2279 1706 parati:
2311 1641 2464 1694 multi
2509 1642 2649 1695 enim
2693 1643 2912 1709 dicunt,
2958 1644 3073 1698 Non
3125 1646 3287 1700 timeo
3326 1651 3496 1716 mori,
3545 1651 3637 1706 sed

2066 1728 2258 1782 vellem
2286 1729 2338 1782 in
2364 1731 2560 1785 lectulo
2582 1748 2700 1787 meo
2728 1735 2886 1800 mori,
2931 1735 3286 1791 circumdatus
3315 1738 3458 1805 ﬁliis,
3481 1757 3647 1810 nepo-

2067 1818 2237 1884 tibus,
2268 1821 2513 1892 lacrymis
2541 1824 2738 1878 uxoris.
2785 1825 3005 1880 Mortem
3037 1827 3251 1895 quidem
3283 1829 3529 1885 videntur
3561 1835 3647 1889 isti

2065 1926 2171 1965 non
2210 1928 2480 1981 recusare,
2509 1915 2600 1970 sed
2640 1917 2883 1986 eligendo
2908 1933 3075 1988 genus
3103 1922 3316 1988 mortis,
3359 1923 3424 1978 de
3455 1925 3646 1981 timore

2065 2005 2373 2071 puniuntur.
2406 2005 2498 2061 llle
2523 2016 2702 2062 autem
2743 2010 2901 2079 elegit
2933 2026 3102 2079 genus
3127 2014 3340 2078 mortis,
3375 2016 3471 2070 sed
3507 2018 3648 2086 quod

2065 2104 2146 2150 est
2174 2097 2407 2154 deterius
2435 2100 2700 2155 omnibus.
2729 2101 3010 2169 Quomodo
3039 2104 3137 2157 sibi
3171 2106 3374 2174 eligunt
3400 2107 3644 2166 homines

2065 2191 2258 2246 melius
2297 2207 2466 2262 genus
2491 2195 2716 2262 mortis,
2764 2196 2842 2250 sic
2885 2196 2998 2265 ipse
3043 2197 3278 2253 deterius
3326 2201 3519 2270 elegit,
3549 2203 3651 2258 hoc

2065 2283 2204 2351 quod
2249 2285 2576 2340 exsecrabile
2617 2293 2735 2341 erat
2781 2288 3028 2343 omnibus
3073 2288 3290 2344 Judaeis.
3341 2292 3457 2346 Non
3504 2294 3647 2348 enim

2067 2373 2238 2427 timuit
2266 2376 2402 2428 mori
2437 2391 2530 2444 per
2555 2375 2713 2431 falsos
2741 2386 2934 2446 testes,
2961 2394 3059 2450 per
3085 2382 3401 2436 sententiam
3425 2383 3645 2453 judicis,

2066 2465 2154 2533 qui
2195 2468 2367 2520 veniet
2408 2467 2651 2536 judicare
2680 2469 2828 2524 vivos
2872 2478 2925 2526 et
2971 2479 3209 2527 mortuos
3257 2490 3270 2525 :
3322 2489 3424 2528 non
3475 2475 3653 2531 timuit

2066 2559 2200 2613 mori
2232 2575 2326 2630 per
2352 2561 2695 2631 ignominiam
2721 2565 2931 2630 crucis,
2971 2573 3028 2618 ut
3061 2581 3246 2621 onmes
3273 2567 3555 2623 credentes
3583 2569 3651 2624 ab

2067 2651 2212 2706 omni
2240 2653 2526 2722 ignominia
2552 2655 2821 2711 liberaret.
2868 2658 3007 2727 Ergo
3034 2659 3198 2727 factus
3224 2661 3457 2714 obediens
3492 2679 3650 2732 usque

2067 2740 2134 2798 ad
2166 2752 2375 2798 mortem
2394 2754 2652 2811 ,‘mortem
2685 2757 2851 2800 autent
2877 2749 3039 2802 crucis
3066 2765 3084 2802 :
3120 2759 3294 2815 tamen
3338 2753 3652 2808 naturaliter

2067 2835 2288 2904 sitqualis
2325 2836 2469 2903 Deo;
2521 2838 2672 2892 fortis
2716 2841 2768 2892 in
2803 2840 2998 2895 virtute
3036 2841 3362 2911 majestatis,
3413 2843 3654 2900 inﬁrmus

2066 2926 2437 2998 compass'ione
2480 2928 2822 2986 humanitatis
2851 2949 2866 2986 :
2898 2932 3071 2999 fortis,
3109 2941 3166 2989 ut
3203 2935 3401 2994 faceret
3431 2938 3649 3005 omnia;

2069 3017 2332 3083 inﬁrmus,
2366 3027 2422 3072 ut
2457 3020 2703 3075 reﬁceret
2723 3023 2922 3077 omnia.

2138 3115 2192 3166 4.
2241 3112 2469 3168 Christus
2505 3114 2644 3168 abire
2691 3115 2826 3183 vult,
2882 3127 2938 3172 ut
2976 3118 3176 3174 absente
3218 3137 3370 3175 carne
3419 3123 3655 3182 divinitas

2067 3205 2226 3276 ipsius
2254 3208 2516 3277 cogitetur.
2553 3207 2718 3263 Filius
2743 3208 2842 3262 Dei
2869 3210 2924 3264 in
2947 3227 3000 3265 se
3025 3229 3127 3266 non
3164 3215 3332 3267 minor
3367 3231 3456 3284 per
3483 3217 3654 3270 incar-

2068 3299 2342 3352 nationem.
2386 3299 2536 3365 Quod
2579 3315 2706 3370 ergo
2744 3301 2818 3355 ait
2847 3301 3080 3360 Joannes
3119 3304 3416 3364 attendite:
3450 3305 3510 3360 Si
3538 3305 3656 3360 dili-

2067 3390 2245 3460 geretis
2273 3407 2369 3454 me,
2403 3391 2712 3462 gauderetis,
2755 3393 2874 3462 quia
2899 3395 3028 3448 vado
3057 3395 3124 3448 ad
3151 3393 3394 3462 Patrem;
3421 3400 3657 3466 quoniam

2070 3481 2228 3546 Pater
2264 3485 2431 3554 major
2465 3500 2544 3538 me
2587 3495 2679 3540 est.
2729 3486 3008 3553 Quomodo
3033 3489 3288 3558 aequalis,
3339 3491 3476 3544 sicut
3527 3491 3656 3550 dicit

2067 3574 2399 3644 Apostolus?
2446 3575 2594 3631 Sicut
2624 3577 2736 3646 ipse
2770 3578 3054 3644 Dominus,
3099 3578 3214 3650 Ego
3240 3589 3288 3633 et
3319 3579 3471 3634 Pater
3498 3598 3656 3636 unum

2067 3681 2260 3720 sanius.
2308 3667 2370 3720 Et
2403 3666 2508 3720 alio
2553 3667 2706 3734 loco,
2759 3668 2858 3734 Qui
2884 3685 2964 3722 me
2990 3669 3112 3722 vidit
3132 3707 3146 3736 ,
3199 3671 3322 3724 uidit
3346 3680 3392 3725 et
3419 3670 3650 3726 Patrem.

2068 3757 2347 3826 Quomodo
2373 3759 2491 3828 hic,
2541 3762 2673 3827 Quia
2708 3762 2865 3817 Pater
2892 3765 3058 3836 major
3092 3780 3173 3819 me
3213 3766 3331 3819 est?
3373 3765 3486 3820 Vox
3531 3767 3652 3834 ista,

2067 3847 2282 3916 fratres,
2310 3861 2568 3920 quantum
2595 3853 2849 3908 Dominus
2873 3858 3072 3924 aspirat
3093 3855 3159 3909 ad
3171 3865 3396 3923 vertere,
3425 3858 3655 3926 quodam

2067 3942 2229 3998 modo
2271 3945 2642 4014 exprobrantis
2695 3946 2790 4000 fuit
2837 3957 2888 4001 et
2935 3947 3283 4002 consolantis.
3349 3947 3467 4002 Fisi
3509 3950 3652 4004 enim

2067 4044 2222 4089 erant
2265 4037 2315 4089 in
2357 4036 2606 4101 homine,
2661 4048 2714 4094 et
2741 4040 2908 4093 Deum
2955 4040 3192 4111 cogitare
3235 4056 3341 4098 non
3387 4051 3652 4111 poterant.

2069 4128 2220 4183 Tunc
2248 4129 2388 4184 enim
2413 4133 2704 4200 cogitarent
2732 4133 2898 4188 Deum
2917 4174 2936 4200 ,
2981 4135 3024 4189 si
3059 4135 3127 4190 ab
3154 4134 3259 4189 illis
3283 4144 3340 4189 et
3365 4136 3432 4189 ab
3461 4152 3649 4191 eorum

2068 4221 2236 4275 oculis
2282 4221 2444 4276 homo
2485 4223 2818 4290 auferretur,
2877 4235 2933 4279 ut
2975 4237 3244 4296 amputata
3294 4227 3653 4284 familiaritate

2066 4327 2187 4382 qua:
2231 4328 2350 4370 cum
2397 4329 2560 4370 carne
2603 4323 2718 4371 erat
2770 4315 2936 4384 facta,
2989 4317 3259 4373 discerent
3305 4321 3385 4375 vel
3436 4321 3656 4378 absente

2067 4420 2230 4460 carne
2257 4406 2595 4462 divinitatem
2627 4409 2878 4480 cogitare.
2911 4410 3051 4480 Ergo
3084 4410 3187 4466 hoc
3212 4411 3291 4466 eis
3329 4412 3400 4466 ait
3430 4429 3445 4466 :
3488 4413 3548 4466 Si
3576 4430 3655 4467 me

2068 4498 2369 4568 diligeretis,
2403 4499 2721 4570 gaudentis,
2749 4503 2867 4572 quia
2896 4519 2952 4556 eo
2979 4503 3046 4556 ad
3072 4502 3301 4557 Patrem.
3341 4503 3552 4571 Quare?
3585 4503 3657 4560 Ut

2067 4605 2189 4645 cum
2215 4605 2279 4645 eo
2308 4590 2376 4646 ad
2419 4591 2668 4658 Patrem,
2721 4592 2938 4663 possitis
2983 4610 3072 4650 me
3116 4595 3348 4665 cogitare
3394 4595 3653 4665 aequalem

2068 4683 2209 4738 Patri
2237 4684 2336 4755 (a).
2381 4684 2670 4756 Propterea
2711 4688 2855 4742 enim
2881 4689 3050 4759 major
3086 4705 3164 4744 me
3187 4697 3259 4742 est
3285 4705 3304 4742 :
3329 4687 3506 4744 adhuc
3531 4704 3652 4746 011111

2067 4774 2259 4830 videtis
2306 4791 2392 4831 me
2435 4776 2486 4844 in
2531 4792 2721 4845 carne,
2778 4778 2952 4834 adhuc
3001 4779 3173 4849 major
3215 4795 3304 4834 mo
3349 4788 3433 4834 est
3472 4780 3651 4836 Pater.

2069 4867 2260 4926 Videte
2285 4869 2328 4923 si
2367 4871 2679 4941 suscepistis
2706 4889 2721 4926 :
2750 4887 2854 4926 non
2885 4873 3024 4928 enim
3057 4883 3314 4927 noverant
3343 4873 3445 4928 nisi
3476 4874 3652 4932 homi-

2067 4974 2190 5017 nem
2222 4960 2476 5030 cagitare.
2519 4962 2634 5017 Hoc
2674 4962 2796 5020 dico
2842 4963 3116 5033 aliquanto
3161 4964 3402 5032 planius,
3439 4976 3654 5036 propter

2067 5049 2261 5108 fratres
2303 5061 2520 5109 nostra
2560 5055 2864 5109 tardiores:
2897 5055 2987 5124 qui
3029 5063 3204 5110 autem
3254 5056 3651 5120 intellexerunt,

2068 5141 2240 5200 ferant
2271 5144 2570 5201 tarditatem
2598 5157 2911 5201 casterormn
2941 5157 2994 5201 et
3037 5147 3310 5204 imitentur
3344 5149 3514 5217 ipsum
3548 5151 3649 5206 Do-

2066 5235 2301 5302 minam,
2345 5238 2431 5307 qui
2473 5253 2588 5294 eum
2634 5238 2687 5290 in
2734 5238 2899 5305 [omna
2926 5237 3021 5306 Dei
3049 5247 3202 5304 esset,
3249 5239 3532 5297 ttumiliuvit
3579 5259 3651 5308 se,

2067 5326 2232 5398 [actus
2276 5327 2510 5387 obediens
2549 5344 2707 5398 usque
2747 5329 2814 5382 ad
2854 5339 3084 5386 mortem.
3141 5329 3202 5384 Si
3242 5347 3321 5386 me
3357 5331 3650 5401 diligeretis,

2067 5419 2194 5490 quid
2222 5430 2304 5478 est
2333 5421 2471 5476 hoc?
2500 5420 2560 5475 Si
2585 5437 2662 5474 me
2683 5421 2986 5492 diligeretis,
3018 5420 3330 5491 gaudentis,
3360 5423 3479 5491 quia
3506 5440 3561 5478 eo
3588 5425 3655 5480 ad

2067 5510 2296 5570 Patrem.
2327 5513 2389 5574 Si
2418 5530 2495 5568 me
2516 5512 2792 5584 diligentis
2813 5556 2826 5578 ,
2859 5513 2984 5582 quid
3013 5513 3154 5568 aliud
3180 5520 3290 5576 est,
3323 5530 3480 5582 quam
3501 5555 3516 5578 ,
3549 5531 3654 5575 non

2068 5623 2154 5666 1110
2179 5608 2439 5678 diligitis?
2468 5606 2602 5675 Quid
2631 5623 2761 5677 ergo
2784 5607 3039 5676 diligitis?
3067 5606 3292 5666 Carnem
3325 5624 3480 5678 quam
3512 5607 3658 5668 vide-

2071 5701 2157 5762 tis.
2213 5699 2386 5769 ipsam
2430 5700 2574 5755 enim
2622 5716 2726 5756 non
2759 5700 2918 5758 vultis
2947 5700 3012 5756 ab
3041 5699 3210 5757 oculis
3246 5700 3541 5763 discedere.
3593 5700 3656 5762 Si

2134 5815 2208 5879 (ι)
2242 5816 2357 5867 Vide
2378 5815 2557 5868 librum
2580 5818 2604 5870 1
2627 5817 2695 5870 de
2710 5817 2959 5880 mnium,
2983 5827 3088 5881 asp.
3120 5816 3172 5870 Ι.
