4102 6326
510 277 649 336 1215

506 400 685 447 autem
731 407 810 446 me
851 391 1126 462 diligentis
1168 406 1186 446 :
1223 391 1347 463 quid
1391 401 1506 458 est,
1559 392 1680 448 me?
1730 393 1792 450 In
1835 397 2088 469 principio

505 494 613 540 erat
652 483 899 550 Verbum,
944 493 990 538 et
1028 482 1244 539 Verbum
1291 495 1398 539 erat
1441 487 1581 558 apud
1617 486 1778 542 Deum
1798 531 1814 556 ,
1861 500 1908 544 et
1954 489 2090 546 Deus

502 587 612 632 erat
646 575 859 631 Verbum
907 576 1095 646 (Joan.
1124 594 1171 644 ι,
1205 576 1266 649 l)
1313 596 1326 634 :
1373 579 1513 649 quod
1555 580 1629 635 ait
1675 581 1787 651 ipse
1831 581 2084 638 Joannes.

504 669 560 726 Si
604 684 732 740 ergo
772 671 848 726 sic
888 686 973 726 me
1012 670 1324 742 diligeretis,
1364 673 1632 742 quomodo
1676 689 1772 744 per
1816 691 1902 730 me
1950 675 2086 732 facta

501 770 625 816 sunt
668 763 845 816 omnia
872 805 885 826 ,
933 763 1214 833 gauderetis
1239 804 1254 831 ,
1298 766 1535 832 quoniam
1583 766 1712 821 vado
1748 767 1816 821 ad
1854 767 2081 824 Patrem.

500 851 712 918 Quare?
768 852 1020 918 Quoniam
1056 853 1214 908 Pater
1254 857 1420 925 major
1463 873 1543 910 me
1588 866 1679 912 est.
1731 858 1919 914 Adhuc
1961 874 2084 916 cum

500 960 586 1000 me
619 945 808 1000 videtis
845 948 896 1000 in
939 955 1111 1011 terra,
1158 950 1328 1017 major
1357 964 1442 1004 me
1477 958 1560 1005 est
1581 950 1759 1006 Pater.
1805 953 2082 1009 Discedam

497 1036 568 1092 ab
605 1037 775 1092 oculis
805 1038 1034 1104 vestris;
1089 1039 1302 1095 tollatur
1344 1041 1411 1095 ab
1447 1044 1745 1112 aspectibus
1773 1059 1898 1099 caro
1941 1061 2084 1101 mor-

499 1130 648 1195 talis,
701 1146 818 1200 qua}
865 1140 1084 1200 pmpter
1123 1143 1356 1188 vestram
1409 1136 1784 1190 mortalitatem
1833 1147 2081 1212 suscepta

501 1229 620 1286 est;
677 1221 1044 1277 indumentum
1095 1223 1230 1293 hoc,
1281 1225 1422 1296 quod
1484 1226 1779 1284 humilitate
1847 1233 2078 1303 suscepi,

498 1311 762 1381 incipiatis
813 1328 916 1367 non
965 1314 1147 1370 videre
1203 1332 1218 1370 :
1269 1316 1473 1371 levetur
1525 1327 1700 1373 tamen
1758 1321 1810 1374 in
1859 1322 2076 1379 ctelum.

499 1414 552 1458 ut
581 1403 798 1459 diseatis
824 1405 947 1474 quid
974 1407 1218 1475 speretis.
1248 1407 1367 1462 Non
1396 1410 1536 1464 enim
1566 1410 1766 1466 dimisit
1794 1412 1878 1467 hic
1908 1415 2078 1485 ipsam

496 1496 766 1563 tunicam,
815 1512 971 1567 quam
1004 1497 1092 1554 hic
1115 1499 1280 1554 voluit
1321 1501 1484 1556 indui.
1533 1501 1665 1557 Nam
1714 1505 1757 1558 si
1810 1505 1895 1561 hic
1934 1507 2076 1565 illam

493 1585 803 1653 dimisisset,
848 1587 1193 1661 desperarent
1222 1606 1412 1647 omnes
1443 1592 1511 1648 de
1544 1598 1933 1655 resurrectione
1960 1616 2079 1656 car-

492 1679 594 1733 nis.
637 1679 792 1734 Modo
817 1681 958 1736 enim
1005 1681 1200 1738 levavit
1227 1699 1344 1738 eam
1377 1685 1431 1740 in
1473 1687 1668 1743 coelum
1693 1731 1708 1758 ,
1755 1701 1807 1745 et
1837 1703 1959 1748 sunt
1988 1696 2076 1765 qui

490 1772 734 1828 dubitent
759 1773 826 1830 de
851 1776 1028 1830 carnis
1055 1778 1466 1834 resurrectione.
1510 1779 1566 1836 Si
1594 1781 1733 1837 Deus
1761 1784 1812 1838 in
1843 1800 1900 1840 se
1931 1787 2074 1843 illam

490 1865 754 1931 ostendit,
804 1866 1001 1922 homini
1048 1877 1334 1939 negaturus
1383 1881 1466 1926 est
1509 1872 1698 1929 illam?
1748 1876 1890 1932 Deus
1930 1879 2075 1935 enim

492 1962 698 2030 accepit
728 1960 870 2015 illam
901 1962 1244 2020 miseratione
1267 2006 1281 2029 ,
1330 1965 1491 2021 homo
1528 1977 1703 2023 autem
1748 1971 2071 2030 conditione.

487 2050 555 2107 Et
586 2061 757 2106 tamen
790 2053 1023 2132 ostendit
1049 2055 1218 2131 illam,
1251 2057 1592 2114 conﬁrmavit
1621 2061 1764 2138 illos,
1797 2072 1850 2118 et
1865 2065 2072 2146 levavit

487 2143 652 2199 illam.
680 2126 949 2202 Subducto
973 2128 1153 2203 autem
1179 2149 1246 2204 ab
1271 2149 1440 2206 oculis
1465 2135 1665 2237 carnali
1695 2136 1948 2226 aspectu,
1957 2157 2069 2228 jam

492 2237 566 2291 illi
600 2238 866 2294 hominem
893 2256 999 2295 non
1027 2241 1290 2297 viderunt.
1323 2244 1378 2297 Si
1408 2245 1535 2314 quid
1563 2255 1678 2301 erat
1718 2247 1772 2302 in
1820 2249 2072 2308 cordibus

484 2345 668 2386 eorum
700 2341 923 2386 tractum
955 2332 1021 2389 de
1050 2333 1316 2390 desiderio
1341 2338 1567 2405 carnali,
1604 2341 1753 2409 quasi
1782 2345 2069 2401 contrista-

486 2431 594 2476 tum
636 2424 796 2478 estin
830 2424 978 2496 ipsis.
1033 2426 1346 2498 Congregati
1392 2441 1516 2484 sunt
1562 2439 1737 2488 tamen
1780 2435 1830 2490 in
1877 2441 2066 2508 unum,

481 2523 535 2568 et
563 2528 838 2584 coeperunt
881 2532 1057 2573 orare.
1115 2518 1208 2574 Ille
1259 2529 1438 2576 autem
1485 2524 1744 2580 missurus
1790 2535 1906 2582 erat
1945 2539 2070 2601 post

486 2607 643 2662 istum
691 2608 873 2664 decem
919 2610 1108 2668 diebus
1152 2613 1477 2685 interpositis
1507 2616 1760 2693 Spiritum
1799 2632 2063 2693 sanetum,

479 2709 536 2754 ut
582 2699 808 2769 Spiritus
857 2712 1072 2758 sanctus
1120 2705 1367 2774 impleret
1409 2722 1503 2762 eos
1551 2723 1734 2766 amore
1783 2713 2064 2784 spirituali,

477 2793 724 2848 auferens
765 2794 843 2849 eis
889 2795 1151 2851 desideria
1195 2799 1446 2853 carnalia.
1508 2799 1757 2858 Faciebat
1817 2819 1912 2860 eos
1953 2806 2065 2877 jam

478 2884 555 2940 sic
597 2885 890 2957 intelligere
917 2886 1190 2944 Christum
1234 2892 1504 2961 quomodo
1534 2903 1650 2948 erat
1680 2895 1912 2953 Verbum
1945 2899 2060 2968 Dei,

481 2977 617 3031 Deus
644 2977 786 3048 apud
813 2979 977 3033 Deum
1002 3021 1018 3047 ,
1061 2996 1154 3048 per
1181 2982 1321 3052 quod
1369 2982 1502 3038 facta
1543 2995 1666 3040 sunt
1705 2990 1902 3043 omnia.
1946 2990 2063 3046 Non

476 3076 654 3122 autem
690 3079 908 3139 possent
951 3071 1159 3141 impleri
1209 3073 1296 3127 tali
1341 3074 1634 3142 intellectu,
1691 3080 1791 3133 nisi
1837 3083 2062 3138 carnalis

480 3158 714 3216 eharitas
742 3161 810 3214 ab
851 3176 1034 3216 eorum
1067 3165 1234 3218 oculis
1277 3165 1630 3224 discessisset.
1667 3171 1732 3225 Et
1761 3173 1880 3228 ideo
1906 3175 2058 3244 dixit,

478 3251 541 3307 Si
575 3269 654 3306 me
683 3253 956 3325 diligentis
981 3295 998 3323 ,
1045 3259 1359 3326 gaudentis,
1402 3261 1520 3329 quia
1558 3278 1615 3316 eo
1646 3265 1785 3333 apud
1814 3265 2060 3334 Patrem;

476 3344 714 3414 quoniam
759 3343 916 3400 Pater
959 3348 1125 3417 maior
1164 3365 1242 3403 me
1289 3359 1379 3405 est.
1430 3351 1734 3410 Secundum
1787 3357 2057 3415 hominem

471 3437 643 3508 major
680 3453 766 3493 me
805 3447 919 3507 est,
973 3443 1192 3512 atqualis
1238 3445 1530 3501 secundum
1573 3448 1740 3505 Deum
1778 3469 1793 3505 :
1835 3455 2058 3523 :equalis

469 3529 758 3586 secundum
787 3541 1060 3601 naturam,
1090 3534 1263 3606 major
1285 3538 1576 3594 secundum
1605 3540 1722 3595 Filii
1751 3544 2055 3601 misericor-

467 3623 630 3680 diam.
680 3624 990 3681 Humiliavit
1031 3627 1172 3682 enim
1218 3644 1374 3695 eum,
1426 3647 1530 3686 non
1574 3633 1705 3687 infra
1738 3651 1796 3690 se
1827 3645 2051 3706 tantum,

466 3715 560 3772 sed
590 3726 644 3772 et
672 3714 808 3772 infra
836 3719 1090 3790 Angelos,
1119 3721 1256 3776 sicut
1282 3721 1550 3791 Scriptura
1579 3724 1710 3780 dicit
1735 3726 1906 3798 (Psat.
1937 3747 2048 3796 vm,

466 3809 545 3882 6).
595 3809 715 3866 Non
754 3819 840 3867 est
886 3812 1100 3880 minor;
1150 3822 1205 3869 et
1246 3815 1292 3869 si
1342 3815 1668 3886 aliquantum
1714 3824 2051 3892 susceptione

464 3903 642 3958 carnis
667 3903 735 3958 ab
764 3905 1067 3976 aequalitate
1098 3905 1272 3962 Patris
1300 3907 1490 3964 videtis
1521 3914 1809 3969 recessisse
1832 3915 2044 3985 Filium,

463 3993 605 4048 unde
661 4010 927 4065 nunquam
994 3995 1195 4052 recedit
1248 4015 1263 4052 :
1309 3999 1405 4055 sed
1453 4002 1762 4072 accipiendo
1828 4022 2045 4065 carnem

463 4083 692 4154 (accepit
715 4086 857 4140 enim
888 4087 1202 4161 hominem),
1236 4105 1339 4146 non
1369 4101 1603 4149 mutatus
1628 4105 1728 4152 est.
1767 4098 2046 4166 Quomodo

460 4176 552 4246 qui
575 4177 765 4246 accipit
784 4187 1006 4248 vestem,
1033 4197 1138 4236 non
1166 4183 1392 4238 vertitur
1419 4185 1472 4240 in
1499 4197 1722 4255 vestem,
1747 4191 1839 4245 sed
1865 4204 2045 4252 manet

462 4269 576 4338 ipse
615 4269 820 4340 integer
845 4269 1008 4327 homo
1051 4272 1194 4329 intus
1225 4291 1240 4330 :
1270 4285 1325 4330 et
1367 4276 1414 4330 si
1442 4289 1657 4335 senator
1698 4283 1920 4354 accipiat
1954 4303 2044 4344 ve-

459 4372 593 4418 stem
625 4363 870 4418 servilem
891 4405 905 4428 ,
934 4364 978 4418 si
1020 4364 1157 4422 forte
1189 4381 1292 4422 non
1322 4377 1500 4439 potest
1530 4372 1727 4429 intrare
1754 4375 1820 4430 ad
1849 4392 2042 4435 conso-

457 4453 672 4510 landum
716 4455 946 4526 aliquem
993 4456 1046 4510 in
1092 4473 1307 4516 carcere
1353 4464 1710 4534 compeditum
1753 4483 1872 4524 eum
1924 4473 2038 4543 ipsa

456 4550 722 4605 senatoria
753 4558 940 4618 veste,
991 4553 1184 4622 accipit
1238 4553 1476 4611 habitum
1518 4563 1782 4629 careeris,
1827 4565 2040 4623 videtur

455 4642 702 4698 sordidus
729 4643 944 4700 habitus
972 4661 1066 4715 per
1095 4647 1476 4704 humanitatem
1501 4667 1516 4716 ;
1559 4654 1652 4708 sed
1692 4657 1832 4711 intus
1857 4669 2037 4716 manet

453 4735 683 4806 dignitas
710 4737 976 4792 senatoria
1005 4746 1150 4793 tanto
1170 4741 1338 4811 magis
1365 4741 1586 4812 integra,
1609 4757 1808 4816 quanto
1834 4751 2036 4821 majore

454 4830 814 4886 misericordia
862 4831 1030 4886 voluit
1075 4831 1217 4903 quod
1261 4831 1576 4891 humilitatis
1626 4847 1742 4894 erat
1790 4842 2029 4903 induere.

451 4924 540 4980 Sic
568 4934 622 4980 et
653 4925 906 4980 Dominus
937 4941 1158 4981 manens
1183 4927 1344 4995 Deus,
1380 4943 1602 4987 manens
1630 4931 1882 5004 Verbum,
1914 4955 2032 4996 ma-

452 5031 584 5073 nens
635 5017 912 5087 sapientia,
965 5032 1186 5074 manens
1230 5020 1398 5076 virtus
1444 5021 1655 5090 divina,
1707 5043 1930 5085 manens
1975 5033 2030 5088 in

450 5111 835 5181 gubernatione
879 5111 1160 5175 emtorem,
1206 5127 1428 5169 manens
1473 5114 1525 5170 in
1571 5117 2031 5182 administratione

449 5212 712 5257 terrarum
738 5244 752 5268 ,
799 5203 1026 5273 implens
1051 5203 1317 5278 Angelos,
1362 5216 1502 5262 totus
1531 5209 1724 5280 ubique
1743 5253 1758 5279 ,
1801 5222 1944 5270 totus
1973 5217 2026 5275 in

448 5293 669 5358 mundo,
700 5301 839 5348 totus
867 5293 917 5348 in
939 5293 1281 5363 Patriarchis,
1311 5306 1453 5354 totus
1478 5300 1527 5353 in
1550 5299 1851 5372 Prophetis,
1886 5316 2028 5366 totus

447 5387 497 5440 in
526 5385 772 5439 omnibus
795 5387 1012 5453 sanctis,
1046 5395 1188 5441 totus
1213 5387 1265 5442 in
1292 5397 1445 5446 utero
1471 5391 1700 5462 Virginis
1724 5437 1739 5461 ,
1769 5398 1834 5452 ad
1861 5399 2021 5456 indu-

447 5477 638 5532 endam
664 5491 898 5542 carnem,
923 5479 988 5533 ad
1013 5481 1434 5552 conjungendam
1461 5484 1562 5540 sibi
1593 5495 1840 5560 tanquam
1868 5509 2028 5564 spon-

445 5583 558 5624 sam
576 5610 591 5636 ,
619 5579 682 5624 ut
713 5569 1028 5641 procederet
1061 5571 1128 5628 de
1172 5573 1406 5633 thalamo
1431 5591 1528 5632 suo
1553 5593 1818 5652 sponsus,
1847 5597 1904 5641 ut
1932 5587 2025 5645 de-

445 5672 726 5734 sponsaret
752 5663 1043 5722 Eeclesiam
1074 5666 1331 5739 virginem
1373 5681 1595 5727 castam.
1639 5675 1722 5731 Ad
1757 5677 1858 5735 hoc
1895 5696 2024 5755 ergo

445 5757 621 5817 minor
639 5755 799 5818 Patre
815 5795 832 5830 ,
858 5761 981 5830 quia
1007 5757 1170 5818 homo
1195 5775 1210 5814 ι
1239 5763 1460 5834 aequalis
1485 5773 1662 5825 autem
1688 5767 1864 5843 Patri,
1895 5775 2017 5846 quia

1736 279 1796 340 S.
1836 281 2200 342 AUGUSTlNl
2240 287 2542 350 EPlSCOPl

3648 314 3788 374 1216

2199 401 2360 460 Deus.
2391 405 2582 464 Tollite
2611 424 2740 482 ergo
2765 412 2832 469 de
2857 417 3034 474 medio
3071 419 3334 481 desideria
3359 427 3611 484 carnalia.
3641 430 3784 487 Tan-

2194 508 2354 564 quam
2381 496 2483 553 hoc
2509 498 2713 558 diceret
2742 506 3011 576 Apostolis
3050 512 3161 568 suis
3190 532 3205 570 :
3235 515 3349 571 Non
3383 518 3542 574 vultis
3579 537 3665 577 me
3704 524 3784 578 di-

2194 587 2403 644 mittere
2453 590 2756 665 (quomodo
2804 605 3170 676 unusquisque
3215 623 3320 663 non
3352 611 3464 665 vult
3509 612 3785 673 dimittere

2193 681 2423 737 amicum
2455 698 2610 742 suum
2631 728 2651 756 ,
2681 698 2930 762 tanquam
2964 695 3149 752 dicens
3176 716 3192 754 :
3222 701 3350 756 Esto
3377 703 3653 759 nobiscum
3675 707 3783 762 ali-

2191 783 2468 842 quantum,
2499 778 2844 851 refrigeratur
2869 786 3043 842 anima
3076 799 3256 846 nostra
3297 794 3512 864 quando
3552 807 3603 853 te
3630 798 3781 854 vide-

2189 864 2331 938 mus)
2358 884 2372 934 ;
2417 871 2510 927 sed
2539 875 2727 930 melius
2758 886 2839 932 est
2871 888 2925 933 ut
2954 881 3107 937 istam
3142 899 3359 941 carnem
3390 903 3499 944 non
3528 891 3777 960 videatis,

2188 1061 2242 1107 et
2271 1070 2357 1110 me
2380 1056 2499 1126 ipso
2527 1061 2720 1132 impleo
2739 1081 2831 1120 vos
2853 1067 3093 1125 interius.
3125 1072 3389 1145 Numquid
3413 1078 3554 1132 enim
3581 1095 3766 1134 secun«

2187 1143 2314 1202 dum
2359 1164 2576 1208 carnem
2618 1165 2670 1209 et
2711 1171 2830 1212 cum
2876 1175 3037 1217 carne
3067 1164 3232 1220 intrat
3282 1170 3331 1221 in
3369 1184 3463 1224 eor
3491 1170 3776 1227 Christus?

2187 1236 2490 1297 Secundum
2529 1245 2860 1305 divinitatem
2887 1256 3124 1322 possidet
3151 1274 3246 1313 cor
3283 1279 3296 1314 :
3324 1264 3618 1319 secundum
3652 1282 3763 1320 caro

2185 1347 2307 1386 nem
2352 1351 2446 1403 per
2472 1339 2657 1394 oculos
2688 1343 2922 1412 loquitur
2944 1349 3010 1402 ad
3053 1366 3164 1418 eor,
3204 1363 3258 1408 et
3298 1355 3547 1413 admonet
3587 1359 3772 1427 foras;

2184 1425 2430 1485 habitans
2465 1433 2624 1502 intus,
2659 1449 2716 1494 ut
2744 1441 2966 1500 interius
2997 1463 3093 1502 nos
3119 1463 3523 1520 convertamur,
3553 1465 3607 1510 et
3631 1456 3773 1511 vivi-

2184 1516 2405 1576 ﬁeemur
2428 1540 2490 1578 ex
2519 1527 2634 1596 ipso
2657 1573 2671 1595 ,
2719 1541 2773 1587 et
2813 1535 3104 1594 formentur
3136 1556 3203 1596 ex
3250 1544 3398 1614 ipso;
3447 1547 3568 1616 quia
3597 1547 3771 1603 forma

2182 1619 2267 1664 est
2292 1616 2529 1672 omnium
2561 1620 2889 1681 infabricata.

2251 1704 2302 1760 5.
2332 1704 2564 1766 Christus
2607 1726 2719 1784 post
2762 1723 3174 1779 resurrectionem
3209 1743 3324 1781 cum
3363 1730 3626 1802 discipulis
3663 1735 3772 1803 agit

2181 1795 2286 1851 dies
2309 1801 2675 1874 quadraginta,
2708 1817 2763 1862 ut
2791 1813 3041 1883 signiﬁcet
3075 1821 3409 1875 necessariam
3457 1795 3538 1876 hic
3571 1841 3772 1895 semper

2177 1889 2330 1957 [idem
2377 1891 2773 1956 Incarnationis.
2818 1905 2962 1977 E'go
3007 1909 3051 1963 si
3099 1912 3447 1984 quadraginta
3485 1917 3602 1972 dies
3643 1889 3772 1973 fecit

2176 1996 2295 2036 cum
2322 1985 2596 2058 discipulis
2617 1993 2730 2048 suis
2753 2036 2766 2063 ,
2791 2011 2896 2052 non
2932 2001 3048 2057 sine
3074 2017 3232 2059 causa
3263 2007 3610 2079 quadraginta
3651 2010 3768 2065 dies

2178 2071 2322 2128 fecit.
2354 2077 2513 2135 Forte
2538 2082 2849 2144 sufﬁcerent
2885 2091 3067 2162 viginti
3093 2137 3106 2160 ,
3151 2071 3716 2172 sufﬁcerentvtriginta
3748 2121 3764 2158 :

2174 2169 2520 2242 quadraginta
2548 2176 2662 2233 dies
2692 2181 3022 2252 dispensatio
3049 2197 3134 2244 est
3159 2192 3320 2247 totius
3356 2193 3514 2264 hujus
3557 2169 3763 2252 saeculi.

2172 2260 2471 2332 Aliquando
2501 2267 2623 2324 inde
2653 2276 2998 2332 tractavimus
3027 2293 3244 2352 propter
3267 2260 3542 2342 denarium
3567 2305 3766 2346 nume4

2173 2366 2289 2407 rum
2333 2367 2520 2425 quater
2557 2360 2798 2418 ductum.
2839 2367 3216 2429 Commemoro
3246 2391 3341 2432 vos
3381 2380 3470 2449 qui
3514 2381 3740 2438 audistis

2175 2444 2431 2503 Denarius
2461 2451 2603 2507 enim
2633 2471 2885 2516 numerus
2925 2471 3088 2519 totam
3119 2469 3434 2538 sapientiam
3471 2473 3739 2544 signiﬁcat

2171 2535 2297 2593 lirec
2342 2542 2602 2610 sapientia
2649 2547 2954 2620 dispensata
3022 2565 3104 2612 est
3154 2535 3249 2629 per
3302 2535 3547 2633 quatuor:
3580 2577 3762 2636 partes

2171 2632 2374 2698 mundi,
2407 2650 2500 2704 per
2529 2645 2698 2695 totum
2724 2645 2908 2700 orbem
2945 2657 3207 2707 terrarum
3245 2632 3333 2710 :et
3360 2665 3600 2728 tempora
3629 2677 3763 2731 qua-

2169 2723 2383 2782 drifaria
2420 2730 2769 2802 dispositione
2807 2738 3208 2810 dispertiuntur.
3245 2747 3378 2802 Nam
3409 2723 3581 2807 annus
3625 2770 3760 2824 qua-

2169 2823 2288 2869 tuor
2314 2826 2554 2890 tempora
2583 2824 2738 2882 habet
2769 2846 2781 2882 :
2807 2839 2860 2884 et
2883 2834 3111 2889 mundus
3133 2848 3360 2907 quatuor
3383 2842 3631 2899 cardines
3655 2844 3758 2900 ha-

2169 2904 2284 2962 bet.
2308 2909 2502 2967 Decem
2532 2929 2659 2986 ergo
2687 2929 2873 2988 quater
2901 2923 3042 2980 ducti
3066 2904 3542 3002 quadragenarium
3569 2953 3761 2993 nume-

2167 3013 2284 3052 rum
2308 2999 2522 3059 habent.
2553 3006 2676 3062 Ideo
2699 3021 2875 3067 autem
2913 3017 3256 3088 quadraginta
3276 2999 3476 3079 vdiebus
3494 3026 3759 3096 jejunavit

2167 3087 2422 3148 Dominus
2447 3095 2654 3170 (Matth.
2683 3118 2754 3168 ιν,
2781 3102 2860 3176 2),
2883 3087 3170 3166 ostendens
3191 3113 3344 3170 nobis
3369 3087 3746 3176 abstinentiam

2165 3182 2231 3235 ab
2258 3187 2399 3240 omni
2427 3193 2769 3262 corruptione
2798 3211 2916 3253 esse
2947 3200 3141 3256 debere
3180 3203 3454 3277 ﬁdelibus,
3491 3211 3750 3280 quamdiu

2163 3286 2286 3331 sunt
2331 3283 2385 3334 in
2428 3282 2525 3338 hoc
2564 3289 2782 3342 mundo.
2826 3291 3182 3366 Quadraginta
3219 3297 3446 3366 diebus,
3489 3305 3754 3374 jejunavit

2163 3368 2306 3425 Elias
2333 3371 2422 3445 (ΙΙΙ
2452 3374 2580 3448 Reg.
2611 3395 2718 3445 nx,
2743 3382 2828 3453 8).
2857 3395 3074 3455 gestans
3102 3405 3382 3458 personam
3422 3368 3748 3468 Prophetia,

2161 3463 2450 3521 ostendens
2475 3469 2597 3537 quia
2633 3479 2689 3526 et
2710 3473 2760 3526 in
2790 3473 3073 3546 Prophetia
3103 3480 3206 3537 hoc
3229 3483 3472 3541 docetur.
3504 3463 3750 3558 Quadra;

2156 3552 2301 3622 ginta
2327 3555 2518 3614 diebus
2535 3561 2794 3630 jejunavit
2825 3567 3033 3641 Moyses
3057 3572 3248 3642 (Exod.
3282 3593 3468 3647 xxuv,
3611 3624 3626 3650 ,
3655 3584 3747 3654 qui

2158 3647 2374 3717 gerebat
2402 3666 2682 3719 personam
2713 3657 2868 3729 Legis
2889 3703 2902 3726 ,
2931 3666 3222 3722 ostendens
3261 3672 3382 3740 quia
3423 3684 3478 3728 et
3523 3647 3577 3729 in
3600 3647 3746 3748 Lege

2158 3737 2259 3794 hoc
2302 3740 2543 3798 docetur.
2586 3747 2942 3822 Quadraginta
2979 3759 3132 3813 annis
3158 3737 3346 3818 ductus
3389 3776 3473 3823 est
3513 3737 3746 3840 populus

2156 3829 2316 3887 lsrael
2344 3834 2395 3888 in
2419 3850 2600 3891 eremo
2626 3839 2812 3912 (Nam.
2845 3861 3011 3914 xxx",
3038 3851 3147 3922 l5).
3173 3829 3529 3928 Quadraginta
3550 3829 3743 3920 diebus

2153 3937 2279 3980 arca
2310 3926 2360 3980 in
2389 3927 2588 3986 diluvio
2624 3931 2913 4002 ﬂuctuavit,
2943 3957 3062 4010 quae
3090 3959 3214 4001 arca
3243 3926 3480 4007 Ecclesia
3509 3964 3594 4010 est
3619 3973 3635 3988 ·
3667 3957 3737 4012 Ιί-

2151 4018 2268 4088 gnis
2294 4019 2704 4089 imputribilibus
2720 4027 2896 4098 facta;
2926 4034 3062 4105 ligna
3095 4039 3435 4109 imputribilia
3463 4057 3589 4102 sunt
3617 4051 3739 4105 ani-

2151 4123 2252 4163 ma:
2279 4122 2583 4169 sanctorum
2611 4127 2666 4171 et
2697 4119 2960 4188 justorum
2993 4144 3008 4181 :
3043 4126 3245 4188 habens
3275 4141 3451 4190 tamen
3482 4140 3735 4199 animalia

2149 4202 2344 4257 munda
2365 4214 2415 4259 et
2443 4207 2710 4264 immunda
2734 4229 2748 4276 ;
2772 4216 2894 4284 quia
2914 4220 3164 4287 quamdiu
3197 4224 3388 4279 vivitur
3411 4228 3463 4282 in
3494 4231 3595 4288 hoc
3625 4250 3733 4290 sae-

2147 4294 2266 4348 culo
2291 4307 2344 4350 et
2375 4313 2468 4367 per
2495 4301 2821 4372 Baptismum
2853 4319 3101 4382 tanquam
3134 4331 3228 4385 per
3255 4319 3508 4378 diluvium
3549 4327 3720 4384 Eccle-

2146 4387 2219 4441 sia
2245 4402 2522 4460 purgatur,
2558 4411 2662 4451 non
2694 4409 2867 4467 potest
2892 4403 2995 4458 nisi
3023 4405 3221 4464 habere
3246 4409 3414 4468 bonos
3441 4425 3498 4470 et
3517 4419 3689 4475 malos
3710 4436 3730 4477 '.

2144 4479 2264 4534 ideo
2284 4497 2404 4538 arca
2423 4485 2505 4540 illa
2528 4496 2581 4541 et
2605 4492 2798 4546 munda
2817 4504 2870 4548 et
2891 4495 3160 4554 immunda
3184 4500 3432 4559 habebat.
3450 4507 3557 4563 Sed
3581 4519 3729 4580 post-

2141 4585 2363 4641 eaquam
2415 4577 2576 4632 exivit
2607 4580 2727 4636 inde
2760 4583 2872 4640 Noe
2897 4629 2912 4653 ,
2950 4603 3053 4644 non
3097 4589 3222 4647 fecit
3251 4577 3726 4659 sacriﬁcium—Deo

2142 4663 2241 4717 nisi
2271 4665 2338 4719 de
2361 4669 2570 4724 mundis
2599 4672 2914 4732 animalibus
2941 4678 3094 4748 (Gen.
3124 4691 3343 4757 vn-vm).
3380 4687 3533 4745 Unde
3561 4693 3722 4748 debe-

2140 4769 2256 4809 mus
2285 4756 2576 4830 intelligere
2605 4765 2726 4833 quia
2753 4765 2806 4822 in
2831 4783 2952 4825 area
2979 4772 3077 4828 ista
3105 4784 3158 4829 et
3185 4779 3381 4835 munda
3407 4791 3460 4836 et
3488 4783 3724 4841 immun—

2137 4844 2203 4901 da
2231 4849 2478 4906 animalia
2503 4865 2645 4923 sunt,
2671 4858 2767 4914 sed
2791 4871 2912 4930 post
2929 4863 3182 4923 diluvium
3213 4873 3368 4929 istum
3394 4892 3499 4932 non
3527 4880 3719 4951 accipit

2140 4939 2281 4996 Deus
2307 4943 2408 4998 nisi
2439 4961 2532 5001 eos
2567 4950 2654 5018 qui
2695 4967 2755 5006 se
2784 4955 3193 5016 mundaverunt.
3237 4965 3375 5036 Ergo
3418 4977 3588 5027 totum
3618 4939 3720 5031 hoc

2139 5039 2344 5102 tempus
2373 5038 2512 5105 quod
2542 5040 2764 5108 videtur,
2797 5045 3010 5114 fratres,
3036 5067 3132 5120 pro
3155 5057 3498 5129 quadraginta
3525 5065 3714 5125 diebus

2135 5121 2402 5182 habetote.
2450 5130 2638 5186 Totum
2683 5134 2786 5192 hoc
2823 5147 3060 5209 tempus,
3102 5151 3353 5215 quamdiu
3383 5155 3465 5208 hic
3496 5172 3710 5228 sumus,

2131 5232 2255 5274 arca
2283 5229 2365 5276 est
2405 5223 2457 5278 in
2497 5223 2696 5284 diluvio
2724 5247 2741 5285 :
2765 5233 3020 5301 quamdiu
3058 5236 3390 5310 baptizantur
3427 5223 3714 5308 Christiani
3808 5321 3834 5334 π

2132 5321 2188 5367 et
2213 5329 2307 5382 per
2331 5330 2521 5387 aquam
2553 5323 2894 5395 mundantur,
2924 5340 3108 5388 natare
3135 5336 3344 5392 videtur
3369 5355 3492 5396 arca
3536 5346 3588 5399 in
3615 5347 3712 5402 llu-

2131 5405 2306 5462 ctibus
2326 5448 2339 5472 ,
2374 5424 2491 5479 quae
2535 5415 2880 5487 quadraginta
2908 5421 3094 5480 diebus
3131 5427 3182 5481 in
3213 5445 3347 5502 aqua
3378 5438 3706 5495 versabatur.

2133 5497 2390 5556 Dominus
2420 5513 2594 5559 autem
2644 5524 2864 5568 manens
2889 5529 3010 5570 cum
3051 5518 3323 5591 discipulis
3352 5541 3447 5596 per
3473 5531 3704 5600 quadra-

2129 5591 2271 5661 ginta
2317 5593 2469 5662 dies,
2502 5598 2802 5669 signiﬁcare
2845 5605 3089 5679 dignatus
3134 5622 3216 5669 est
3255 5591 3376 5686 quia
3429 5591 3525 5690 per
3570 5626 3710 5683 ismd

2132 5693 2338 5756 tempus
2387 5695 2686 5749 necessaria
2735 5706 2819 5753 est
2855 5703 3102 5759 omnibus
3151 5705 3282 5764 ﬁdes
3328 5711 3709 5775 lncarnationis

2128 5779 2326 5837 Christi
2371 5800 2385 5836 π
2427 5800 2545 5854 quae
2585 5789 2805 5848 inﬁrmis
2843 5803 2927 5851 est
2963 5801 3280 5858 necessaria.
3328 5801 3384 5861 Si
3419 5818 3566 5866 esset
3590 5811 3711 5873 Jam
