4102 6326
370 286 508 347 1217

364 407 574 474 oculus,
604 406 691 476 qui
721 404 923 460 videret
951 403 1016 457 In
1043 399 1291 473 principio
1315 406 1422 454 erat
1461 395 1672 452 Verbum
1695 391 1874 467 (Joan.
1898 394 1939 457 ι,

367 500 458 574 1),
484 500 572 572 qui
601 499 844 566 videret,
877 497 967 569 qui
991 504 1237 563 teneret,
1264 494 1353 565 qui
1379 492 1789 563 amplecteretur
1810 531 1823 554 ,
1853 486 1944 559 qui

367 592 647 658 frueretur,
673 608 775 646 non
802 606 936 660 opus
961 599 1075 645 erat
1098 596 1153 642 ut
1175 586 1405 642 Verbum
1434 599 1560 639 caro
1591 583 1741 637 ﬁeret
1768 592 1819 635 et
1846 580 1945 634 ha-

365 685 559 740 bitaret
584 685 635 739 in
668 683 819 737 nobis
844 700 857 737 :
883 682 975 737 sed
998 681 1119 751 quia
1149 679 1214 734 ad
1241 678 1369 732 illud
1390 675 1675 731 tenendum
1697 684 1751 729 et
1777 672 1947 727 fruen-

364 778 492 833 dum
514 786 808 832 excmcatus
837 784 953 831 erat
981 774 1165 828 oculus
1196 772 1415 827 interior
1447 770 1664 841 pulvere
1692 774 1947 837 peccato-

368 884 505 933 rum,
530 868 638 938 jam
666 884 771 921 non
799 874 914 922 erat
940 866 1077 920 unde
1106 863 1489 933 intelligeretur
1516 861 1778 922 Verbum;
1809 854 1949 925 quod

367 961 611 1029 dignatus
654 970 735 1014 est
773 974 897 1013 caro
950 958 1098 1022 ﬁeri,
1148 965 1204 1011 ut
1252 953 1599 1009 mandaretur
1642 965 1746 1020 quo
1786 946 1951 1016 possit

368 1062 551 1122 postea
578 1050 743 1105 videri
766 1093 778 1115 ,
809 1049 951 1120 quod
974 1048 1130 1103 modo
1158 1063 1266 1103 non
1292 1054 1486 1116 potest.
1511 1042 1643 1109 Quia
1673 1055 1799 1109 ergo
1836 1037 1950 1092 dis-

374 1145 616 1216 pensatio
638 1143 814 1198 carnis
840 1142 1038 1197 Christi
1077 1141 1196 1195 huic
1230 1141 1353 1194 vita:
1382 1137 1626 1192 ﬁdelibus
1651 1130 1951 1188 necessaria

366 1248 471 1302 est,
501 1254 594 1308 per
619 1253 773 1307 quam
806 1233 1023 1289 tendant
1051 1232 1114 1287 ad
1147 1230 1451 1293 Dominum;
1480 1242 1602 1281 eum
1622 1233 1797 1279 autem
1825 1237 1952 1276 ven-

367 1339 479 1384 tum
526 1329 684 1383 fuerit
725 1328 789 1382 ad
818 1325 1052 1395 speciem
1083 1324 1227 1378 illam
1274 1320 1473 1384 Verbi,
1516 1318 1689 1372 omnis
1724 1313 1952 1369 carnalis

353 1402 701 1491 ~diSpensatio
760 1433 865 1472 non
915 1417 1016 1471 erit
1047 1412 1345 1469 necessaria
1391 1429 1404 1465 :
1457 1409 1577 1464 ideo
1619 1403 1952 1462 conversatio

371 1517 538 1585 ipsius
564 1514 617 1568 in
640 1528 800 1566 carne
828 1518 948 1580 post
992 1506 1435 1563 resurrectionem
1469 1518 1565 1573 per
1604 1498 1950 1570 quadraginta

356 1599 481 1659 dies
527 1612 642 1658 erat
694 1600 1027 1666 necessaria,
1071 1609 1125 1653 ut
1168 1598 1560 1651 demonstraret
1599 1590 1797 1646 tamdiu
1836 1602 1954 1643 esse

351 1681 718 1752 'necessariam
759 1694 912 1748 Iidem
942 1691 1326 1747 Incarnationis
1346 1687 1575 1750 Christi.
1611 1684 1862 1757 quamdiu
1896 1681 1953 1734 in

370 1792 467 1845 ista
495 1792 598 1843 vita
625 1789 847 1843 ducetur
877 1801 998 1840 arca
1028 1786 1078 1838 in
1101 1783 1301 1838 diluvio
1324 1782 1605 1835 ﬂuctuare.
1646 1778 1783 1831 Ecce
1810 1772 1953 1845 quod

373 1881 506 1943 ilico,
543 1880 732 1934 fratres
772 1897 783 1909 ·
831 1877 1031 1932 credite
1059 1877 1109 1929 in
1141 1874 1322 1929 Jesum
1360 1872 1631 1927 Christum
1675 1878 1854 1922 natum
1887 1865 1954 1919 de

372 1972 528 2026 Maria
558 1973 759 2041 virgine
782 2012 796 2034 ,
823 1968 1130 2024 cruciﬁxum
1163 1963 1538 2019 resurrexisse.
1570 1959 1687 2013 Non
1713 1971 1847 2026 opus
1874 1963 1956 2009 est

370 2076 430 2119 ut
458 2065 847 2133 interrogemus
895 2068 1011 2131 post
1040 2056 1179 2112 istud
1208 2054 1491 2119 sarculum,
1534 2052 1655 2120 quia
1682 2049 1794 2118 jam
1824 2044 1953 2100 illud

371 2158 670 2226 accepimus
698 2156 747 2209 in
780 2154 882 2208 ﬁde
910 2171 922 2207 :
950 2164 1192 2207 tenemus
1223 2148 1388 2211 illud;
1420 2142 1714 2200 inﬁrmitati
1758 2149 1954 2194 nostra:

372 2250 726 2305 necessarium
748 2256 846 2301 est.
872 2248 1059 2301 Putate
1080 2258 1206 2312 ergo
1231 2242 1540 2296 charitatcm
1560 2237 1767 2307 gallina:
1790 2234 1953 2298 illius,

372 2358 486 2411 quae
509 2340 736 2409 protegit
762 2338 1123 2391 inﬁrmitatem
1148 2341 1381 2387 nostram
1412 2328 1625 2399 (Matth.
1651 2342 1798 2390 mn,
1828 2322 1952 2393 57):

374 2443 551 2504 putate
574 2431 1001 2500 essejumentum
1031 2422 1391 2480 misericordis
1421 2422 1558 2474 illius
1591 2415 1948 2480 transeuntis,

370 2525 422 2580 in
451 2524 591 2594 quod
618 2524 807 2577 levavit
833 2520 1162 2591 languidum,
1195 2517 1284 2587 qui
1310 2515 1621 2568 vulneratus
1651 2516 1768 2565 erat
1789 2507 1808 2579 (
1828 2507 1953 2561 Luc.

370 2633 425 2683 κ,
458 2615 671 2684 ’ὅθ-54).
702 2613 922 2669 Levavit
963 2612 1105 2666 enim
1147 2610 1334 2671 illum,
1366 2606 1509 2676 quo?
1553 2605 1609 2658 ιιι
1652 2604 1955 2672 jumentum

374 2721 546 2761 suum.
574 2706 877 2761 Jumentum
910 2702 1118 2757 Domini
1140 2716 1262 2754 caro
1284 2707 1387 2752 est.
1417 2698 1555 2765 Ergo
1578 2709 1698 2749 cum
1729 2692 1959 2747 transie-

376 2799 444 2853 rit
473 2798 572 2852 hoc
599 2797 871 2858 smculum,
905 2793 1031 2863 quid
1064 2793 1156 2846 tibi
1181 2789 1424 2845 dicetur?
1454 2788 1588 2855 Quia
1617 2794 1763 2840 recte
1785 2783 1961 2839 credi-

374 2887 497 2951 disti
529 2888 581 2941 in
603 2901 819 2941 carnem
849 2884 1074 2948 Christi,
1104 2881 1262 2935 modo
1294 2881 1469 2934 fruere
1497 2877 1776 2946 majestate
1797 2884 1851 2930 et
1875 2875 1958 2929 di-

376 2981 593 3034 vinitate
632 2978 851 3034 Christi.
891 2973 1237 3032 Necessarius
1286 2970 1383 3025 fuit
1431 2969 1672 3023 inlirmus
1709 2966 1958 3033 inﬁrmo,

377 3070 704 3127 necessarius
725 3070 828 3125 erit
858 3068 1004 3122 fortis
1028 3066 1170 3120 forti.

446 3163 499 3218 6.
544 3161 724 3218 Carnis
760 3159 1050 3215 resurrectio
1104 3160 1294 3228 futura.
1328 3155 1459 3222 Quia
1505 3161 1558 3207 et
1601 3159 1656 3206 tu
1692 3151 1961 3221 deponere

377 3258 540 3314 habes
563 3257 733 3326 ipsam
760 3253 1140 3315 inﬁrmitatem,
1160 3249 1310 3319 juxta
1336 3246 1477 3317 quod
1500 3244 1696 3300 audisti
1747 3242 1797 3296 in
1822 3244 1964 3311 Apo-

375 3351 513 3405 stolo
539 3368 551 3403 :
584 3348 792 3418 Oportet
817 3344 1141 3413 corruptibile
1172 3344 1263 3395 hoc
1290 3341 1496 3394 induere
1512 3336 1959 3406 incorruptionem,

375 3452 421 3495 et
464 3440 673 3495 mortale
718 3441 811 3493 hoc
854 3439 1061 3491 induere
1099 3433 1547 3487 immortalitatem.
1583 3429 1715 3496 Quia
1753 3443 1872 3480 caro
1919 3435 1964 3479 et

376 3534 610 3603 sanguis,
641 3533 745 3594 ait,
776 3546 985 3600 regnum
1015 3527 1110 3579 Dei
1140 3544 1240 3579 non
1272 3524 1593 3592 possidebunt
1620 3519 1672 3591 (1
1700 3520 1817 3574 Cor.
1855 3535 1921 3573 xv
1945 3560 1959 3584 ,

378 3624 468 3689 5'5,
493 3622 605 3693 50).
645 3622 820 3689 Quare
864 3634 968 3673 non
1000 3616 1385 3686 possidebunt?
1415 3614 1535 3684 quia
1582 3628 1686 3666 non
1724 3618 1966 3680 resurget

378 3713 547 3768 caro?
578 3712 727 3766 Absit
758 3730 770 3764 :
795 3718 1037 3778 resurget
1066 3723 1212 3772 caro,
1236 3706 1329 3760 sed
1357 3704 1479 3775 quid
1510 3703 1608 3758 ﬁt?
1632 3703 1963 3769 lmmutatur,

383 3814 439 3860 et
466 3804 524 3857 ﬁt
550 3805 663 3873 ipsa
689 3818 882 3871 corpus
903 3802 1121 3857 eteleste
1147 3810 1199 3853 et
1229 3798 1543 3868 angelicum.
1570 3795 1831 3865 Numquid
1850 3811 1968 3850 car—

380 3911 503 3950 nem
532 3894 727 3948 habent
765 3894 981 3964 Angeli?
1008 3892 1111 3946 Sed
1141 3891 1243 3944 hoc
1272 3891 1524 3952 interest,
1560 3892 1680 3957 quia
1713 3887 1810 3941 ista
1843 3902 1967 3941 caro

378 3994 660 4055 resurget,
691 3985 789 4038 ista
816 3985 927 4053 ipsa
955 3999 1073 4053 quae
1104 3982 1358 4051 sepelitur
1380 4023 1394 4047 ,
1431 3996 1548 4049 quae
1576 3979 1837 4041 moritur;
1870 3979 1967 4032 ista

383 4094 501 4148 quae
531 4076 758 4142 videtur,
788 4091 906 4145 qua:
934 4076 1175 4144 palpatur
1199 4115 1213 4140 ,
1243 4073 1326 4127 cui
1359 4087 1492 4142 epus
1533 4080 1614 4125 est
1645 4070 1969 4124 manducare

383 4181 438 4225 et
464 4171 663 4236 bibere,
695 4180 751 4223 ut
780 4168 948 4237 possit
970 4167 1185 4231 durare;
1213 4182 1331 4235 qua:
1352 4170 1594 4233 :cgrotat,
1618 4179 1736 4233 qua:
1758 4163 1970 4216 dolores

381 4260 599 4333 patitur,
635 4261 744 4330 ipsa
774 4259 932 4314 habet
956 4273 1258 4327 resurgere,
1288 4256 1440 4310 malis
1468 4256 1532 4309 ad
1556 4270 1741 4324 pcenas
1771 4254 1969 4323 sempi-

383 4362 561 4409 ternas
591 4395 605 4420 ,
648 4353 800 4407 bonis
849 4360 1026 4406 autem
1080 4359 1137 4404 ut
1166 4358 1582 4404 commutentur.
1629 4347 1759 4402 Cum
1812 4347 1969 4401 fuerit

383 4454 727 4507 commutata,
760 4443 882 4514 quid
916 4443 1005 4496 ﬁet
1028 4442 1050 4495 ?
1071 4441 1187 4496 Jam
1218 4456 1414 4509 corpus
1431 4440 1648 4494 caeleste
1671 4438 1966 4501 vocabitur,

386 4552 492 4590 non
523 4551 648 4590 caro
688 4534 926 4587 mortalis
953 4550 966 4585 :
996 4533 1119 4602 quia
1167 4531 1375 4600 Oportet
1418 4528 1744 4599 corruptibile
1774 4528 1866 4580 hoc
1891 4526 1970 4580 in-

385 4628 538 4681 duere
556 4627 981 4696 incorruptionem
1001 4664 1016 4690 ,
1045 4633 1091 4676 et
1117 4623 1328 4676 mortale
1354 4623 1446 4675 hoc
1467 4621 1676 4674 induere
1707 4620 1968 4672 immorta-

385 4719 595 4772 litatem.
627 4717 882 4771 Mirantur
911 4724 1085 4771 autem
1115 4715 1158 4768 si
1188 4713 1311 4768 facit
1334 4714 1474 4767 Deus
1502 4712 1567 4767 de
1592 4726 1754 4766 carne
1777 4724 1972 4780 corpus

389 4810 626 4873 cmleste,
654 4810 742 4877 qui
774 4808 841 4862 de
861 4808 1027 4861 nihilo
1057 4804 1181 4861 fecit
1208 4806 1406 4859 omnia.
1435 4805 1489 4858 lu
1522 4819 1684 4859 carne
1708 4803 1968 4858 constitu-

387 4911 475 4958 tus
506 4903 764 4957 Dominus
794 4901 858 4956 de
884 4916 1017 4970 aqua
1043 4901 1222 4954 vinum
1254 4898 1379 4952 fecit
1400 4938 1414 4962 ,
1443 4905 1497 4951 et
1526 4897 1717 4950 mirum
1740 4904 1821 4950 est
1840 4899 1883 4949 si
1906 4894 1972 4949 de

386 5009 548 5049 carne
590 5007 784 5063 corpus
831 4992 1049 5047 caeleste
1094 4989 1269 5045 facere
1322 4987 1592 5059 potuerit?
1634 4986 1807 5041 Nolite
1844 5000 1973 5056 ergo

388 5084 630 5141 dubitare
672 5083 739 5138 de
778 5084 888 5137 Deo
913 5082 1035 5152 quia
1064 5092 1252 5150 potens
1276 5087 1358 5134 est
1402 5077 1527 5132 illud
1556 5076 1750 5132 facere.
1783 5077 1969 5147 Angeli

387 5184 445 5230 ut
473 5183 654 5230 essent
678 5216 692 5238 ,
717 5173 848 5227 nihil
877 5180 1059 5236 erant;
1082 5170 1174 5225 sed
1198 5171 1362 5239 ipsius
1390 5168 1666 5238 majestate
1688 5178 1807 5221 sunt
1832 5166 1973 5237 quod

386 5275 528 5322 sunt.
562 5266 660 5331 Qui
693 5264 860 5333 potuit
881 5274 931 5317 te
951 5260 1127 5317 facere
1162 5276 1280 5315 cum
1328 5275 1430 5314 non
1459 5274 1605 5313 esses
1625 5300 1640 5325 ,
1666 5274 1769 5313 non
1801 5266 1975 5328 potest

387 5370 637 5425 reparare
667 5354 808 5424 quod
853 5353 1030 5407 fueras
1055 5394 1069 5418 ,
1112 5360 1166 5408 et
1193 5368 1298 5406 non
1344 5359 1520 5420 potest
1558 5350 1686 5405 dare
1712 5350 1970 5406 honorem

387 5449 643 5506 claritatis
660 5448 780 5503 ﬁdei
804 5461 906 5503 tua:
927 5456 1142 5519 propter
1164 5447 1330 5516 ipsam
1354 5445 1769 5499 incarnationem
1798 5445 1974 5498 suam?

390 5540 532 5613 Ergo
558 5556 679 5596 cum
708 5541 1015 5597 transierint
1041 5539 1139 5595 ista
1158 5581 1173 5605 ,
1195 5538 1375 5593 veniet
1396 5537 1552 5593 nobis
1580 5536 1709 5591 illud
1731 5536 1870 5606 quod
1900 5537 1974 5591 ait

389 5633 623 5691 Joannes
652 5652 666 5688 ;
690 5634 1012 5691 Dilectissimi
1030 5676 1046 5702 ,
1077 5633 1171 5703 ﬁlii
1199 5631 1296 5687 Dei
1322 5648 1494 5686 sumus
1518 5672 1533 5699 ,
1568 5640 1615 5685 et
1636 5630 1856 5685 nondum
1876 5648 1972 5701 ap-

392 5730 561 5799 paruit
586 5730 719 5800 quod
740 5731 925 5786 erimus
950 5742 970 5784 :
993 5727 1179 5785 scimus
1200 5726 1320 5799 quia
1344 5742 1457 5781 cum
1484 5724 1810 5796 apparuerit,
1831 5723 1972 5781 simi-

1734 274 1958 333 SERMO
2011 273 2280 331 CCLXIV.

3503 275 3641 334 1218

2054 394 2125 447 les
2144 393 2190 447 ei
2216 392 2416 457 erimus,
2442 390 2678 462 quoniam
2706 388 2978 446 uidebimus
3011 406 3124 445 eum
3157 392 3285 447 sicut
3310 400 3381 447 est
3408 390 3462 467 (l
3478 393 3637 451 Joan.

2054 500 2127 550 ιιι,
2156 483 2234 555 2).
2270 484 2346 538 Ad
2375 484 2526 539 istam
2567 485 2824 539 visionem
2855 500 2947 539 vos
2976 493 3185 555 parate,
3219 485 3427 540 interim
3449 500 3638 557 quam-

2055 576 2142 631 diu
2165 576 2215 629 in
2230 576 2529 631 carneestis
2546 575 2745 632 credite
2759 576 2811 631 in
2830 576 3099 632 Christum
3119 576 3471 643 incarnatum;
3490 588 3544 633 et
3564 579 3641 635 sic

2054 666 2258 723 credite
2275 708 2289 734 ,
2315 676 2370 722 ut
2397 684 2501 722 non
2537 669 2731 738 putetis
2757 669 3005 723 seductos
3028 684 3124 723 vos
3146 684 3264 724 esse
3285 670 3458 741 aliqua
3492 670 3639 725 falsi-

2057 770 2180 825 tate.
2198 761 2472 832 Nunquam
2495 764 2634 817 c-nim
2657 763 2911 817 mentitur
2924 763 3119 818 veritas
3138 779 3150 815 :
3168 778 3289 816 nam
3308 764 3350 817 si
3366 763 3638 830 mentitur,

2054 870 2159 925 quo
2190 854 2327 908 imus
2354 853 2422 907 ad
2444 854 2898 925 consilium?quid
2927 854 3191 910 faciams?
3216 855 3298 909 cui
3346 870 3443 910 nos
3471 856 3642 911 credi-

2057 950 2217 1002 mus“!
2242 949 2377 1018 Ergo
2398 948 2596 1002 veritas
2622 990 2635 1015 ,
2661 948 2892 1004 Verbum
2921 965 3104 1004 verum
3127 989 3141 1015 ,
3190 949 3447 1018 sapientia
3495 966 3639 1016 vera,

2056 1041 2222 1096 virtus
2249 1040 2343 1096 Dei
2368 1056 2491 1096 vera
2515 1058 2526 1093 :
2546 1040 2755 1094 Verbum
2777 1058 2894 1095 caro
2921 1046 3108 1113 factum
3137 1052 3207 1095 est
3226 1040 3359 1115 (Id.,
3386 1043 3493 1113 14),
3517 1058 3642 1098 vera

2056 1147 2200 1187 caro.
2228 1131 2463 1203 Palpate,
2488 1142 2531 1185 et
2554 1131 2730 1197 videte,
2756 1132 2849 1198 ait,
2879 1133 2993 1203 quia
3023 1133 3230 1203 spiritus
3255 1149 3368 1186 ossa
3399 1142 3443 1186 et
3469 1148 3642 1187 nervos

2058 1242 2159 1280 non
2184 1225 2497 1291 habet,sicut
2527 1241 2605 1277 me
2632 1224 2804 1278 videtis
2828 1224 3006 1278 habere
3034 1224 3184 1295 (Luc.
3216 1241 3364 1292 xxrv,
3385 1224 3643 1296 ‘59).Ve‘ra

2057 1318 2197 1373 enim
2221 1332 2339 1372 ossa
2382 1326 2553 1384 erant,
2585 1318 2691 1373 veri
2717 1319 2862 1373 nervi
2890 1360 2905 1387 ,
2937 1334 3078 1373 verae
3120 1320 3431 1375 cicatrices:
3459 1335 3640 1375 verum

2057 1411 2309 1481 quidquid
2337 1413 2649 1483 tangebatur
2673 1452 2687 1475 ,
2722 1427 2905 1466 verum
2948 1411 3199 1482 quidquid
3228 1413 3639 1485 intelligebatur.

2059 1504 2391 1573 Tungebatut‘
2421 1504 2583 1559 homo
2606 1547 2621 1571 ,
2654 1504 3049 1576 intelligebatur
3090 1503 3230 1559 Deus
3270 1522 3282 1557 :
3331 1506 3648 1575 tangebatur

2058 1611 2203 1663 caro,
2235 1598 2627 1669 intelligebatur
2650 1600 2907 1669 sapientia
2937 1618 2949 1653 :
2984 1598 3303 1669 tangebatur
3328 1600 3605 1656 inﬁrmitas
3626 1641 3641 1667 ,

2059 1690 2450 1761 intelligebatur
2476 1692 2730 1762 potentia.
2765 1692 2953 1747 Totum
2980 1708 3186 1747 verum.
3212 1691 3409 1746 Tamen
3433 1692 3631 1748 deinde

2058 1800 2183 1839 caro
2232 1784 2285 1838 in
2334 1785 2525 1839 coelum
2572 1785 2883 1854 prmcessit,
2931 1785 2982 1839 id
3024 1793 3105 1839 est
3132 1792 3310 1854 caput.
3345 1785 3645 1854 Sequentur

2059 1885 2251 1931 caetera
2275 1877 2532 1931 membra.
2563 1878 2772 1943 Quare?
2793 1876 2923 1945 Quia
2952 1883 3163 1946 oportet
3192 1885 3247 1931 ut
3266 1876 3643 1931 dormitionem

2060 1968 2331 2041 accipiant
2347 1972 2581 2025 membra
2616 1971 2711 2025 ista
2742 1971 3091 2040 aliquantum,
3118 1978 3171 2023 et
3199 1980 3479 2039 resurgant
3510 1978 3644 2022 tem-

2063 2080 2187 2134 pore
2213 2079 2309 2117 suo
2339 2078 2547 2119 omnes.
2577 2063 2631 2119 Si
2659 2072 2713 2118 et
2730 2063 2983 2117 Dominus
3011 2071 3135 2116 tunc
3161 2062 3322 2117 vellet
3344 2075 3643 2130 resurgere,

2061 2172 2167 2210 non
2198 2164 2339 2212 esset
2364 2157 2414 2210 in
2442 2172 2597 2226 quem
2630 2156 2992 2211 crederemus.
3028 2154 3151 2209 Ideo
3186 2154 3354 2209 voluit
3387 2153 3647 2223 primitias

2059 2247 2434 2302 dormientium
2468 2247 2691 2301 liberare
2720 2248 2735 2278 ¹
2760 2247 2869 2301 Deo
2896 2246 2948 2300 in
2978 2260 3035 2299 se
3062 2245 3179 2315 ipso
3200 2287 3214 2312 ,
3250 2253 3307 2299 ut
3334 2260 3454 2299 cum
3483 2243 3533 2298 in
3558 2244 3648 2298 illo

2062 2339 2272 2393 videres
2302 2337 2441 2407 quod
2469 2339 2731 2393 redditum
2767 2347 2875 2405 est,
2907 2338 2959 2392 in
2996 2347 3047 2392 te
3081 2353 3325 2408 sperares
3368 2336 3507 2407 quod
3547 2336 3646 2391 do-

2061 2431 2292 2487 nandum
2322 2440 2421 2487 est.
2452 2432 2566 2485 Erit
2593 2433 2765 2486 omnis
2790 2432 3014 2502 populus
3042 2432 3134 2487 Dei
3162 2440 3400 2502 aequatus
3432 2430 3648 2503 Angelis

2062 2536 2115 2581 et
2168 2527 2416 2581 sociatus.
2464 2526 2631 2581 Nemo
2679 2541 2805 2596 ergo
2835 2526 2985 2581 vobis
3028 2525 3203 2591 dicat,
3248 2526 3437 2581 lratres
3471 2526 3646 2582 :Cre-

2062 2620 2193 2674 dunt
2214 2621 2361 2675 stulti
2388 2619 2674 2674 Christiani
2705 2621 2822 2689 quia
2854 2634 2979 2674 caro
3001 2628 3242 2691 resurget
3270 2637 3281 2672 :
3313 2619 3432 2689 quis
3461 2634 3644 2674 resur-

2061 2712 2171 2782 git?
2201 2721 2292 2765 aut
2316 2712 2431 2782 quis
2473 2712 2803 2766 resurrexit?
2836 2721 2926 2767 aut
2956 2714 3079 2783 quis
3108 2712 3209 2767 huc
3246 2712 3369 2767 inde
3399 2713 3545 2768 venit
3582 2712 3651 2767 ab

2064 2802 2244 2859 inferis
2264 2844 2281 2872 ,
2310 2813 2365 2858 et
2393 2803 2526 2858 dixit
2556 2804 2742 2860 vobis?
2771 2804 3017 2861 Christus
3038 2805 3161 2861 inde
3185 2807 3345 2861 venit.
3376 2805 3419 2861 Ο
3447 2807 3641 2863 miseri

2064 2912 2097 2952 ο
2122 2913 2216 2953 eor
2241 2886 2529 2953 humanum
2562 2913 2870 2968 perversum
2908 2908 2962 2953 et
2989 2901 3408 2970 praeposterum!
3443 2900 3497 2954 Si
3519 2914 3653 2955 avus

2066 2990 2231 3059 ipsius
2260 2998 2591 3060 resurgeret,
2622 2989 2866 3044 crederet
2895 2989 2969 3045 illi
3005 3008 3017 3043 :
3048 2990 3305 3047 Dominus
3347 2990 3531 3047 mundi
3561 3007 3651 3047 re-

2066 3080 2317 3145 surrexit,
2348 3088 2403 3135 et
2427 3097 2531 3135 non
2562 3082 2672 3135 vult
2696 3081 2935 3138 credere.

2139 3174 2189 3227 7.
2222 3172 2486 3229 Trinitatis
2515 3176 2823 3245 mysterium.
2854 3175 3055 3231 Tenete
3085 3176 3281 3246 itaque,
3317 3176 3505 3231 lratres
3526 3178 3651 3247 mei,

2068 3282 2247 3321 veram
2268 3309 2282 3334 ,
2314 3283 2653 3338 germanam,
2684 3269 2996 3323 catholicam
3027 3269 3202 3324 ﬁdem.
3236 3269 3404 3325 Filius
3438 3270 3657 3340 :equalis

2067 3369 2148 3414 est
2180 3359 2343 3424 Patri,
2373 3359 2569 3413 donum
2596 3360 2687 3414 Dei
2719 3359 2947 3428 Spiritus
2972 3370 3188 3415 sanctus
3209 3361 3424 3431 aequalis
3445 3369 3525 3416 est
3551 3361 3655 3416 Pa-

2070 3451 2170 3515 tri,
2200 3460 2253 3504 et
2290 3449 2410 3504 ideo
2435 3451 2595 3505 Pater
2619 3458 2672 3505 et
2701 3449 2867 3505 Filius
2910 3461 2963 3506 et
2988 3452 3216 3520 Spiritus
3251 3462 3465 3507 sanctus
3514 3467 3653 3507 unus

2072 3544 2229 3611 Deus,
2260 3559 2362 3597 non
2396 3553 2501 3597 tres
2528 3542 2599 3598 dii
2629 3560 2769 3597 :non
2796 3542 3045 3612 gradibus
3070 3543 3168 3597 sibi
3190 3542 3400 3613 adjecti,
3428 3543 3519 3598 sed
3541 3558 3654 3597 ma-

2064 3634 2256 3704 jestate
2283 3635 2519 3701 adunati,
2552 3645 2606 3689 et
2626 3650 2760 3688 unus
2790 3635 2946 3689 Deus.
2973 3634 3077 3689 Sed
3104 3635 3269 3689 Filius
3309 3643 3484 3689 tamen
3529 3650 3655 3704 pro-

2072 3735 2188 3795 pter
2214 3743 2329 3792 nos,
2375 3725 2585 3780 Verbum
2612 3743 2729 3780 caro
2760 3726 2949 3795 factum
2976 3736 3046 3781 est
3077 3736 3123 3780 et
3148 3727 3387 3780 habitavit
3414 3727 3465 3779 in
3490 3724 3653 3781 nobis.

2074 3818 2194 3872 Non
2243 3818 2475 3886 rapinam
2504 3819 2775 3871 arbitratus
2808 3827 2879 3872 est
2907 3834 3013 3872 esse
3038 3816 3250 3888 aequalis
3282 3816 3389 3871 Deo
3409 3859 3423 3881 ,
3451 3817 3539 3872 sed
3581 3833 3660 3871 se-

2073 3911 2336 3982 metipsum
2366 3910 2636 3964 rminanivit
2658 3951 2673 3976 ,
2705 3914 2919 3980 formam
2948 3909 3077 3962 servi
3100 3910 3350 3979 accipiens
3375 3951 3388 3974 ,
3420 3917 3465 3962 et
3488 3908 3659 3961 habitu

2072 4003 2297 4056 inventus
2322 4012 2374 4055 ut
2414 4002 2561 4054 homo
2583 4000 2602 4073 (
2624 4000 2853 4071 Philipp.
2892 4016 2962 4061 ll,
2994 4000 3153 4073 6-7
3184 4001 3248 4054 Ει
3282 4008 3337 4053 ut
3366 4000 3618 4054 noveritis
3642 4040 3658 4065 ,

2074 4095 2283 4162 fratres,
2309 4096 2430 4165 quia
2459 4110 2584 4149 vere
2606 4094 2837 4149 Trinitas
2864 4094 2960 4148 ista
2988 4095 3209 4164 aequalis
3230 4103 3343 4158 est,
3371 4101 3426 4149 et
3447 4108 3550 4147 non
3576 4102 3660 4148 cst

2072 4188 2269 4243 dictum
2301 4188 2420 4257 quia
2457 4186 2609 4240 Pater
2634 4188 2800 4257 major
2841 4204 2920 4241 me
2959 4196 3031 4239 est
3071 4185 3250 4257 (Joan.
3284 4202 3391 4251 xw,
3421 4185 3536 4255 28),
3563 4186 3660 4239 nisi

2075 4288 2290 4349 propter
2314 4294 2527 4333 carnem
2559 4294 2714 4349 quam
2738 4278 2970 4347 suscepit
2985 4276 3260 4342 Dominus;
3276 4292 3440 4347 quare
3457 4276 3522 4331 de
3539 4277 3661 4346 Spi-

2073 4373 2175 4426 ritu
2213 4381 2398 4427 sancto
2426 4387 2691 4441 nunquam
2715 4371 2912 4425 dictum
2936 4380 3036 4436 est,
3062 4371 3234 4425 Minor
3262 4378 3344 4425 est
3363 4412 3375 4435 ,
3406 4370 3504 4423 nisi
3537 4368 3671 4438 quia

2074 4466 2187 4536 ipse
2199 4480 2303 4520 non
2326 4465 2558 4534 suscepit
2582 4464 2827 4519 carnem?
2842 4463 3032 4519 Videte
3052 4463 3177 4534 quid
3192 4464 3301 4518 dixi
3323 4481 3333 4516 :
3357 4470 3655 4532 perscruta-

2075 4559 2201 4613 mini
2230 4573 2415 4613 omnes
2445 4558 2777 4628 Scripturas,
2811 4558 2981 4612 levate
3008 4572 3195 4612 omnes
3216 4557 3465 4626 paginas,
3506 4555 3663 4623 legite

2074 4667 2261 4707 omnes
2272 4667 2476 4717 versus;
2497 4666 2763 4721 nunquam
2777 4650 3060 4706 invenietis
3072 4650 3192 4721 quia
3210 4648 3436 4719 Spiritus
3447 4654 3663 4701 sanctus

2074 4748 2250 4801 minor
2276 4746 2347 4799 sit
2370 4760 2525 4815 quam
2551 4744 2708 4799 Deus.
2742 4743 2837 4799 Ille
2859 4758 2985 4814 ergo
3007 4744 3179 4797 dictus
3222 4750 3306 4796 est
3339 4740 3540 4804 minor,
3573 4739 3663 4808 qui

2074 4844 2294 4907 prepter
2324 4850 2421 4889 nos
2451 4834 2616 4890 factus
2637 4843 2721 4890 est
2753 4835 2948 4902 minor,
2979 4842 3037 4888 ut
3066 4847 3161 4903 per
3188 4831 3337 4886 illum
3367 4846 3463 4886 nos
3487 4828 3666 4886 efﬁce-

2076 4943 2257 4983 remur
2287 4927 2535 4997 majores.

2540 5038 2769 5095 ssauo
2804 5036 3029 5094 CCLXV
3052 5041 3069 5062 ι
3112 5036 3205 5109 (a).

2465 5158 2533 5202 De
2567 5152 2860 5202 Ascensione
2891 5150 3094 5209 Domini,
3120 5165 3147 5201 v
3184 5148 3272 5213 (b).

2147 5257 2370 5314 CAPUT
2421 5256 2703 5314 PRIMUM.
2777 5286 2853 5296 —
2903 5256 2954 5311 1.
3028 5255 3221 5310 Veritas
3286 5254 3664 5311 resurrectionis

2140 5417 2160 5447 '
2180 5422 2339 5473 Forte,
2365 5413 2531 5464 libare.

2139 5480 2158 5500 *
2177 5478 2461 5528 Emendatus
2485 5476 2543 5525 ad
2566 5476 2643 5525 cb.
2665 5488 2707 5523 r.
2732 5490 2778 5525 v.
2808 5482 2859 5525 et
2880 5475 2940 5524 ad
2963 5483 3064 5525 Par.
3088 5483 3195 5526 Lov.

2140 5542 2212 5604 (a)
2255 5540 2405 5596 Alias,
2450 5540 2481 5588 6
2524 5540 2652 5587 inter
2701 5551 2957 5589 sermones
2987 5540 3044 5588 17
3090 5539 3275 5590 additos
3327 5551 3354 5588 ι
3394 5535 3667 5589 Parisiensi-

2079 5605 2212 5729 bu(Sb)
2246 5665 2391 5729 nujus
2410 5663 2651 5729 sermonis
2673 5669 2959 5725 excerptum
2982 5662 3107 5727 apud
3128 5666 3389 5728 Eugypium
3411 5662 3667 5727 reperies;

2080 5736 2133 5781 et
2151 5724 2279 5792 apud
2299 5724 2504 5787 Florum,
2530 5724 2587 5774 ad
2621 5732 2749 5775 nom.
2782 5740 2826 5778 v.
