4102 6326
473 320 612 382 ιειθ

468 438 669 495 Christo
688 446 777 510 per
802 439 1140 512 quadraginta
1163 438 1269 493 dies
1287 440 1402 492 tum
1440 433 1703 506 discipulis
1722 442 1903 509 agente
1924 444 2047 490 con-

470 537 690 603 ﬁrmsta.
726 531 1074 588 Sulemnita'te
1093 531 1197 585 diei
1228 529 1386 600 hujus
1411 526 1761 583 admonemus
1788 522 2048 595 scientes,

469 624 781 680 instruimus
809 622 1153 693 negligentes.
1185 616 1478 676 Ascenstlm
1520 617 1729 675 Domini
1772 618 1825 673 in
1856 618 2052 674 caelum

470 715 628 772 hodie
654 717 962 773 solemuiter
981 716 1333 771 celebramus.
1359 715 1616 770 Dominus
1646 708 1786 769 enim
1808 708 2053 768 salvator

467 816 671 876 uoster,
701 808 875 879 posito
917 818 1175 878 corpore,
1218 818 1271 863 et
1297 815 1511 879 recepto
1542 810 1800 877 corpore,
1836 804 2051 876 postea-

465 914 624 970 quam
655 899 946 955 resurrexit
967 916 999 956 a
1027 901 1281 968 mortuis,
1311 899 1551 955 exhibuit
1579 914 1639 955 se
1669 894 1948 970 discipulis
1973 895 2053 952 vi-

466 999 699 1058 ventem,
718 1006 874 1061 quem
897 992 1310 1062 desperaverant
1335 992 1669 1048 morientem.
1695 990 2050 1059 PoSteaquam

465 1101 526 1140 se
550 1085 784 1141 reddidit
825 1086 995 1141 oculis
1043 1085 1357 1139 intuendum
1377 1126 1391 1150 ,
1418 1083 1665 1138 manibus
1712 1086 2051 1137 contrectan-

465 1178 615 1241 dum,
643 1176 910 1232 tedilicaus
930 1175 1111 1240 ﬁdem,
1141 1175 1442 1230 exhibendo
1469 1178 1775 1237 veritatem;
1803 1172 2049 1242 qhoniam

465 1284 652 1340 parum
684 1267 785 1322 fuit
812 1268 1057 1322 humanae
1084 1266 1354 1338 fragilitati
1385 1274 1438 1321 et
1462 1266 1688 1320 iniirmm
1712 1263 2053 1334 trepidationi

466 1373 572 1417 tam
600 1376 850 1432 magnum
892 1361 1206 1417 miraculum
1251 1372 1361 1415 uno
1400 1360 1486 1415 die
1529 1359 1821 1425 exhibere,
1850 1367 1903 1413 et
1930 1356 2053 1413 inde

466 1456 813 1519 subtrahere;
845 1462 1188 1510 conversatus
1216 1462 1299 1509 est
1341 1469 1460 1509 cum
1490 1454 1569 1509 eis
1610 1454 1664 1507 in
1710 1461 1845 1507 terra
1867 1493 1883 1519 ,
1916 1450 2054 1508 sicut

462 1547 782 1614 audivimus,
809 1560 929 1601 cum
958 1546 1093 1601 liber
1112 1546 1338 1600 Actuum
1364 1546 1739 1615 Apostolorum
1761 1543 2048 1613 legeretur,

465 1649 810 1695 conversatus
828 1648 911 1694 est
935 1638 1056 1694 cum
1084 1639 1163 1694 eis
1194 1639 1244 1692 ln
1274 1646 1414 1693 terra
1447 1638 1794 1710 quadraginta
1821 1638 2010 1693 diebus
2032 1678 2048 1704 ,

466 1733 670 1787 intrans
694 1740 749 1786 et
776 1730 961 1787 exiens
980 1772 996 1799 ,
1018 1730 1346 1785 mauducans
1384 1738 1439 1785 et
1482 1730 1671 1787 bibens
1701 1738 1796 1785 :ut
1835 1729 2054 1785 exhibe-

466 1833 554 1880 ret
575 1826 890 1890 veritatem,
921 1839 1025 1877 non
1053 1822 1193 1892 quod
1232 1822 1453 1878 haberet
1493 1822 1887 1877 necessitatem.
1934 1820 2054 1891 ipso

466 1930 596 1984 ergo
611 1915 1019 1985 quadragesimo
1033 1913 1141 1980 die,
1162 1922 1316 1984 quem
1337 1913 1495 1969 hodie
1512 1914 1863 1976 celebramus,
1883 1912 1961 1966 eis
1977 1911 2055 1966 vi-

469 2006 736 2070 dentibus,
752 2015 806 2061 et
831 2005 1062 2060 videndo
1083 2006 1489 2069 deducentibns,
1510 2003 1745 2058 ascendit
1765 2004 1815 2056 in
1835 2003 2051 2058 ctnlum.

538 2097 593 2151 2.
636 2097 889 2151 Adventus
916 2096 1101 2151 Christi
1121 2097 1188 2149 ad
1206 2096 1460 2167 judicium
1487 2096 1872 2166 prcnnntiatus.
1905 2094 2054 2148 Tunc

469 2204 597 2259 ergo
640 2198 982 2259 posteaquam
1015 2188 1064 2242 id
1092 2189 1232 2258 quod
1274 2186 1523 2241 videbant
1561 2187 1852 2241 ascendere
1890 2186 2054 2239 mira-

469 2283 683 2347 bantur,
714 2298 928 2337 sursum
977 2292 1151 2336 tamen
1201 2281 1278 2335 ire
1320 2279 1652 2350 gaudebant;
1685 2279 1874 2348 capitis
1912 2279 2057 2332 enim

471 2375 782 2445 praecessio,
815 2389 939 2445 spes
987 2356 1365 2429 membrorum
1393 2379 1510 2436 est;
1552 2370 1834 2425 audierunt
1874 2377 1929 2424 et
1963 2384 2057 2423 au-

476 2467 697 2536 gelicam
742 2482 958 2532 vocem,
995 2464 1104 2519 Viri
1147 2464 1380 2528 Galilwi,
1420 2464 1541 2535 quid
1585 2464 1740 2535 statis‘
1764 2460 2058 2533 aspicientes

476 2560 530 2615 in
551 2561 773 2615 cwlnm?
794 2559 895 2615 Hie
920 2558 1071 2613 Iesus
1099 2560 1171 2611 sic
1206 2559 1392 2623 veniet,
1419 2540 1837 2627 quemadmodum
1865 2555 2059 2608 vidistis

473 2661 586 2700 eum
608 2654 804 2701 euntem
838 2645 889 2698 in
920 2642 1102 2697 ciuium
1131 2641 1264 2714 (Act.
1292 2658 1327 2706 l,
1362 2638 1536 2712 2ου).
1566 2638 1702 2707 Quid
1731 2646 1814 2693 est
1833 2679 1848 2704 ,
1878 2639 1951 2692 sic
1974 2652 2058 2692 ve-

474 2736 613 2791 niet?
640 2735 694 2789 lu
724 2752 784 2790 ea
808 2735 977 2789 forma
1006 2737 1182 2790 veniet
1209 2751 1224 2789 :
1252 2743 1308 2787 ut
1337 2734 1618 2803 impleatur
1639 2732 1781 2802 quod
1803 2732 2059 2803 scriptum

473 2837 589 2895 est,
631 2827 877 2882 Videbunt
920 2829 973 2880 in
1018 2844 1165 2898 quem
1212 2834 1530 2898 pupugerunt
1578 2823 1759 2897 (Zaclt.
1814 2840 1922 2891 xu,
1954 2826 2057 2892 10;

472 2915 631 2983 Joun.
664 2934 752 2972 XIX
771 2958 787 2983 ,
819 2918 932 2989 57).
960 2918 1049 2973 Sic
1074 2918 1253 2973 veniet.
1284 2917 1365 2971 Ad
1394 2916 1636 2970 homines
1667 2916 1872 2981 veniet,
1898 2917 2060 2972 homo

477 3009 693 3075 vetiiet;
729 3009 823 3063 sed
853 3011 991 3064 Deus
1016 3010 1177 3063 homo
1201 3009 1396 3064 veniet.
1430 3008 1615 3062 Veniet
1634 3023 1794 3063 verus
1820 3008 1982 3063 homo
2009 3017 2061 3063 et

478 3104 619 3158 Deus
642 3146 654 3169 ,
684 3113 741 3158 ut
770 3103 926 3158 faciat
957 3103 1199 3158 homines
1240 3103 1392 3158 deos.
1419 3103 1671 3156 Ascendit
1705 3102 1868 3172 judex
1902 3103 2022 3157 αωιί
2043 3144 2058 3171 ,

478 3198 656 3257 sonuit
683 3212 857 3267 praeco
885 3198 1031 3252 creti.
1059 3196 1259 3251 Bonam
1285 3209 1499 3250 causam
1544 3194 1863 3260 habeamus,
1897 3204 1955 3249 ut
1984 3195 2063 3249 l'u-

480 3297 656 3347 turum
677 3288 934 3358 judicium
960 3303 1064 3344 nou
1094 3288 1394 3342 timeamus.
1422 3285 1678 3341 Ascendit
1705 3285 1848 3341 enim
1874 3301 1888 3339 :
1910 3285 2061 3341 vide-

478 3387 603 3435 runt
624 3380 714 3450 qui
734 3379 892 3434 nobis
922 3380 1318 3437 nuntiaverunt.
1342 3377 1445 3446 Qui
1472 3386 1577 3433 neu
1603 3376 1869 3442 viderunt,
1892 3376 2064 3431 credi.

478 3472 828 3529 deruntzalii
873 3487 981 3527 non
1021 3472 1039 3504 ί
1079 3472 1359 3526 credentes
1419 3470 1719 3524 irriserunt.
1764 3467 1883 3522 Non
1931 3469 2063 3522 enim

479 3567 703 3622 onmium
723 3577 797 3622 est
823 3566 949 3636 ﬁdes
969 3564 1036 3638 (Il
1062 3563 1239 3620 Thess.
1266 3579 1342 3629 Ill,
1366 3561 1448 3634 2).
1472 3562 1539 3616 Et
1563 3561 1685 3630 quia
1711 3577 1814 3614 non
1837 3561 2064 3614 omnium

479 3667 552 3713 est
589 3658 749 3727 fides,
774 3666 824 3711 et
874 3656 1009 3710 novit
1040 3655 1286 3709 Dominus
1315 3654 1401 3724 qui
1442 3661 1557 3708 sunt
1582 3652 1691 3718 ejus
1715 3650 1733 3722 (
1756 3652 1795 3705 ll
1823 3650 1956 3704 Tim.
1988 3666 2025 3705 tt
2044 3690 2060 3717 ,

480 3746 594 3817 19),
617 3746 743 3816 quid
769 3745 1127 3814 disceptamus
1151 3744 1291 3814 quod
1316 3743 1555 3799 ascendit
1586 3743 1640 3796 in
1664 3743 1857 3797 cmlum
1885 3741 2064 3796 Deus?

479 3838 731 3895 Miremur
776 3838 950 3906 potius
998 3838 1121 3908 quia
1165 3835 1440 3890 descendit
1483 3836 1534 3889 in
1584 3832 1848 3889 infernum
1898 3833 2061 3887 Deus.

478 3929 702 3985 Mortem
727 3929 919 3985 Christi
943 3930 1221 3995 miremur,
1254 3929 1698 3983 resurrectionem
1728 3944 1853 3981 vero
1881 3926 2067 3981 laude-

481 4037 602 4077 mus
631 4022 803 4092 potius
844 4037 1002 4093 quam
1049 4021 1326 4077 miremur.
1357 4019 1592 4076 Perditio
1631 4029 1842 4086 nostra,
1876 4035 2064 4089 pecca-

481 4123 593 4171 tum
622 4127 862 4173 nostrum
887 4135 902 4171 z
926 4115 1140 4186 sanguis
1162 4115 1385 4181 Christi,
1417 4115 1642 4184 pretium
1672 4124 1934 4168 nostrum.
1960 4113 2066 4167 Re-

481 4212 742 4267 surrectio
771 4212 997 4277 Christi,
1036 4225 1159 4281 spes
1188 4218 1367 4265 nostra
1394 4225 1407 4261 :
1433 4208 1693 4263 adventus
1720 4207 1948 4275 Christi,
1979 4223 2065 4263 res

482 4314 685 4362 nostra.
718 4306 811 4361 llle
836 4322 960 4375 ergo
996 4305 1086 4375 qui
1112 4312 1196 4360 est
1235 4303 1302 4358 ad
1326 4302 1602 4357 dexteram
1631 4302 1805 4356 Patris
1826 4342 1838 4366 ,
1871 4315 2064 4370 exspe-

481 4398 705 4454 ctandus
749 4408 833 4454 est
858 4399 1027 4459 donec
1054 4398 1252 4454 veniat.
1284 4398 1429 4451 Dicat
1454 4397 1629 4450 anima
1669 4404 1850 4449 nostra
1879 4395 2064 4451 sitiens

482 4491 557 4546 illi
589 4509 601 4545 :
629 4490 853 4559 Quando
888 4490 1099 4546 veniet?
1124 4498 1209 4555 et,
1243 4488 1411 4543 Sitiuit
1450 4489 1621 4542 auium
1660 4503 1770 4541 utea
1795 4487 1864 4539 ad
1904 4485 2067 4540 Deum

482 4585 644 4639 vivunt
696 4582 883 4659 (Psal.
923 4600 1045 4647 xu.
1076 4582 1165 4654 5).
1219 4582 1445 4651 Quando
1485 4581 1696 4636 veniet?
1730 4579 2066 4635 Veniet:sed

483 4676 696 4748 quando
720 4674 933 4737 veniet?
961 4675 1126 4747 Optas
1166 4682 1227 4731 ut
1268 4675 1445 4730 veniat
1471 4692 1483 4729 :
1509 4674 1706 4729 utinam
1749 4680 1989 4742 paratum
2014 4679 2067 4726 te

484 4767 738 4829 inveniat.
1198 4828 1201 4831 Ἴ
1304 4809 1311 4817 .

554 4859 782 4917 CAPUT
814 4858 874 4915 ll.
894 4887 962 4899 -ο
982 4859 1036 4913 3.
1068 4855 1451 4927 Discipularum
1471 4853 1727 4925 inquisitio
1753 4852 1816 4907 de
1845 4862 2068 4923 tempore

484 4952 644 5025 futuri
671 4952 909 5004 adventus
945 4949 1150 5005 Christi.
1180 4948 1558 5003 Verumtamen
1586 4961 1654 5001 ne
1694 4954 1941 5015 putemus
1966 4960 2067 5001 nos

486 5043 632 5098 solos
675 5041 873 5095 habere
909 5040 1012 5095 hoc
1054 5038 1378 5115 desiderium
1405 5038 1471 5095 de
1510 5038 1733 5097 Domino
1769 5046 1982 5103 nostro,
2010 5048 2067 5093 ut

485 5136 757 5201 dicamus,
786 5130 1009 5202 Quando
1033 5130 1241 5187 veniet?
1270 5129 1579 5185 Habuerunt
1622 5128 1722 5184 hoc
1745 5129 2066 5184 desiderium

484 5235 541 5281 et
582 5224 826 5296 discipuli
865 5220 998 5294 ejus.
1041 5220 1099 5278 Si
1148 5208 1362 5292 possem
1411 5212 1563 5277 vobis
1599 5212 1777 5275 dicere
1820 5220 2068 5275 inhianti-

484 5316 617 5384 bus,
657 5313 1116 5386 exspectantibus,
1155 5314 1460 5385 suapensis,
1488 5326 1648 5366 nosse
1698 5306 2063 5381 cupientibus,

485 5408 700 5479 quando
723 5407 900 5461 veniat
923 5406 1179 5461 Dominus
1204 5406 1347 5461 Deus
1374 5414 1576 5469 noster,
1606 5405 1649 5459 si
1675 5418 1890 5475 possem
1915 5403 2068 5460 vobis

486 5503 667 5559 dicere
684 5544 700 5570 ,
730 5502 900 5573 qualis
925 5501 1075 5558 vobis
1117 5500 1364 5556 viderer?
1390 5498 1494 5556 Sed
1535 5500 1582 5554 si
1625 5499 1729 5555 hoc
1756 5514 1823 5554 ex
1847 5514 1935 5555 me
1959 5514 2067 5554 non

485 5604 581 5651 vos
608 5595 834 5664 speratis
860 5593 1045 5649 audire
1085 5608 1270 5664 posse;
1300 5592 1387 5664 qui
1414 5592 1459 5649 si
1501 5593 1724 5663 speratis
1743 5632 1759 5659 ,
1786 5591 2025 5662 desipitis
2051 5610 2065 5648 :

487 5689 661 5763 ipsum
702 5696 849 5743 certe
884 5687 1168 5745 Dominam
1209 5685 1390 5743 Iesum
1435 5683 1708 5741 Christum
1749 5684 1804 5739 in
1843 5697 2069 5755 corpore

553 5807 569 5839 ¹
596 5803 898 5856 miliertinus
911 5801 1065 5853 codex
1088 5807 1225 5854 caret
1245 5796 1496 5864 particula,
1512 5810 1622 5849 non.

1677 322 1732 380 s.
1773 310 2141 402 Αῃαυετωι
2180 318 2476 388 EPISCOPI

3609 308 3756 387 i220

2166 431 2502 506 prtesentem,
2530 436 2796 493 viventem
2815 479 2831 506 ,
2859 436 3188 509 loquentem,
3213 439 3258 495 si
3288 447 3413 496 ante
3438 436 3622 496 oculos
3650 458 3749 498 ve-

2160 534 2300 583 stros
2329 537 2384 585 et
2420 537 2542 586 ante
2568 546 2755 587 manus
2781 538 2982 587 vestras
3014 531 3313 600 haberetis,
3346 533 3457 588 scio
3479 535 3601 607 quia
3634 552 3747 607 prae

2160 617 2262 674 isto
2282 619 2550 677 desiderio
2581 621 2977 694 interrogaretis
2994 666 3009 689 ,
3039 622 3093 679 et
3119 616 3366 679 diceretis
3387 626 3436 681 ei
3462 644 3476 680 :
3501 618 3747 693 Domine,

2159 714 2370 784 quando
2400 718 2654 771 Venturos
2693 716 2787 771 es?
2814 715 3062 786 Discipuli
3107 710 3206 787 ipsi
3234 712 3516 773 Dominum
3561 718 3751 774 Iesum

2158 800 2427 863 Christum
2469 817 2786 880 praesentem
2834 810 3311 880 interrogaverunt.
3363 809 3478 866 Non
3526 808 3754 882 potestis

2159 898 2488 972 interrogare
2530 902 2672 973 quod
2721 903 3211 973 interrogaverunt,
3242 896 3609 975 audite_quod
3653 920 3754 959 au—

2159 988 2388 1073 dierunt.
2419 992 2627 1049 Etenim
2658 982 2732 1049 illi
2756 1003 2880 1049 tunc
2903 1003 3077 1063 erant,
3106 1011 3203 1050 nos
3231 990 3468 1050 nondum
3493 994 3707 1051 eramus
3733 1013 3751 1050 :

2158 1083 2347 1154 quibus
2374 1093 2548 1141 tamen
2578 1086 2623 1140 si
2650 1080 2951 1154 credamus,
2983 1095 3038 1142 et
3065 1080 3217 1142 nobis
3244 1084 3744 1158 interrogaverunt,

2158 1186 2212 1233 et
2240 1178 2394 1233 nobis
2433 1179 2732 1236 audierunt.
2765 1180 2908 1253 Ergo
2947 1176 3189 1252 discipuli
3233 1176 3430 1237 Christi
3470 1181 3753 1239 deducturi

2159 1281 2374 1342 aspectu
2432 1288 2778 1329 escensurum
2825 1272 3095 1330 Christum
3151 1273 3644 1347 interrogaverunt,
3695 1285 3753 1332 et

2158 1360 2406 1419 dixerunt
2448 1365 2538 1419 ei:
2568 1364 2818 1432 Domine,
2850 1365 2896 1419 si
2932 1362 3026 1419 hoc
3069 1375 3288 1437 tempore
3330 1364 3751 1437 prmsentaberis?

2157 1448 2253 1510 Cui
2306 1450 2587 1511 dicebant?
2630 1457 2798 1524 Quem
2845 1468 3160 1535 prmsentem
3214 1450 3485 1513 videbant.
3538 1452 3599 1514 Si
3653 1458 3750 1514 hoc

2160 1552 2382 1616 tempore
2409 1546 2825 1618 prtusentuberis?
2844 1547 2911 1604 Et
2942 1548 3068 1619 quid
3094 1558 3175 1604 est
3204 1544 3366 1603 illud?
3393 1546 3578 1605 Nonne
3607 1567 3752 1621 prte-

2158 1650 2361 1695 scutem
2383 1638 2666 1697 videbant?
2686 1658 2861 1698 nonne
2882 1652 3197 1712 praesentem
3225 1642 3544 1698 audiebant?
3571 1660 3752 1698 nonne

2158 1739 2475 1802 praesentem
2519 1732 2677 1787 etiam
2732 1731 3047 1803 tangebam?
3072 1730 3209 1801 Quid
3252 1742 3329 1787 est
3385 1732 3521 1800 hoc,
3549 1732 3612 1788 Si
3656 1733 3752 1788 hoc

2159 1830 2380 1892 tempore
2421 1820 2835 1892 prcesentaberis?
2876 1823 2977 1879 nisi
3007 1825 3127 1895 quia
3168 1835 3423 1879 noverant
3458 1825 3744 1898 prmsentia

2157 1908 2351 1967 Christi
2398 1910 2628 1968 futurum
2662 1912 2951 1985 judicium,
2983 1920 3043 1969 ut
3076 1908 3348 1970 videretur
3380 1932 3410 1970 a
3453 1916 3563 1971 suis
3602 1924 3657 1971 et
3681 1914 3750 1972 ab

2158 2003 2383 2060 alienis?
2413 2005 2542 2060 Nam
2575 2006 2785 2077 quando
2814 2004 3144 2076 resurrexit,
3170 2024 3274 2062 non
3305 1996 3387 2063 est
3414 2006 3559 2063 visus
3586 2009 3689 2063 nisi
3719 2024 3753 2065 a

2160 2092 2288 2151 suis.
2319 2094 2592 2169 Hoc‘ergo
2633 2096 2905 2164 Sciebant,
2936 2106 2987 2154 et
3018 2098 3119 2153 lide
3146 2096 3486 2166 retinebant,
3518 2098 3753 2153 futurum

2160 2202 2280 2243 esse
2309 2195 2519 2258 tempus
2564 2188 2774 2258 quando
2801 2186 3066 2259 judicatus
3087 2189 3382 2260 judicaret,
3413 2188 3627 2261 quando
3659 2206 3750 2245 re-

2161 2278 2414 2350 probatus
2439 2281 2687 2350 probaret
2721 2289 2774 2336 et
2812 2282 3151 2350 reprobaret;
3178 2278 3391 2352 quando
3427 2282 3752 2352 conspicuus

2163 2371 2373 2442 utrique
2398 2370 2669 2427 hominum
2714 2368 2895 2443 generi
2925 2373 3057 2429 alios
3088 2381 3308 2442 poneret
3337 2372 3404 2427 ad
3434 2372 3751 2442 dexteram,

2163 2462 2298 2519 alios
2338 2462 2404 2518 ad
2446 2462 2749 2530 sinistram,
2779 2462 3017 2518 dicturus
3041 2458 3185 2535 quod
3215 2463 3424 2534 utrique
3464 2462 3751 2531 audirent,

2164 2556 2436 2609 oblaturus
2465 2554 2605 2625 quod
2637 2570 2744 2609 non
2774 2554 2984 2626 utrique
3026 2556 3329 2625 acciperent
3351 2598 3365 2624 ,
3396 2558 3753 2611 comminatu-

2165 2660 2257 2702 rus
2282 2645 2423 2717 quod
2459 2661 2563 2700 non
2595 2647 2803 2717 utrique
2831 2646 3287 2716 pertimescerent.
3328 2646 3579 2704 Sciebant
3607 2646 3753 2702 l'utu—

2166 2742 2282 2792 rum
2308 2754 2320 2802 ;
2351 2736 2444 2792 sed
2470 2737 2703 2808 quando,
2727 2738 3055 2808 qurerebant.
3085 2737 3145 2793 Si
3166 2738 3260 2792 hoc
3282 2747 3503 2809 tempore
3524 2755 3757 2809 prasen-

2168 2828 2393 2883 taberis?
2420 2827 2532 2883 Nan
2556 2827 2734 2899 utique
2760 2826 2942 2895 nobis;
2975 2844 3096 2883 nam
3121 2836 3174 2884 et
3199 2828 3358 2886 modo
3384 2829 3625 2884 videmus
3653 2839 3707 2885 te
3736 2849 3750 2886 :

2166 2920 2261 2974 sed
2289 2920 2694 2990 prtesentaberis
2718 2920 2874 2975 etiam
2912 2919 2994 2975 his
3036 2918 3127 2992 qui
3172 2936 3278 2977 non
3322 2918 3664 2977 crediderunt
3700 2922 3755 2978 in

2167 3019 2238 3065 te.
2271 3010 2331 3066 Si
2355 3011 2447 3064 hoc
2474 3021 2693 3080 tempore
2718 3010 3122 3081 praesenlaberis,
3152 3010 3234 3064 die
3261 3011 3433 3079 nobis,
3464 3020 3512 3066 et
3550 3016 3755 3081 quando

2167 3120 2378 3175 regnum
2406 3103 2610 3158 Israel?
2635 3103 2745 3157 lloc
2768 3104 3123 3175 quaesierunt,
3158 3103 3219 3158 Si
3249 3105 3341 3158 hoc
3368 3113 3591 3176 tempore
3619 3100 3759 3175 prte-

2167 3195 2468 3260 sentaberis,
2503 3205 2549 3249 et
2591 3190 2791 3266 quando
2828 3204 3037 3268 regnum
3078 3191 3284 3250 Israel?
3312 3192 3465 3263 Quod
3492 3197 3758 3266 regnum?

2168 3288 2244 3345 De
2272 3305 2378 3359 quo
2401 3288 2627 3344 dicimus
2656 3306 2669 3342 :
2713 3284 2889 3343 Veniat
2914 3306 3121 3360 regnum
3144 3300 3283 3343 tuum
3310 3288 3523 3363 (Matth.
3547 3306 3622 3357 v1,
3643 3284 3757 3360 10).

2168 3380 2318 3449 Quod
2342 3380 2599 3449 regnum?
2629 3380 2706 3435 De
2736 3396 2841 3451 quo
2870 3380 3098 3435 audituri
3119 3380 3326 3437 suntad
3353 3376 3628 3435 dexteram
3659 3396 3759 3452 po-

2168 3472 2297 3527 siti:
2344 3471 2550 3539 Venite,
2584 3472 2827 3526 benedicti
2876 3462 3046 3526 Patris
3097 3472 3227 3538 mei,
3259 3472 3499 3542 percipit'e
3541 3489 3758 3543 regnum

2168 3564 2301 3632 quod
2321 3563 2454 3618 vobis
2476 3572 2708 3634 paratum
2729 3575 2801 3618 est
2821 3563 2882 3617 ab
2908 3564 3101 3635 origine
3127 3562 3320 3617 mundi.
3340 3564 3567 3633 Quando
3584 3564 3759 3618 dictu-

2169 3670 2261 3711 rus
2286 3664 2369 3710 est
2394 3655 2553 3711 etiam
2582 3656 2811 3710 sinistris
2838 3674 2850 3709 :
2881 3654 2961 3709 Ite
2982 3654 3033 3709 in
3055 3656 3219 3727 ignem
3237 3666 3478 3710 tetanum
3502 3697 3517 3721 ,
3549 3656 3637 3726 qui
3664 3674 3761 3726 pa-

2167 3756 2308 3803 ratus
2327 3757 2397 3803 est
2424 3739 2623 3802 diabolo
2642 3757 2688 3801 et
2716 3746 2909 3819 angelis
2935 3749 3043 3820 ejus
3072 3746 3180 3819 (Id.
3210 3763 3335 3815 xxv,
3364 3747 3454 3813 54,
3480 3747 3592 3820 4-1).
3618 3747 3760 3803 Ter-

2170 3842 2339 3896 ribilis
2369 3859 2470 3896 vox
2493 3884 2508 3908 ,
2547 3842 2819 3896 tremenda
2865 3858 2967 3895 vox
2992 3859 3004 3893 :
3028 3839 3151 3906 sed,
3182 3834 3248 3895 In
3286 3838 3525 3895 memoria
3567 3850 3760 3894 (eterna

2171 3936 2453 4004 eritjnstus
2474 3950 2493 3989 :
2520 3935 2581 3987 ab
2618 3935 2796 3987 auditu
2828 3934 2961 3987 malo
2988 3951 3088 3987 non
3115 3931 3303 3988 timebit
3328 3932 3498 4004 (Psal.
3521 3950 3641 4000 CXI,
3674 3930 3755 4005 7).

2171 4026 2292 4082 istis
2318 4028 2418 4081 hoc
2438 4070 2452 4095 ,
2483 4026 2587 4081 illis
2611 4026 2737 4081 illud
2763 4043 2775 4079 ε
2802 4025 2854 4081 in
2884 4036 3110 4098 utroque
3139 4038 3332 4096 verax,
3364 4028 3488 4098 quia
3519 4027 3571 4084 in
3606 4036 3757 4081 utro-

2171 4135 2272 4189 que
2288 4119 2481 4188 justus.

2240 4209 2466 4265 CAPUT
2495 4207 2726 4263 [IL—4.
2749 4202 3064 4278 Responsum
3085 4206 3290 4262 Christi.
3312 4204 3417 4263 Sed
3443 4206 3581 4277 quod
3609 4223 3759 4279 qum-

2172 4302 2390 4370 rebant,
2425 4303 2467 4356 si
2507 4303 2817 4366 audierunt,
2848 4301 3125 4356 audiamus
3151 4318 3165 4354 :
3192 4301 3234 4355 si
3280 4318 3385 4355 non
3431 4301 3754 4369 audierunt,

2172 4395 2310 4467 quod
2341 4394 2619 4449 audierunt
2645 4404 2948 4459 teneamus;
2971 4393 3184 4461 etquod
3208 4403 3488 4448 venturum
3515 4403 3617 4460 est,
3647 4409 3756 4446 non

2172 4488 2474 4542 timeamus.
2504 4483 2747 4551 Domine,
2769 4486 2812 4538 si
2850 4484 2943 4538 hoc
2988 4493 3207 4555 tempore
3243 4481 3661 4556 prwsenlaberis?
3693 4480 3760 4536 Et

2174 4596 2272 4636 nos
2297 4581 2620 4635 aestimantes
2662 4595 2759 4633 nos
2798 4587 3117 4647 pra‘senlem
3148 4576 3329 4631 videre
3373 4576 3656 4630 Dominum
3702 4574 3758 4629 in

2172 4688 2397 4745 corpore
2419 4670 2786 4739 constitutum,
2806 4670 3044 4725 dicamus
3066 4666 3163 4737 illi,
3184 4668 3416 4730 Domine,
3444 4667 3489 4722 si
3510 4668 3605 4720 hoc
3635 4676 3756 4721 tem.

2174 4782 2293 4839 pore
2323 4763 2728 4837 prcesentaberis,
2761 4772 2806 4817 et
2844 4758 3046 4833 quando
3072 4778 3279 4831 regnum
3300 4757 3507 4813 Israel?
3533 4754 3759 4826 Quando

2172 4874 2392 4927 regnum
2425 4846 2657 4919 tuorum,
2685 4851 2898 4922 quando
2922 4868 3142 4923 regnum
3172 4850 3468 4912 humilium,
3497 4845 3757 4919 quamdiu

2175 4950 2366 5022 typhus
2394 4946 2775 5018 superborum?
2800 4946 2956 5000 Certe
2991 4947 3199 5025 lioc‘est
3227 4941 3367 5014 quod
3406 4940 3757 5012 qumrebatis,

2175 5040 2275 5099 hoc
2317 5052 2399 5098 est
2447 5039 2588 5115 quod
2630 5038 2815 5094 audire
2858 5028 3262 5092 desiderabatis.
3298 5032 3587 5089 Videamus
3630 5031 3758 5102 quid

2173 5135 2529 5206 responderit.
2565 5132 2677 5190 Non
2707 5131 3058 5202 dedignentur
3098 5124 3281 5184 audire
3307 5129 3462 5199 agni,
3492 5120 3636 5197 quod
3666 5140 3761 5179 au-

2174 5229 2389 5297 dierunt
2428 5227 2639 5281 arietes.
2675 5223 2964 5278 Audiamus
2991 5216 3115 5291 quid
3162 5214 3298 5275 dixit
3337 5217 3452 5290 ipse
3482 5211 3760 5273 Domitius.

2174 5321 2413 5390 Quibus?
2440 5319 2618 5382 Petro,
2647 5315 2860 5378 Joanni,
2893 5313 3138 5377 Andrese,
3163 5308 3387 5376 Iacobo,
3409 5307 3620 5364 caeteris
3647 5316 3766 5360 tan.

2174 5414 2243 5471 tis
2268 5422 2322 5469 et
2349 5411 2569 5476 talibus,
2606 5420 2711 5463 tam
2740 5407 2914 5477 dignis
2943 5426 2955 5460 :
2982 5405 3074 5459 sed
3101 5419 3237 5475 quos
3266 5400 3469 5457 invenit
3494 5398 3764 5470 indignos,

2175 5517 2229 5564 et
2255 5506 2375 5561 fecit
2404 5501 2610 5573 dignos.
2640 5497 2777 5568 Quid
2815 5496 2891 5553 eis
2922 5494 3195 5566 respondit
3223 5491 3529 5563 dicentibus
3553 5486 3636 5555 ,Si
3664 5484 3762 5542 hoc

2175 5607 2396 5668 tempore
2414 5591 2790 5666 prwsentaberis
2810 5632 2822 5653 ,
2852 5598 2896 5643 et
2923 5586 3125 5665 quando
3152 5602 3363 5658 regnum
3404 5580 3611 5639 Israel?
3639 5577 3765 5637 Non

2175 5698 2245 5747 est
2264 5698 2480 5743 vestrum
2501 5685 2628 5739 scire
2649 5691 2871 5754 tempora
2890 5723 2903 5746 ,
2932 5696 3043 5751 quae
3070 5677 3225 5732 Pater
3253 5675 3418 5747 posuit
3447 5673 3501 5728 in
3526 5689 3621 5727 sua
3665 5686 3751 5741 pi;-

2177 5788 2368 5839 εεειαιε.
2389 5776 2527 5849 Quid
2555 5780 2639 5835 eet
2663 5774 2801 5833 hoc?
2828 5770 3029 5830 Dicitur
3056 5768 3234 5838 Petro,
3262 5760 3383 5823 Non
3404 5775 3474 5822 est
3502 5775 3717 5820 vestrum
3746 5774 3770 5815 .-
