4102 6326
319 298 451 357 {ﬁl

215 440 218 442 ·
317 424 373 473 et
394 413 532 471 diris
550 419 630 479 tu,
658 408 831 466 Meum
857 407 974 465 est?
1000 404 1123 462 Neu
1149 411 1221 460 est
1241 407 1458 458 vestrum
1483 397 1614 455 scire
1637 403 1864 467 teiupora
1883 431 1898 458 ,

317 523 432 579 quis
454 503 612 559 Pater
641 503 806 575 posuit
828 503 882 556 in
909 517 1002 555 sua
1028 505 1286 570 potestate.
1309 491 1462 563 Quod
1491 489 1708 547 creditis
1727 529 1741 554 ,
1765 487 1903 542 bene

319 599 538 661 creditis
567 597 727 668 :quia
770 602 1052 650 venturum
1083 600 1184 646 est.
1216 587 1441 656 Quando
1482 592 1765 642 venturum
1802 579 1900 646 sit,

319 694 443 766 quid
476 692 541 748 ad
573 692 662 747 te?
687 688 913 755 Quando
938 686 1161 750 venerit,
1193 695 1428 754 praepara
1460 687 1531 733 te.
1568 675 1688 730 Non
1722 683 1792 727 est
1815 687 1903 726 ve-

315 798 480 845 strum
508 786 636 840 scire
659 794 904 855 tempora,
929 795 1045 854 quae
1064 778 1220 834 Pater
1251 775 1415 847 posuit
1444 773 1496 826 in
1523 788 1616 825 sua
1642 775 1901 839 potestate.

320 879 616 937 Curio'sitas
658 875 942 941 abscedat,
1004 873 1170 944 pietas
1217 867 1486 925 succedat.
1539 863 1678 930 Quid
1730 859 1797 916 ad
1855 867 1906 913 te

321 971 535 1043 quando
561 967 770 1024 veniet?
800 967 890 1022 Sic
917 965 1063 1029 vive,
1095 962 1244 1034 quasi
1290 959 1450 1016 hodie
1488 949 1770 1013 venturum
1798 951 1904 1018 sit;

324 1076 377 1122 et
399 1081 506 1120 non
539 1061 750 1120 timebis
769 1103 783 1129 ,
811 1073 933 1114 cum
959 1056 1185 1114 venerit.

392 1158 477 1212 CA
490 1155 618 1212 PUT
638 1153 855 1210 lV.——5.
873 1150 1098 1206 Christus
1123 1149 1279 1202 bonus
1301 1144 1556 1216 magister,
1575 1140 1758 1195 docens
1772 1135 1907 1208 quod

324 1249 524 1320 expedit
543 1248 688 1302 scire.
704 1244 891 1300 Videte
915 1251 1092 1296 autem
1108 1239 1349 1296 ordinem
1368 1245 1421 1291 et
1441 1233 1773 1303 disciplinam
1790 1243 1908 1284 ma-

323 1342 474 1413 gistri
518 1339 674 1405 boni,
700 1335 938 1405 magistri
976 1331 1293 1403 singularis,
1318 1325 1553 1397 magistri
1577 1324 1760 1379 solius.
1794 1320 1910 1374 Non

324 1431 607 1502 dixitquod
631 1430 1104 1497 interrogaverunt,
1120 1432 1173 1478 et
1190 1422 1321 1476 dixit
1339 1418 1478 1490 quod
1498 1433 1600 1472 non
1615 1417 1909 1482 interroga-

324 1534 533 1580 verunt.
551 1522 764 1577 Sciebat
782 1520 922 1575 enim
951 1516 1094 1587 quod
1111 1517 1566 1583 interrogaverunt
1593 1525 1698 1563 non
1717 1507 1794 1562 eis
1818 1521 1911 1560 ex-

325 1618 506 1689 pedire
532 1625 589 1671 ut
609 1623 827 1670 nossent
851 1631 862 1666 :
887 1610 1028 1683 quod
1057 1617 1232 1664 autem
1270 1606 1472 1661 sciebat
1509 1603 1586 1658 eis
1616 1599 1873 1672 expedire
1893 1639 1908 1666 ,

325 1709 486 1764 etiam
515 1723 619 1761 non
657 1705 736 1760 eis
780 1701 1229 1772 interrogantibus
1257 1698 1408 1752 dixit.
1441 1693 1562 1749 Non
1582 1701 1654 1748 est
1693 1700 1912 1746 uestrum

326 1804 453 1858 scire
473 1844 486 1863 ,
519 1801 716 1870 inquit,
748 1807 991 1867 tempora.
1023 1794 1141 1862 Quo
1171 1791 1264 1847 tibi
1289 1787 1570 1860 tempora?
1603 1787 1712 1840 Hoc
1742 1784 1914 1853 agitur

327 1903 383 1948 ut
417 1892 614 1948 evadas
645 1900 912 1959 tempora,
943 1895 998 1942 et
1035 1885 1230 1956 QlltBI‘iS
1279 1893 1534 1950 tempora.
1582 1877 1702 1931 Non
1735 1885 1805 1929 est
1835 1890 1914 1927 ue-

326 1995 486 2039 strum
511 1983 638 2038 scire
663 1991 888 2050 tempora
907 2021 921 2043 ,
952 1991 1066 2048 quia
1085 1975 1239 2029 Pater
1265 1973 1431 2044 posuit
1457 1971 1510 2024 in
1531 1985 1622 2024 sua
1648 1975 1909 2037 potestate.

328 2079 394 2132 Et
421 2076 571 2148 quasi
599 2076 868 2130 diceretur
888 2072 955 2136 ei,
984 2070 1050 2124 Et
1080 2067 1204 2138 quid
1229 2075 1311 2121 est
1332 2061 1612 2119 nostrum?
1639 2059 1793 2113 Modo
1820 2073 1917 2111 an.

328 2173 534 2228 diamus
564 2169 690 2242 quid
729 2168 796 2223 ad
829 2182 928 2222 nos
957 2164 1187 2219 maxime
1215 2161 1515 2231 pertineat,
1540 2153 1701 2211 modo
1730 2152 1916 2206 audia-

330 2280 470 2319 mus.
501 2261 790 2329 Quzesitum
832 2264 918 2312 est
958 2255 1098 2326 quod
1139 2269 1247 2308 non
1273 2256 1518 2320 oporteat
1543 2247 1648 2302 dici
1674 2262 1686 2298 :
1711 2243 1804 2300 sed
1831 2243 1914 2296 di-

328 2367 472 2412 ctum
502 2363 583 2409 est
609 2351 751 2423 quod
785 2357 1028 2420 oporteat
1052 2345 1243 2401 audiri.
1287 2341 1410 2397 Non
1443 2350 1514 2395 est
1543 2349 1761 2394 vestrum
1791 2335 1918 2392 scire

331 2457 556 2518 tempora
577 2487 593 2513 ,
618 2460 731 2515 qua:
760 2441 921 2496 Pater
948 2440 1112 2512 posuit
1136 2439 1189 2492 in
1227 2453 1320 2490 sua
1359 2442 1621 2506 potestate.
1659 2429 1764 2490 Sed
1791 2426 1919 2500 quid

330 2550 414 2596 est
439 2549 674 2593 vestrum
705 2534 881 2590 scire?

400 2629 624 2685 CAPUT
657 2627 722 2683 V.
767 2656 839 2667 -—
877 2625 932 2680 6.
966 2622 1194 2678 Ecclesia
1220 2636 1323 2674 una
1359 2617 1537 2687 ubique
1564 2612 1753 2681 (li/fusa
1783 2626 1916 2682 prm-

333 2726 532 2780 dicatur
578 2727 754 2778 contra
783 2719 1141 2775 schismaticos.
1160 2746 1230 2756 ——
1256 2713 1359 2769 Sed
1405 2709 1658 2780 accipietis
1692 2708 1921 2760 virtutem

335 2819 560 2890 Spiritus
579 2826 740 2872 sanctt
755 2814 1179 2886 supervenientem
1194 2811 1246 2862 in
1263 2825 1365 2873 uos,
1382 2816 1428 2860 et
1443 2805 1581 2860 eritis
1607 2802 1729 2856 mihi
1752 2808 1917 2854 testes.

333 2909 475 2966 Ubi?
503 2909 568 2963 1η
609 2907 913 2962 Jerusalem.
954 2905 1300 2972 Consequens
1327 2908 1441 2952 erat
1480 2905 1537 2951 ut
1562 2895 1664 2952 hoc
1705 2892 1920 2946 audire-

335 3018 491 3058 mus:
517 3002 599 3056 his
636 3001 777 3056 enim
802 2998 981 3055 verbis
1016 2996 1246 3050 Ecclesia
1296 2991 1637 3062 praedicatur,
1682 2985 1937 3073 Ecclesia

336 3095 758 3158 commendatur,
793 3092 967 3146 unitas
991 3087 1357 3151 annuntiatur,
1393 3082 1584 3137 divisio
1619 3088 1920 3133 accusatur.

338 3187 607 3257 Apostolis
637 3185 836 3240 dictum
861 3190 977 3246 est,
1013 3179 1078 3234 Et
1109 3179 1244 3232 eritis
1289 3176 1412 3230 mihi
1455 3183 1621 3228 testes.
1655 3169 1926 3225 Fidelibus

339 3282 549 3344 dicitur,
578 3279 718 3332 vasis
761 3277 852 3331 Dei
877 3275 1090 3338 dicitur,
1123 3270 1262 3326 vasis
1294 3265 1676 3326 misericordiae
1706 3263 1921 3325 dicitur,

341 3373 498 3427 Eritis
523 3371 643 3426 n'ihi
665 3379 828 3424 testes.
859 3367 994 3423 Ubi?
1017 3365 1082 3419 In
1102 3362 1406 3427 Jerusalem,
1429 3360 1518 3414 ubi
1539 3358 1746 3414 occisus
1770 3370 1923 3412 sum:

341 3476 385 3518 et
415 3466 600 3519 intota
625 3461 810 3519 Iudaea
845 3469 890 3517 et
921 3457 1188 3520 Samaria,
1227 3464 1275 3508 et
1314 3469 1466 3521 usque
1504 3451 1557 3504 in
1594 3450 1718 3516 lines
1758 3457 1924 3502 terrae.

344 3559 484 3612 Ecce
506 3555 646 3624 quod
687 3552 900 3616 audite,
929 3565 1054 3604 ecce
1092 3546 1232 3617 quod
1263 3551 1460 3599 tenete.
1489 3541 1696 3610 Sponsa
1733 3547 1925 3602 estote,

342 3661 396 3704 et
436 3661 690 3716 sponsum
720 3643 895 3699 securi
925 3646 1252 3710 exspectate.
1279 3637 1487 3704 Sponsa
1535 3631 1776 3688 Ecclesia
1823 3637 1925 3682 est.

343 3741 446 3797 Ubi
490 3739 660 3792 futura
688 3735 971 3806 prredicata
997 3739 1107 3799 est,
1136 3744 1292 3799 quam
1335 3727 1412 3782 illi
1442 3733 1606 3780 testes
1643 3721 1928 3776 annuntia-

345 3843 492 3900 rent;
514 3832 598 3886 ubi
617 3831 786 3884 futura
806 3827 1085 3898 praedicata
1106 3823 1222 3878 est?
1247 3821 1392 3878 Multi
1411 3819 1553 3874 enim
1571 3816 1761 3872 dicturi
1783 3823 1928 3880 sunt,

347 3928 485 3981 Ecce
518 3926 601 3979 hic
625 3932 724 3983 est,
761 3920 1042 3982 Audirem,
1078 3919 1248 3973 sinon
1277 3925 1332 3970 et
1358 3914 1496 3968 alius
1525 3911 1758 3972 diceret,
1792 3909 1932 3962 Ecce

347 4019 432 4072 hic
461 4025 560 4071 est.
587 4015 722 4083 Quid
752 4026 806 4068 tu
833 4013 1002 4066 dicis?
1027 4011 1164 4064 Ecce
1207 4008 1293 4062 hic
1317 4015 1417 4060 est.
1464 4004 1580 4064 Jam
1624 4003 1763 4056 ibam
1795 4018 1806 4053 :
1837 3999 1934 4055 sed

345 4118 563 4164 revocat
600 4107 736 4160 alius
778 4103 937 4158 simili
981 4117 1143 4161 voce,
1179 4100 1316 4154 Ecce
1359 4096 1442 4149 hic
1482 4104 1584 4150 est.
1617 4093 1657 4148 Τ
1665 4109 1695 4146 ιι
1723 4107 1788 4145 ex
1828 4092 1932 4145 una

347 4211 517 4273 parte,
551 4201 686 4255 Ecce
716 4198 799 4252 hic
831 4203 913 4250 est
936 4214 949 4249 :
971 4194 1108 4248 alius
1134 4209 1197 4247 ex
1228 4199 1377 4260 parte
1411 4187 1535 4251 alia,
1561 4187 1698 4240 Ecce
1725 4185 1811 4238 hic
1829 4191 1931 4239 est.

350 4293 628 4348 Dominum
685 4291 1105 4356 interrogemus,
1164 4282 1449 4338 Dominum
1506 4278 1930 4347 interpellemus.

351 4385 554 4442 Sileant
591 4392 798 4452 partes,
829 4387 995 4432 totum
1040 4375 1338 4430 audiamus.
1383 4371 1519 4425 Dicit
1549 4387 1684 4426 unus
1723 4385 1789 4424 ex
1829 4383 1935 4422 uno

351 4481 542 4550 angulo
562 4520 574 4542 ,
609 4478 746 4531 Ecce
778 4475 863 4528 hic
883 4482 964 4528 est
991 4491 1005 4526 :
1030 4472 1164 4525 alius
1191 4485 1254 4524 ex
1285 4467 1392 4522 alio
1417 4466 1609 4535 angulo
1629 4506 1642 4531 ,
1670 4463 1807 4529 Non,
1841 4463 1935 4516 sed

351 4588 478 4629 ecce
526 4572 610 4625 hic
638 4578 738 4624 est.
767 4567 878 4632 Tu,
911 4565 1159 4628 Domine,
1195 4561 1280 4616 dic
1305 4579 1319 4614 :
1345 4569 1399 4614 tu
1443 4573 1626 4612 assere
1663 4567 1820 4626 quam
1851 4572 1936 4608 re-

350 4663 561 4720 demisti
584 4703 598 4728 ,
627 4658 846 4715 ostende
873 4673 1032 4727 quam
1071 4654 1322 4710 dilexisti.
1354 4650 1434 4706 Ad
1473 4651 1682 4720 nuptias
1714 4657 1830 4703 tuas
1857 4648 1936 4702 in-

350 4757 499 4813 vitati
547 4765 761 4818 sumus,
801 4750 1022 4805 ostende
1068 4762 1320 4818 sponsam
1365 4755 1546 4810 tuam,
1577 4761 1643 4798 ne
1685 4752 1806 4798 vota
1846 4753 1934 4798 tua

351 4847 608 4922 litigando
635 4844 930 4898 turbamus.
967 4840 1100 4894 Dicit
1123 4838 1277 4908 plane
1296 4877 1311 4900 ,
1345 4836 1575 4890 ostendit
1607 4837 1760 4902 plane
1789 4853 1800 4887 :
1829 4851 1934 4888 non

349 4943 550 4999 deserit
579 4939 938 5009 inquirentes,
971 4948 1075 4988 non
1115 4939 1256 4985 amat
1287 4930 1574 4997 litigantes.
1609 4927 1746 4982 Dicit
1770 4928 1933 4981 disci-

351 5039 490 5110 pulis
513 5036 655 5100 suis,
679 5040 732 5086 et
759 5047 860 5085 non
889 5026 1248 5098 quaerentibus
1273 5023 1430 5086 dicit;
1459 5023 1579 5092 quia
1609 5019 1936 5076 contenden-

351 5131 490 5186 tibus
519 5122 852 5184 contradicit.
888 5120 953 5174 Et
995 5118 1113 5173 ideo
1143 5116 1366 5170 fortasse
1413 5114 1512 5168 hoc
1555 5113 1624 5167 ab
1666 5114 1936 5181 Apostolis

351 5221 584 5276 nondum
610 5213 968 5288 quaerebatur,
996 5208 1120 5279 quia
1150 5223 1276 5277 grex
1302 5205 1498 5260 Christi
1529 5204 1760 5258 nondum
1792 5218 1818 5256 a
1854 5204 1935 5258 la-

353 5313 594 5368 tronibus
617 5307 968 5365 dividebatur.
994 5300 1102 5357 Nos
1141 5299 1344 5369 experti
1369 5298 1584 5353 dolores
1622 5296 1932 5363 divisionis,

354 5402 590 5458 studiose
615 5401 892 5471 coagulum
925 5408 1226 5466 qumramus
1253 5392 1488 5446 unitatis.
1521 5389 1762 5459 Apostnli
1791 5405 1938 5459 quae-

353 5504 474 5551 runt
499 5503 706 5561 tempus
723 5489 937 5561 iudicii,
959 5496 1014 5544 et
1042 5486 1295 5540 Dominus
1324 5482 1612 5553 reSpondet
1637 5483 1810 5536 locum
1836 5480 1939 5536 Ec-

352 5587 547 5644 clesiae.
576 5584 690 5639 Non
720 5581 992 5652 respondit
1017 5577 1160 5648 quod
1190 5576 1550 5647 quaesierunt,
1582 5573 1677 5628 sed
1724 5584 1936 5628 nostros

351 5679 678 5755 praevalebat
696 5676 928 5731 dolores.
958 5673 1137 5739 Eritis,
1169 5671 1354 5742 inquit,
1381 5669 1504 5724 mihi
1534 5677 1680 5723 testes
1700 5668 1754 5721 in
1782 5666 1938 5720 Jeru-

355 5775 529 5830 salem.
561 5771 753 5828 Parum
777 5774 880 5824 est.
925 5764 1043 5824 Non
1070 5779 1171 5837 pro
1207 5762 1311 5821 hoc
1336 5772 1542 5820 tantum
1579 5761 1810 5834 pretium
1835 5760 1933 5818 de-

1664 277 1896 341 SERMO
1929 273 2176 335 GCLXV.

3449 271 3593 332 me

2009 391 2153 459 disti,
2183 398 2242 448 ut
2270 392 2371 447 hoc
2392 391 2562 448 solum
2589 406 2820 449 emeres.
2850 391 2918 447 1η
2943 390 3248 449 Jerusalem.
3274 391 3366 448 Die
3391 391 3590 458 adhuc,

2010 480 2077 540 Et
2098 499 2254 554 usque
2277 483 2332 538 in
2357 485 2480 554 fines
2517 493 2681 540 teme.
2713 484 2916 538 Venisti
2957 485 3023 540 ad
3055 484 3186 540 lines
3219 503 3231 538 :
3261 501 3425 554 quare
3452 499 3586 539 oon-

2012 574 2278 630 tentiones
2303 591 2408 630 non
2445 576 2601 631 ﬁnis?
2627 576 2794 631 Nemo
2834 577 2962 632 mihi
3006 577 3147 632 dicat
3167 576 3310 647 jam,
3340 577 3476 631 Ecce
3506 576 3596 631 hic

2013 675 2094 722 est
2123 667 2295 730 :Non,
2326 667 2421 723 sed
2451 684 2575 723 ecce
2605 669 2708 723 hic.
2742 669 2908 724 Sileat
2945 669 3171 724 humana
3219 671 3594 738 przesnmptio,

2013 761 2255 816 audiatur
2282 761 2459 817 divina
2491 763 2793 832 prmdicatio
2811 805 2823 826 ,
2855 771 3099 818 teneatur
3122 775 3244 818 vera
3273 764 3554 832 promissio
3578 780 3592 816 :

2017 851 2081 908 In
2103 851 2388 908 Jerusalem
2408 895 2422 920 ,
2455 864 2501 908 et
2530 856 2583 909 in
2603 865 2704 910 tota
2729 855 2912 909 Judwa
2934 864 2979 908 et
3001 854 3240 910 Samaria
3257 897 3272 920 ,
3297 865 3343 909 et
3371 870 3522 923 usque
3543 855 3599 908 in

2015 947 2139 1015 ﬁnes
2170 954 2334 1001 terrm.
2356 947 2458 1008 His
2481 947 2656 1013 dictis,
2683 950 2836 1002 nubes
2854 950 3072 1018 suscepit
3098 965 3210 1002 eum
3235 948 3369 1020 (Aet.
3393 964 3429 1012 ι,
3455 947 3600 1018 6-9).

2013 1038 2130 1096 Jam
2159 1055 2262 1095 non
2299 1054 2433 1111 opus
2457 1050 2574 1096 erat
2593 1081 2609 1108 ,
2631 1050 2689 1096 ut
2716 1042 2914 1112 aliquid
2956 1042 3260 1109 adderetur,
3290 1057 3360 1099 ne
3384 1039 3602 1098 aliunde

2015 1132 2362 1203 cogitaretur.

2085 1224 2311 1282 CAPUT
2350 1226 2438 1282 Vl.
2469 1256 2540 1267 -—
2569 1226 2619 1280 7.
2677 1224 2834 1282 Verba
2861 1227 3131 1282 nouissima
3169 1224 3358 1281 Christi
3383 1243 3416 1280 a
3459 1224 3602 1279 schi-

2015 1321 2238 1376 smaticis
2262 1330 2568 1392 contempta.
2618 1321 2810 1376 Tunica
2855 1321 3040 1375 Christi
3089 1322 3421 1376 inconsutilis.
3469 1319 3603 1374 Fra-

2020 1423 2148 1480 tres,
2182 1429 2277 1484 pro
2303 1429 2496 1486 magno
2524 1414 2694 1470 audiri
2715 1413 2890 1474 solent
2914 1413 3071 1467 verba
3099 1415 3386 1470 novissima
3408 1428 3606 1482 paren-

2017 1507 2234 1562 tis—ituri
2265 1509 2314 1562 in
2334 1509 2656 1578 sepulcrum,
2680 1515 2734 1564 et
2755 1516 3175 1564 contemnuntur
3203 1507 3412 1562 Domini
3441 1506 3606 1562 verba

2019 1599 2303 1654 novissima
2353 1601 2691 1656 ascendentis
2736 1600 2790 1654 in
2817 1598 3056 1655 omium?
3095 1598 3472 1653 Existimemus
3501 1599 3608 1653 Do-

2019 1691 2219 1746 minum
2248 1701 2487 1746 nostrum
2525 1701 2900 1748 testamentum
2929 1691 3243 1762 scripsisse,
3273 1699 3328 1746 et
3353 1690 3406 1745 in
3436 1698 3605 1747 testa-

2018 1793 2198 1838 mento
2227 1799 2324 1838 suo
2352 1785 2638 1839 novissima
2663 1784 2824 1840 verba
2866 1785 3129 1856 posuisse.
3176 1783 3434 1840 Prtevidit
3465 1784 3611 1839 enim

2018 1876 2280 1930 malorum
2327 1876 2555 1930 ﬁliorum
2600 1875 2774 1931 futura
2819 1876 3023 1946 litigia,
3067 1875 3312 1947 prmvidit
3367 1873 3615 1930 homines

2023 1975 2198 2037 partes
2248 1969 2349 2022 sibi
2397 1977 2658 2022 conantes
2708 1966 2884 2022 facere
2922 1967 2989 2022 de
3031 1967 3370 2037 possessione
3415 1963 3609 2019 aliena.

2019 2061 2194 2130 Quare
2214 2062 2354 2115 enim
2383 2078 2488 2116 non
2518 2061 2757 2115 dividant
2776 2102 2789 2126 ,
2822 2059 2964 2130 quod
2994 2067 3096 2115 nun
3127 2058 3408 2113 emerunt?
3437 2056 3616 2124 Quare

2020 2170 2126 2208 non
2150 2155 2462 2219 concidant,
2506 2170 2604 2224 pro
2633 2169 2738 2224 quo
2766 2154 2995 2224 pretium
3029 2169 3134 2210 non
3176 2152 3477 2207 dederunt?
3508 2149 3616 2205 Sed

2021 2247 2108 2303 ille
2132 2248 2360 2301 tunicam
2383 2248 2612 2315 desuper
2654 2257 2848 2302 textam
2896 2263 3154 2317 nusquam
3182 2247 3498 2302 consutilem
3530 2245 3616 2300 di-

2021 2339 2128 2394 vidi
2185 2340 2391 2394 uoluit:
2422 2349 2566 2395 sorte
2603 2342 2844 2410 provenit
2882 2341 3072 2413 (Joan.
3109 2354 3193 2394 XIX
3219 2381 3234 2406 ,
3263 2339 3364 2406 23,
3395 2339 3510 2406 Si).
3555 2338 3615 2395 In

2022 2431 2110 2484 illa
2135 2441 2280 2486 veste
2305 2433 2479 2486 unitas
2507 2432 2872 2486 commendata
2889 2437 2990 2498 est,
3022 2432 3075 2486 in
3104 2432 3189 2486 illa
3216 2440 3364 2487 veste
3385 2430 3618 2488 charilas

2023 2525 2306 2594 praedicata
2353 2535 2469 2590 est,
2513 2527 2624 2595 ipsa
2655 2537 2754 2589 est,
2785 2525 3016 2593 desuper
3061 2534 3224 2581 texta.
3259 2527 3332 2580 De
3361 2533 3499 2579 terra
3533 2531 3618 2579 est

2027 2617 2309 2686 cupiditas,
2330 2617 2563 2687 desuper
2586 2617 2840 2672 charitas.
2868 2617 3040 2686 Agite,
3070 2616 3259 2671 fratres
3284 2634 3296 2670 :
3327 2626 3618 2672 testamen-

2031 2715 2144 2762 tum
2173 2707 2386 2778 scripsit
2412 2709 2667 2762 Dominus
2691 2750 2706 2775 ,
2732 2708 3018 2763 novissima
3047 2708 3209 2762 verba
3241 2709 3432 2778 posuit.
3457 2707 3621 2763 Vide-

2027 2810 2101 2867 te,
2129 2799 2354 2854 obsecro
2374 2816 2489 2867 vos,
2508 2809 2561 2854 et
2607 2810 2818 2855 moveat
2838 2816 2932 2855 vos
2957 2801 3226 2871 quomodo
3259 2801 3312 2855 et
3338 2815 3431 2855 nos
3451 2841 3466 2868 ,
3505 2814 3622 2854 mo-

2028 2900 2180 2956 veat,
2211 2892 2255 2944 si
2286 2891 2398 2946 fieri
2428 2900 2623 2962 potest.

2097 2983 2323 3038 CAPUT
2345 2983 2592 3038 Vll.—8.
2621 2982 2810 3039 Christi
2827 2983 2945 3037 dum
2956 2984 3371 3054 gloriﬁcatioaes.
3395 2983 3621 3056 Spiritus

2027 3086 2230 3132 sanctus
2266 3076 2339 3130 bis
2378 3077 2548 3130 datus.
2594 3076 2722 3130 Dea:
2737 3089 2861 3130 sunt
2885 3077 3299 3146 glorilicationes
3329 3076 3622 3131 secundant

2029 3168 2260 3237 suscepti
2331 3165 2562 3223 hominis
2621 3165 2847 3222 formam
2901 3185 2914 3220 :
2968 3183 3106 3230 una,
3162 3183 3264 3236 qua
3313 3167 3546 3222 surrexit
3591 3173 3625 3222 tt

2031 3261 2256 3317 mortuis
2286 3261 2444 3316 tertio
2471 3259 2593 3326 die;
2628 3259 2729 3314 alia
2751 3301 2765 3325 ,
2794 3275 2896 3329 qua
2919 3259 3159 3314 ascendit
3193 3261 3247 3313 in
3275 3259 3474 3314 cadum
3501 3265 3626 3314 ante

2030 3354 2216 3408 oculos
2232 3353 2618 3422 discipulorum
2644 3367 2880 3405 suorum.
2903 3353 3026 3406 Dua:
3039 3359 3162 3406 sunt
3183 3352 3320 3413 istas.
3341 3367 3460 3419 qua:
3477 3365 3627 3404 com—

2031 3444 2368 3507 mandantur,
2389 3443 2805 3512 gloriﬁcationes
2819 3443 2935 3510 ejus
2946 3443 3054 3512 jam
3073 3443 3243 3496 facte.
3260 3442 3443 3496 Restat
3460 3449 3561 3496 una
3572 3448 3628 3503 et

2033 3538 2144 3608 ipsa
2161 3538 2210 3591 in
2227 3544 2519 3605 conspectu
2533 3536 2828 3600 hominum,
2845 3551 2962 3588 cum
2982 3550 3041 3589 se
3052 3535 3252 3603 judicio
3265 3533 3626 3603 praesentabit.

2033 3630 2109 3685 De
2139 3629 2341 3699 Spiritu
2369 3637 2556 3682 sancto
2574 3627 2674 3681 hoc
2695 3635 2810 3681 erat
2839 3626 3040 3681 dictum
3069 3632 3163 3695 per
3181 3624 3439 3680 Joannem
3460 3641 3626 3680 evan-

2033 3721 2274 3791 gelistam
2308 3734 2326 3773 :
2355 3718 2582 3789 Spiritus
2625 3729 2797 3771 autem
2837 3717 3065 3772 nondum
3114 3717 3275 3786 fuerat
3301 3716 3482 3783 datus,
3508 3717 3628 3786 quia

2034 3813 2184 3868 Jesus
2216 3813 2442 3866 nondum
2487 3821 2594 3866 erat
2625 3811 2942 3881 glori/iratus
2969 3810 3147 3878 (Joatt.
3179 3826 3268 3874 vu,
3298 3808 3408 3880 59).
3452 3808 3627 3878 Spiri-

2037 3915 2114 3959 tus
2142 3914 2305 3958 autem
2329 3903 2554 3958 nondum
2582 3905 2748 3974 fuerat
2775 3901 2924 3955 datus
2955 3917 2973 3955 :
3001 3917 3168 3970 quare
3198 3900 3430 3956 nondum
3459 3899 3628 3954 fuerat

2037 3996 2233 4051 datus?
2258 3995 2391 4062 Quia
2415 3993 2447 4046 J
2454 4011 2566 4048 esus
2586 3994 2812 4046 nondum
2836 4003 2946 4046 erat
2975 3991 3308 4062 gloriﬁcatus.
3335 3991 3628 4061 Exspecta-

2040 4090 2193 4144 batur
2221 4105 2349 4158 ergo
2377 4130 2389 4153 ,
2425 4097 2481 4142 ut
2522 4088 2817 4158 glorilicatn
2843 4087 2969 4142 Jesu
2995 4087 3213 4141 daretur
3239 4087 3486 4156 Spiritus.
3518 4086 3630 4140 Me-

2039 4184 2249 4252 ritoque
2281 4182 2362 4235 bis
2388 4181 2714 4250 glorificatus
2737 4221 2751 4243 ,
2804 4180 3133 4250 resurgendo
3174 4189 3228 4235 et
3254 4179 3589 4234 ascendendo
3613 4219 3626 4244 ,

2040 4274 2122 4328 bis
2144 4275 2290 4329 dedit
2310 4274 2584 4343 Spiritum.
2614 4273 2791 4328 Unum
2813 4273 2962 4327 dedit
2989 4315 3003 4339 ,
3037 4283 3088 4327 et
3117 4289 3251 4328 lllllIS
3280 4273 3428 4328 dedit
3453 4313 3466 4337 ,
3516 4274 3633 4327 uni-

2041 4367 2134 4421 tati
2182 4366 2364 4434 dedit,
2405 4375 2461 4420 et
2499 4374 2677 4420 tamen
2723 4367 2804 4420 bis
2855 4364 3024 4420 dedit.
3056 4365 3238 4420 Primo
3285 4376 3630 4435 posteaquam

2039 4460 2365 4522 resurrexit,
2407 4459 2541 4513 dixit
2586 4458 2860 4528 discipulis
2899 4459 3010 4512 suis
3051 4476 3064 4512 :
3108 4457 3332 4528 Accipite
3380 4457 3632 4526 Spiritum

2039 4561 2288 4606 sanctum.
2331 4549 2398 4603 Et
2429 4549 2716 4604 insufflavit
2767 4550 2819 4602 in
2866 4548 3054 4603 faciem
3086 4564 3274 4603 eorum
3344 4547 3452 4618 (Id.
3513 4565 3588 4602 xx
3615 4589 3629 4615 ,

2039 4642 2152 4714 22).
2178 4643 2351 4697 llabes
2375 4642 2559 4698 semel.
2576 4641 2772 4695 Deinde
2788 4642 3042 4710 promittit
3067 4641 3240 4694 adhuc
3267 4655 3324 4693 se
3349 4641 3633 4694 missurum

2039 4736 2292 4805 Spiritum
2319 4745 2580 4798 sanctum,
2599 4741 2653 4788 et
2673 4733 2830 4796 dicit,
2868 4733 3126 4802 Accipietis
3153 4733 3382 4784 virtutem
3411 4731 3636 4800 Spiritus

2041 4829 2201 4883 sancti
2226 4827 2651 4896 supervenienlem
2678 4826 2731 4879 in
2771 4842 2855 4878 vos
2883 4825 3017 4895 (Act.
3051 4839 3068 4875 1
3093 4864 3106 4888 ,
3151 4821 3203 4892 ὃ)
3233 4838 3244 4872 :
3279 4830 3332 4873 et
3361 4822 3464 4874 alio
3495 4822 3632 4887 loco,

2041 4920 2108 4974 In
2121 4922 2315 4973 ciuitate
2324 4920 2486 4972 sedete
2501 4935 2519 4973 :
2532 4936 2622 4989 ego
2645 4919 2774 4972 enim
2787 4918 3023 4987 impleam
3040 4915 3420 4984 promissionem
3441 4914 3632 4979 Patris,

2041 5029 2192 5083 quam
2219 5012 2452 5073 audistis,
2498 5011 2698 5080 inquit,
2728 5025 2791 5062 ea:
2815 5025 2898 5061 ore
2926 5023 3032 5059 meo
3062 5006 3210 5072 (an.
3240 5005 3504 5076 xxlv,49).
3530 5006 3634 5059 Pn-

2041 5115 2310 5174 steaquam
2332 5104 2590 5168 ascendit,
2618 5103 2800 5156 decem
2827 5099 3015 5152 diebus
3038 5098 3104 5150 ibi
3129 5097 3279 5151 factis
3306 5098 3444 5150 misit
3472 5098 3640 5165 Spiri-

2043 5207 2154 5254 tum
2184 5206 2421 5252 sanctum
2455 5215 2468 5251 :
2507 5197 2620 5266 ipse
2645 5203 2728 5248 est
2747 5192 3002 5246 solemnis
3031 5190 3239 5244 futurus
3270 5191 3636 5245 Pentecostes.

2122 5291 2352 5348 CAPUT
2404 5288 2611 5345 Vlll.-—
2638 5288 2691 5342 9.
2748 5285 2973 5354 Spiritus
3015 5293 3215 5338 sanctus
3263 5283 3376 5337 ideo
3417 5282 3490 5337 bis
3541 5283 3636 5336 da—

2044 5394 2124 5440 tus
2149 5426 2162 5450 ,
2230 5391 2285 5437 ut
2356 5383 2455 5435 duo
2521 5388 2772 5451 praecepta
2833 5376 3094 5430 charitatls
3147 5376 3639 5429 commendarentur.

2042 5480 2272 5545 Videte,
2329 5477 2517 5530 fratres
2572 5474 2696 5527 mei.
2751 5471 2965 5540 Qumrat
3012 5487 3042 5526 a
3091 5487 3177 5526 me
3223 5471 3447 5541 aliquis,
3493 5469 3640 5538 Qua.

2042 5588 2102 5629 re
2147 5573 2228 5627 bis
2272 5569 2419 5625 dedit
2469 5567 2726 5637 Spiritum
2779 5565 3063 5620 sanctum?
3110 5565 3256 5620 Multi
3302 5565 3466 5619 multa
3491 5563 3646 5618 dixe-

2045 5675 2206 5732 runt,
2253 5671 2307 5718 et
2333 5662 2472 5716 sicut
2508 5660 2755 5715 homines
2784 5660 3112 5729 qumsierunt
3144 5676 3158 5713 :
3185 5667 3240 5713 et
3263 5656 3460 5728 aliquid
3484 5655 3639 5712 dixe-

2043 5765 2170 5815 runt
2195 5754 2338 5828 quod
2351 5767 2462 5810 non
2489 5760 2573 5811 est
2595 5762 2782 5810 contra
2800 5751 2962 5809 fidem
2979 5767 2998 5820 ;
3018 5750 3157 5808 alius
3178 5750 3301 5822 hoc,
3317 5749 3455 5808 alios
3482 5746 3635 5819 illud,
