4102 6326
484 291 624 348 ωδ

484 413 772 478 utrumque
824 401 965 474 quod
1021 415 1127 458 non
1192 399 1477 457 excederet
1523 400 1759 470 regulam
1809 397 2066 455 veritatis.

482 495 539 552 Si
565 496 739 553 dicam
777 510 863 551 me
901 493 1041 549 scire
1069 508 1233 565 quare
1267 493 1348 548 bis
1377 491 1618 557 dederit,
1648 491 1874 547 mentiar
1898 490 2070 545 vobis.

484 587 692 645 Nescio.
739 587 838 656 Qui
882 601 942 643 se
982 585 1112 642 dicit
1147 584 1282 640 scire
1319 583 1462 655 quod
1507 583 1709 649 nescit,
1759 582 2073 638 temerarius

483 691 566 738 est
594 700 606 735 :
639 681 729 751 qui
757 695 815 736 se
841 688 998 751 negat
1047 679 1185 734 scire
1229 677 1372 748 quod
1404 677 1503 732 scit
1529 719 1543 743 ,
1572 677 1809 747 ingratus
1838 683 1938 730 est.
1971 674 2074 728 Ere

460 789 547 845 .go
574 772 744 828 fateor
775 771 924 826 vobis
949 811 964 835 ,
995 786 1160 841 quare
1190 770 1270 824 bis
1298 768 1509 823 dederit
1533 769 1789 822 Dominus
1815 765 2070 836 Spiritum

481 872 742 927 sanctum,
771 863 944 918 adhuc
971 877 1152 932 quaaro
1184 879 1196 915 :
1235 861 1300 916 ad
1331 859 1530 931 aliquid
1569 860 1768 915 certius
1796 859 2074 928 pervenire

481 957 656 1027 cupio.
698 955 930 1027 Adjuvet
954 970 1040 1010 me
1068 955 1325 1010 Dominus
1349 955 1624 1009 orantibus
1652 953 1822 1020 vobis,
1847 961 1903 1007 ut
1931 951 2072 1022 quod

481 1047 684 1104 donare
713 1047 978 1117 dignatur,
1009 1055 1063 1102 et
1088 1046 1237 1101 vobis
1268 1061 1373 1100 non
1415 1054 1673 1101 taceatur.
1708 1045 1847 1115 Ergo
1869 1043 2071 1098 nescio.

482 1141 628 1211 Quid
685 1150 864 1196 tamen
888 1140 1186 1196 existimem
1220 1139 1454 1194 nondum
1486 1140 1680 1205 sciens,
1715 1137 1946 1192 nondum
1979 1151 2074 1206 pro

481 1242 628 1289 certo
656 1242 844 1288 tenens
870 1273 885 1298 ,
931 1232 1069 1288 sicut
1091 1232 1451 1287 certissimum
1480 1241 1635 1286 teneo
1671 1229 1918 1293 dedisse;
1949 1227 2074 1298 quid

442 1339 609 1404 gergo
636 1310 934 1378 existimem
959 1363 974 1389 ,
1017 1339 1123 1377 non
1169 1322 1374 1377 tacebo.
1404 1319 1460 1377 Si
1492 1321 1592 1374 hoc
1631 1329 1748 1384 est,
1791 1318 2075 1374 conﬁrmet

448 1417 735 1486 .Dominus
779 1417 862 1470 :si
904 1415 1047 1470 aliud
1078 1423 1161 1471 est
1191 1414 1331 1485 quod
1363 1415 1538 1469 verius
1585 1421 1870 1483 appareat,
1912 1411 2075 1467 donet

481 1508 760 1564 Dominus.
795 1508 937 1579 Ergo
980 1507 1213 1562 arbitror
1236 1547 1251 1574 ,
1281 1507 1376 1562 sed
1415 1507 1665 1570 arbitror,
1697 1506 1817 1560 ideo
1859 1505 1940 1559 bis
1979 1505 2073 1560 da-

451 1608 588 1682 ‘tum
618 1615 736 1656 esse
762 1600 996 1670 Spirtum
1041 1608 1281 1654 sanctum
1310 1641 1324 1665 ,
1360 1608 1416 1653 ut
1439 1598 1942 1653 commendarentur
1967 1597 2073 1652 duo

478 1701 743 1763 praacepta
791 1691 1086 1747 cliaritatis.
1152 1691 1267 1746 Duo
1311 1699 1436 1745 sunt
1476 1690 1617 1746 enim
1661 1700 1922 1762 prtecepta
1952 1731 1966 1755 ,
2018 1699 2074 1746 et

477 1798 582 1838 una
629 1792 709 1837 est
758 1782 989 1838 charitas
1023 1801 1035 1835 :
1071 1780 1264 1852 Diliges
1304 1780 1582 1834 Dominum
1625 1780 1787 1834 Deum
1832 1791 1974 1834 tuum
2011 1796 2074 1834 ea;

477 1882 579 1929 toto
605 1874 756 1928 corde
779 1883 886 1940 tuo,
912 1883 957 1927 et
984 1889 1046 1928 ex
1071 1881 1176 1927 tota
1197 1872 1371 1925 anima
1400 1882 1486 1925 tua
1518 1889 1537 1925 :
1563 1880 1616 1928 et
1638 1913 1654 1940 ,
1680 1870 1874 1944 Diliges
1895 1872 2070 1944 proxi-

479 1985 615 2022 mum
642 1979 804 2035 tuum,
836 1977 1076 2037 tanquam
1103 1975 1149 2023 te
1168 1967 1355 2038 ipsum.
1388 1965 1452 2020 In
1484 1967 1560 2020 his
1589 1967 1781 2020 duobus
1812 1966 2072 2037 prceceptis

477 2067 580 2114 tota
607 2057 717 2115 Lex
737 2064 916 2130 pendet
943 2068 990 2114 et
1024 2058 1524 2131 Pr0phette(blatth.
1556 2074 1687 2122 xxn,
1720 2056 1926 2129 57-40).
1954 2057 2070 2113 Una

477 2151 742 2218 charitas,
787 2161 840 2208 et
876 2152 983 2207 duo
1033 2160 1300 2222 praecepta
1343 2170 1356 2204 :
1401 2168 1533 2206 unus
1573 2149 1839 2222 Spiritus,
1887 2160 1939 2204 et
1966 2150 2072 2205 duo
2110 2214 2115 2221 ,

481 2243 624 2300 data.
671 2244 787 2300 Non
821 2244 964 2300 enim
993 2245 1129 2299 alius
1156 2245 1310 2299 datus
1339 2254 1419 2299 est
1447 2245 1594 2315 prius
1618 2285 1633 2310 ,
1671 2253 1724 2298 et
1759 2244 1894 2298 alius
1919 2242 2074 2298 datus

483 2347 566 2394 est
591 2346 775 2408 postea
806 2355 820 2390 :
849 2337 972 2408 quia
1003 2352 1106 2391 non
1135 2337 1236 2391 alia
1268 2336 1501 2390 charitas
1528 2336 1700 2405 diligit
1749 2336 2069 2402 proximum,

475 2443 633 2500 quam
661 2428 748 2483 illa
773 2443 892 2498 quae
932 2428 1101 2499 diligit
1134 2429 1321 2484 Deum.
1358 2427 1472 2482 Non
1529 2443 1657 2498 ergo
1703 2428 1804 2482 alia
1842 2427 2073 2482 charitas

475 2530 576 2579 est.
605 2522 720 2589 Qua
759 2521 1020 2578 charitate
1055 2522 1393 2594 proximum,
1427 2523 1541 2592 ipsa
1589 2521 1848 2593 charitate
1891 2521 2065 2592 diligi-

481 2630 602 2671 mus
624 2625 679 2672 et
705 2615 893 2672 Deum.
923 2615 1030 2671 Sed
1057 2616 1179 2684 quia
1222 2615 1366 2670 aliud
1392 2624 1474 2670 est
1500 2615 1664 2679 Deus,
1697 2615 1842 2670 aliud
1885 2615 2038 2686 proxi
2059 2644 2072 2654 -

475 2725 634 2775 mus;
701 2723 805 2764 una
855 2707 1117 2764 charitate
1165 2707 1495 2784 diliguntur,
1552 2722 1659 2763 non
1709 2717 1835 2762 sunt
1894 2716 2072 2762 tamen

475 2816 640 2857 unum
672 2799 761 2870 qui
789 2799 1084 2871 diliguntur
1111 2818 1124 2854 :
1153 2800 1275 2870 quia
1320 2815 1448 2870 ergo
1491 2815 1682 2870 magna
1712 2807 1795 2855 est
1827 2799 2074 2869 primitus

474 2891 896 2950 commendanda
925 2892 1143 2948 dilectio
1172 2891 1264 2946 Dei
1292 2933 1306 2958 ,
1346 2891 1578 2947 secunda
1627 2892 1842 2946 dilectio
1890 2891 2073 2962 proxi-

476 2986 588 3051 mi;
633 3001 662 3039 a
684 2984 919 3041 secunda
951 2993 1128 3038 autem
1160 2984 1444 3054 incipitur,
1494 2993 1552 3037 ut
1589 2984 1656 3038 ad
1703 2985 1922 3053 primam
1951 2999 2074 3053 per-

477 3080 766 3136 veniatur:
819 3079 880 3133 Si
919 3079 1050 3132 enim
1091 3083 1302 3147 fratrem
1341 3093 1488 3148 quem
1539 3077 1674 3131 vides
1712 3094 1812 3130 non
1859 3077 2073 3148 diligis;

477 3171 642 3226 Deum
698 3187 846 3241 quem
907 3187 1008 3224 non
1057 3171 1226 3236 vides,
1295 3170 1544 3239 quomodo
1609 3169 1821 3241 diligere
1888 3171 2075 3240 poteris

480 3263 524 3336 (I
543 3263 700 3318 Joan.
717 3278 795 3328 IV,
813 3261 908 3332 20)
929 3262 952 3315 ?
975 3260 1099 3316 Ideo
1126 3261 1262 3315 forte
1289 3260 1582 3315 informans
1609 3276 1708 3316 nos
1733 3261 1800 3315 ad
1836 3261 2073 3316 dilectio-

477 3369 602 3410 nem
631 3354 897 3424 proximi,
931 3352 1080 3408 dedit
1105 3353 1155 3406 in
1187 3362 1325 3406 terra
1356 3352 1678 3422 conspicuus
1723 3361 1777 3406 et
1820 3354 2075 3423 proximis

477 3447 757 3519 proximus
799 3445 1052 3516 Spiritum
1099 3456 1336 3500 sanctum
1363 3487 1377 3509 ,
1420 3445 1740 3501 insumando
1789 3447 1838 3500 in
1886 3446 2075 3501 faciem

477 3554 664 3595 eorum
689 3555 704 3603 ;
730 3537 870 3594 etab
901 3537 998 3592 hac
1019 3539 1249 3592 maxime
1279 3537 1535 3592 charitate
1572 3553 1689 3607 qua:
1717 3538 1768 3592 in
1805 3539 1955 3593 caelis
1973 3547 2073 3603 est,

478 3631 545 3687 tle
587 3630 726 3686 cmlo
770 3629 912 3684 misit
941 3629 1198 3698 Spiritum
1244 3639 1505 3684 sanctum.
1543 3631 1800 3699 Spiritum
1833 3641 2075 3685 sanctum

479 3723 660 3792 accipe
687 3723 738 3776 in
763 3729 904 3776 terra
927 3761 942 3788 ,
971 3731 1028 3776 et
1075 3721 1250 3791 diligis
1279 3722 1494 3776 fratrem
1531 3739 1544 3775 ε
1571 3723 1752 3791 accipe
1781 3722 1845 3775 de
1896 3723 2032 3777 coelo
2059 3763 2074 3790 ,

478 3822 530 3870 et
555 3813 726 3884 diligis
750 3813 932 3867 Deum.
973 3812 1108 3880 Quia
1149 3821 1203 3868 et
1253 3813 1304 3866 in
1348 3823 1486 3866 terra
1517 3813 1658 3882 quod
1690 3814 1942 3884 accepisti
1970 3856 1981 3877 ,
2007 3814 2078 3869 de

479 3905 618 3960 cmlo
645 3914 748 3959 est.
778 3903 834 3958 ln
882 3894 1032 3958 terra
1063 3900 1307 3957 Christus
1357 3895 1547 3968 dedit,
1577 3903 1670 3958 sed
1713 3903 1780 3958 de
1817 3905 1956 3960 cmlo
1996 3913 2080 3959 est

479 3995 622 4064 quod
651 3993 818 4049 dedit.
868 3994 959 4049 Ille
985 3995 1126 4048 enim
1182 3992 1366 4060 dedit,
1411 3993 1500 4063 qui
1543 3992 1612 4048 de
1669 3995 1808 4049 cmlo
1855 3996 2082 4049 descen-

480 4085 581 4140 dit.
623 4085 720 4140 llic
791 4085 998 4140 invenit
1039 4085 1123 4140 cui
1178 4083 1368 4150 daret,
1409 4083 1503 4139 sed
1541 4084 1666 4140 inde
1725 4086 1901 4140 attulit
1937 4085 2077 4156 quod

481 4175 632 4232 daret
645 4215 652 4228 .
1212 4160 1221 4169 ’

554 4268 782 4324 CAPUT
822 4267 893 4322 IX
920 4297 992 4310 —
1014 4269 1100 4324 10.
1133 4268 1367 4324 Charitas
1396 4269 1622 4341 Spiritus
1664 4271 1825 4325 sancti
1869 4271 2076 4324 donum.

483 4360 620 4428 Quid
647 4369 896 4430 estergo,
922 4359 1153 4414 fratres?
1182 4361 1261 4414 An
1292 4359 1431 4416 forte
1478 4377 1842 4418 commemoro
1871 4371 1926 4417 et
1953 4364 2074 4427 hoc,

484 4454 758 4526 quomodo
801 4453 1034 4508 charitas
1076 4454 1141 4508 ad
1189 4453 1445 4525 Spiritum
1492 4466 1733 4510 sanctum
1774 4456 2079 4525 pertineat?

484 4546 706 4602 Paulum
744 4546 922 4601 audite
965 4564 978 4601 ε
1026 4565 1044 4597 ι
1083 4546 1195 4600 Non
1244 4547 1415 4601 solum
1457 4558 1634 4602 autem
1665 4589 1680 4613 ,
1731 4547 1943 4616 inquit,
1983 4547 2079 4602 sed

483 4648 537 4695 et
561 4639 849 4710 gloriamur
879 4639 929 4692 in
961 4639 1392 4696 tribulationibus
1446 4656 1459 4691 :
1506 4639 1735 4692 scientes
1762 4639 1882 4706 quia
1916 4637 2082 4691 tribu-

488 4733 617 4788 latio
670 4733 977 4804 patientiam
1026 4741 1277 4802 operatur
1309 4773 1326 4800 ,
1369 4731 1620 4801 patientia
1669 4730 2075 4800 probationem,

485 4825 727 4898 probatio
774 4840 901 4880 vero
955 4839 1144 4894 spem;
1187 4839 1309 4893 spes
1355 4832 1532 4877 autem
1586 4837 1693 4875 non
1744 4820 2020 4876 confundit
2061 4841 2075 4876 :

487 4917 607 4986 quia
637 4916 869 4971 charitas
908 4917 999 4972 Dei
1045 4915 1234 4970 diffusa
1281 4924 1362 4969 est
1406 4914 1456 4968 in
1504 4912 1753 4968 cordibus
1803 4913 2018 4967 nostris.
2054 4932 2072 4965 ι

487 5006 641 5065 Unde
687 5008 921 5064 charitas
952 5009 1043 5063 Dei
1089 5006 1280 5062 diffusa
1325 5014 1407 5060 est
1457 5005 1509 5058 in
1558 5005 1806 5060 cordibus
1839 5005 2078 5060 nostris?

487 5101 685 5160 Unde?
714 5102 848 5169 Quid
881 5102 974 5155 tibi
1024 5100 1231 5156 dabas?
1275 5099 1411 5166 Quid
1461 5099 1611 5170 quasi
1664 5099 1732 5154 de
1794 5107 1884 5154 tuo
1937 5113 2078 5168 prte-

485 5195 782 5257 sumebas;
843 5193 978 5257 Quid
1040 5193 1174 5245 enim
1243 5191 1396 5244 habes
1465 5191 1599 5259 quod
1663 5208 1764 5244 non
1837 5188 2080 5257 accepisti

488 5286 508 5359 (
543 5286 559 5339 l
602 5284 720 5340 Cor.
772 5299 827 5339 tv
850 5327 866 5352 ,
925 5285 956 5338 7
996 5282 1064 5354 )‘i
1102 5283 1242 5355 Ergo
1293 5285 1433 5339 unde
1459 5325 1471 5348 ,
1504 5284 1603 5338 nisi
1643 5283 1784 5354 quod
1815 5283 2075 5353 sequitur,

490 5376 596 5432 Per
643 5377 896 5448 Spiritum
927 5385 1155 5431 sanctum
1191 5377 1277 5445 qui
1320 5377 1468 5430 datus
1495 5384 1568 5430 est
1612 5375 1752 5430 nobis
1784 5375 1979 5448 (Rom.
2019 5388 2074 5444 ν,

489 5470 682 5539 3-5)?

562 5562 650 5618 11.
693 5560 924 5618 Charitas
977 5577 1080 5615 non
1127 5561 1337 5615 habetur
1391 5570 1535 5616 extra
1589 5561 1890 5616 Ecclesium.
1931 5563 2075 5618 Cha-

491 5653 621 5709 ritas
676 5655 775 5709 ista
830 5669 935 5709 non
977 5663 1223 5721 tenetur,
1273 5655 1372 5711 nisi
1425 5657 1476 5710 in
1542 5657 1742 5714 unitate
1803 5657 2071 5714 Ecclesia.

490 5741 612 5804 Non
655 5746 800 5804 illam
845 5746 1042 5806 habent
1082 5748 1343 5806 divisores
1385 5769 1398 5804 :
1437 5749 1574 5807 sicut
1621 5751 1746 5806 dicit
1795 5753 2070 5822 apostolus

1706 283 1766 342 8.
1804 278 2173 342 AUGUSTINI
2214 279 2517 337 EPISCOPI

3625 281 3767 340 ηπ

2177 397 2377 463 Judas,
2445 396 2518 451 Hi
2566 405 2682 450 sunt
2724 397 2808 467 qui
2858 412 2912 450 se
2956 396 3092 467 ipsos
3141 404 3441 470 segregant,
3482 397 3763 459 animales.

2181 488 2432 560 Spiritum
2475 507 2576 543 non
2605 488 2839 544 habentes
2869 489 3072 561 (ludia.
3108 506 3146 554 t,
3167 490 3280 559 19).
3309 490 3412 556 Qui
3440 508 3494 545 se
3520 493 3658 561 ipsos
3683 509 3767 547 sc-

2178 592 2387 652 gregant
2429 598 2448 636 :
2484 598 2652 653 quare
2677 583 3000 654 segregant?
3037 583 3171 653 Quia
3207 584 3483 651 animales,
3515 585 3767 656 Spiritum

2180 691 2280 728 non
2319 677 2573 731 habentes.
2604 676 2728 732 Ideo
2750 676 2989 732 deﬂuunt
3016 720 3028 746 ,
3060 679 3180 750 quia
3226 679 3504 749 coagulum
3532 696 3637 733 non
3670 679 3769 733 ha-

2179 767 2307 824 bent
2349 769 2640 825 charitatis.
2686 769 2802 842 Ipsa
2852 771 3110 828 charitate
3155 773 3308 842 plena
3337 783 3420 828 est
3456 773 3647 844 gallina
3680 774 3770 828 illa

2181 869 2400 929 prepter
2421 861 2597 930 pullos
2631 863 2911 930 infirmata,
2943 879 3060 918 cum
3087 865 3244 934 pullis
3270 865 3554 919 ltumilians
3585 881 3768 920 vocem

2178 963 2326 1004 suam
2345 993 2359 1017 ,
2391 953 2684 1008 extendens
2713 955 2824 1010 alas
2855 971 3010 1011 suas:
3032 956 3257 1023 Quoties,
3291 957 3480 1025 inquit,
3506 957 3637 1010 volui
3658 958 3740 1010 col
3751 986 3770 994 -

2179 1043 2502 1114 ligereﬁlios
2544 1055 2656 1102 tuos
2696 1046 2910 1116 (Matth.
2955 1065 3118 1114 x-xnt,
3164 1048 3294 1119 57)?
3331 1047 3626 1119 Colligere,
3661 1066 3768 1103 non

2178 1136 2436 1193 dividere.
2455 1139 2585 1208 Quia
2605 1140 2780 1205 habeo,
2809 1142 2991 1212 inquit,
3013 1143 3141 1195 alias
3157 1159 3288 1206 oves,
3307 1158 3420 1211 qua:
3445 1160 3542 1195 non
3560 1153 3676 1194 sunt
3709 1142 3771 1194 de

2179 1229 2273 1283 hoc
2297 1231 2414 1284 ovili
2439 1247 2459 1285 :
2484 1242 2676 1303 Oportet
2694 1249 2770 1287 me
2787 1243 2832 1286 et
2862 1235 2997 1302 ipsas
3017 1234 3295 1296 adducere,
3320 1245 3372 1287 ut
3399 1242 3461 1288 stt
3490 1251 3619 1288 unus
3647 1249 3772 1304 grex

2179 1331 2224 1375 et
2247 1338 2377 1376 unus
2397 1333 2568 1392 pastor
2585 1323 2760 1395 (Joan.
2798 1341 2851 1390 x,
2873 1323 2980 1394 l6).
3002 1325 3189 1379 Merito
3207 1340 3310 1379 non
3327 1325 3526 1378 audivit
3546 1323 3767 1378 fratrem

2177 1421 2361 1466 cootra
2380 1412 2594 1468 fratrem
2612 1415 3059 1485 interpellantem,
3075 1415 3669 1482 etdicentem,Domine,
3685 1415 3769 1468 dic

2176 1504 2327 1573 fratri
2350 1522 2456 1558 meo
2477 1506 2666 1559 dividat
2688 1523 2880 1560 mecum
2907 1507 3265 1561 litereditatem.
3296 1507 3536 1574 Domine,
3567 1509 3766 1579 inquit,

2177 1595 2258 1650 dic
2287 1599 2435 1668 fratri
2457 1615 2586 1653 meo.
2615 1600 2792 1666 Quid?
2821 1598 3027 1655 D'ividat
3060 1618 3252 1656 mecum
3300 1603 3669 1656 htereditatem.
3707 1603 3770 1653 Et

2176 1688 2432 1746 Dominus
2462 1709 2474 1744 :
2507 1690 2633 1759 Dic,
2682 1694 2850 1747 homo.
2880 1694 3056 1763 Quare
3084 1696 3225 1749 enim
3261 1695 3337 1749 vis
3364 1695 3598 1749 dividere
3618 1736 3643 1760 ,_
3665 1696 3770 1748 nisi

2174 1783 2297 1854 quia
2328 1783 2524 1838 homo?
2555 1785 2681 1838 Cum
2724 1787 2857 1840 enim
2905 1787 3025 1840 dicit
3061 1786 3231 1851 alius,
3279 1786 3388 1855 Ego
3426 1803 3534 1838 sum
3574 1785 3730 1838 Pauli
3751 1802 3769 1847 ;

2175 1877 2308 1930 alius
2333 1887 2518 1941 autem,
2539 1876 2650 1948 Ego
2673 1877 2888 1947 Apollo:
2911 1894 3076 1932 nonne
3095 1879 3320 1932 homines
3345 1879 3463 1932 estis
3481 1879 3527 1946 (Ι
3547 1879 3666 1932 Cor.
3687 1895 3766 1944 ιιι,

2175 1967 2276 2036 4)?
2305 1965 2400 2021 Dic
2418 2009 2433 2035 ,
2479 1969 2647 2032 homo,
2676 1969 2786 2036 quis
2816 1969 3072 2023 constituit
3100 1986 3178 2022 me
3202 1969 3463 2023 divisorem
3493 1971 3768 2023 hcrredita-

2177 2059 2238 2111 tis
2273 2059 2402 2112 inter
2426 2059 2835 2130 vosiColligere
2864 2062 2982 2115 veni
3012 2101 3024 2124 ,
3066 2077 3171 2114 non
3201 2061 3457 2115 dividere.
3491 2060 3616 2114 Ideo
3636 2104 3650 2125 ,
3685 2063 3769 2114 in-

2175 2149 2328 2217 quit,
2374 2151 2486 2204 dico
2512 2152 2677 2218 vobis,
2707 2162 2874 2205 cavete
2901 2153 2963 2204 ab
2998 2153 3135 2204 omni
3163 2153 3438 2222 cupiditate
3468 2151 3618 2224 (Luc.
3656 2169 3768 2229 xu,

2178 2241 2386 2311 15-15).
2415 2242 2689 2310 Cupiditas
2715 2244 2857 2298 enim
2883 2244 3026 2314 cupit
3055 2244 3296 2299 dividere
3323 2286 3338 2311 ,
3372 2246 3508 2299 sicut
3532 2245 3770 2301 charitas

2175 2335 2442 2404 colligere.
2474 2335 2610 2403 Quid
2637 2345 2718 2390 est
2737 2347 2915 2391 autem
2937 2379 2951 2401 ,
2979 2335 3160 2391 Cavete
3184 2337 3245 2390 ab
3276 2338 3413 2390 omni
3450 2339 3730 2408 cupiditate
3754 2379 3768 2398 ,

2176 2426 2313 2491 nisi,
2345 2427 2642 2496 lmplemini
2675 2421 2976 2484 charitate?
3002 2429 3110 2484 Nos
3139 2430 3454 2484 cbaritatem
3482 2448 3578 2500 pro
3609 2443 3770 2500 captu

2177 2528 2360 2573 nostro
2385 2518 2666 2589 habentes,
2697 2521 3103 2591 interpellamus
3133 2523 3414 2577 Dominum
3438 2535 3621 2578 contra
3663 2525 3773 2578 fra-

2177 2619 2336 2676 trem,
2364 2613 2502 2666 sicut
2523 2623 2576 2667 et
2607 2613 2694 2666 ille
2719 2622 2905 2668 contra
2930 2612 3149 2669 fratrem
3180 2633 3192 2665 :
3227 2615 3318 2668 sed
3349 2631 3450 2670 non
3485 2616 3582 2670 bac
3614 2632 3768 2681 voce,

2176 2716 2281 2755 non
2311 2701 2412 2758 hac
2456 2704 2832 2773 postulatione.
2867 2705 2959 2760 Ille
3003 2706 3146 2760 enim
3173 2706 3298 2760 dicit
3335 2725 3347 2760 :
3378 2705 3604 2762 Domine
3629 2750 3644 2775 ,
3685 2711 3772 2761 dic

2177 2796 2325 2867 fratri
2371 2811 2478 2849 meo
2545 2795 2739 2850 dividat
2804 2812 3001 2850 mecum
3043 2796 3410 2852 hmeditatem.
3468 2798 3576 2853 Nos
3631 2799 3772 2854 dici-

2177 2907 2298 2946 mus
2341 2909 2354 2945 :
2397 2890 2620 2946 Domine
2644 2931 2658 2956 ,
2701 2890 2790 2945 dic
2817 2890 2966 2946 fratri
2989 2905 3115 2946 meo
3143 2900 3320 2947 teneat
3349 2907 3556 2948 mecum
3597 2892 3774 2950 ha-re-

2175 2986 2416 3042 ditatem.

2249 3077 2476 3133 CAPUT
2535 3077 2602 3133 Χ.
2641 3108 2712 3119 -
2747 3077 2834 3133 12.
2885 3076 3130 3133 Ecclesiae
3158 3078 3323 3135 unitas
3347 3078 3547 3135 Christo
3574 3082 3775 3152 gloriﬁ-

2179 3180 2288 3225 cato
2329 3171 2522 3240 quoties
2553 3170 2922 3225 commendata.
2956 3170 3140 3226 Videte
3167 3186 3295 3242 ergo
3323 3212 3338 3236 ,
3387 3171 3580 3227 fratres
3599 3213 3615 3238 ,
3644 3173 3773 3242 quid

2179 3264 2410 3318 maxime
2451 3264 2683 3334 diligatis
2703 3307 2717 3328 ,
2750 3265 2877 3335 quid
2905 3265 3113 3319 fortiter
3141 3268 3384 3320 teneatis.
3432 3268 3775 3324 Clorilieatus

2181 3355 2438 3410 Dominus
2465 3356 2824 3426 resurgendo,
2858 3360 3197 3412 commendat
3239 3359 3530 3415 Ecclesiam
3560 3379 3573 3415 :
3603 3364 3775 3431 glori-

2182 3448 2420 3504 licandus
2446 3451 2785 3505 ascendendo
2808 3493 2822 3517 ,
2857 3436 3198 3506 con'nuendat
3234 3451 3532 3508 Ecclesiam
3561 3472 3575 3508 :
3602 3456 3776 3526 Spiri-

2181 3549 2289 3595 tum
2338 3551 2578 3597 sanctum
2624 3543 2840 3596 mittens
2881 3542 2950 3597 dc
2997 3543 3148 3598 caelis
3195 3547 3536 3601 commendat
3584 3548 3775 3604 Eccle-

2179 3634 2334 3689 siam.
2393 3634 2696 3704 Resurgens
2743 3636 2915 3701 enim,
2950 3637 3076 3706 quid
3122 3637 3251 3692 dicit
3287 3638 3562 3708 discipulis
3619 3643 3775 3696 suis?

2187 3747 2205 3780 ι
2241 3729 2365 3783 Haec
2390 3728 2629 3784 dicebam
2659 3729 2808 3782 vobis
2829 3769 2842 3793 ,
2871 3745 2991 3783 cum
3028 3730 3203 3784 adhuc
3244 3745 3418 3786 essem
3464 3735 3601 3802 apud
3636 3752 3729 3790 vos
3756 3777 3771 3802 ,

2180 3821 2302 3890 quia
2347 3819 2632 3890 oportebat
2677 3820 2884 3890 impleri
2929 3821 3104 3875 omnia
3149 3838 3267 3891 qua:
3311 3823 3505 3892 scripta
3545 3836 3670 3878 sunt
3719 3828 3774 3881 in

2181 3912 2350 3982 Lege,
2383 3922 2438 3967 et
2464 3911 2778 3982 Pr0pbetis,
2813 3922 2867 3968 et
2895 3913 3123 3968 Psalmis
3149 3915 3216 3970 de
3245 3932 3347 3970 ine.
3381 3917 3450 3971 Et
3492 3928 3616 3974 tunc
3641 3937 3772 3990 ape-

2183 4005 2288 4058 ruit
2313 4004 2415 4057 illis
2443 4017 2658 4058 scnsum
2685 4045 2700 4069 ,
2727 4013 2786 4058 ut
2815 4004 3172 4073 intelligerent
3192 4005 3495 4077 Scripturas
3514 4051 3528 4076 ,
3559 4020 3607 4064 et
3641 4013 3773 4066 dixit

2182 4096 2282 4162 eis,
2312 4096 2571 4164 Quoniam
2601 4097 2680 4152 sic
2704 4098 2958 4166 scriptum
2990 4107 3092 4162 est,
3118 4109 3171 4153 et
3198 4102 3274 4154 sic
3303 4104 3583 4170 Oportebat
3612 4105 3773 4161 Cliri-

2181 4197 2321 4243 stum
2371 4189 2517 4257 pati,
2547 4198 2601 4244 et
2640 4203 2919 4258 resurgere
2957 4205 2986 4242 a
3017 4190 3242 4246 mortuis
3295 4195 3451 4247 tertio
3478 4196 3582 4250 die.
3619 4217 3639 4248 ε
3671 4199 3771 4253 L’bi

2182 4289 2265 4335 est
2304 4279 2557 4334 Ecclesia:
2587 4279 3023 4334 commendatio?
3080 4280 3144 4334 Et
3177 4283 3446 4350 prtedicari
3486 4286 3677 4341 innomi
3710 4307 3772 4343 ne

2183 4374 2290 4442 ejus
2338 4369 2677 4442 paenitentiam
2722 4383 2768 4425 et
2817 4373 3158 4426 remissionem
3205 4386 3541 4444 peccatorum.
3578 4381 3643 4433 lit
3669 4380 3770 4435 hoc

2185 4464 2312 4518 ubi?
2367 4464 2470 4518 Per
2513 4480 2683 4518 omnes
2727 4474 2896 4534 gentes
2922 4505 2937 4530 ,
2979 4465 3332 4534 incipientibus
3375 4468 3436 4521 ab
3478 4468 3768 4524 Jerusalem

2183 4554 2311 4627 (Id.
2356 4571 2503 4621 χχιιι,
2560 4553 2787 4626 44-47).
2832 4555 2942 4610 lloc
2985 4559 3380 4613 resurrectione
3420 4561 3764 4629 glorificatus.

2181 4649 2318 4719 Quid
2355 4651 2668 4705 ascensione
2691 4650 3110 4721 gloriticandus‘t
3141 4653 3290 4719 Quod
3319 4655 3541 4709 audistis
3565 4699 3579 4721 ,
3610 4656 3768 4710 Erilis

2182 4744 2306 4798 mihi
2336 4753 2482 4798 testes
2501 4743 2553 4796 in
2580 4741 2901 4809 Jerusalem,
2935 4754 2979 4797 et
3007 4746 3056 4798 in
3086 4754 3190 4798 tota
3208 4746 3392 4799 Judtea
3421 4759 3466 4800 et
3490 4748 3760 4817 Samaria,

2183 4847 2225 4891 et
2265 4853 2418 4907 usque
2444 4837 2495 4888 in
2540 4837 2665 4904 fines
2696 4847 2842 4888 terra:
2867 4835 2886 4906 (
2913 4836 3003 4889 Act
3032 4853 3080 4901 ι,
3113 4838 3187 4906 8).
3215 4838 3347 4904 Quid
3391 4839 3507 4908 ipso
3534 4842 3762 4895 adventu

2180 4928 2408 4998 Spiritus
2429 4929 2635 4984 sancti?
2668 4930 2822 4983 Venit
2842 4930 3069 4999 Spiritus
3085 4941 3299 4986 sanctus
3329 4951 3342 4986 :
3375 4949 3509 5003 quos
3532 4937 3760 5005 primum

2181 5021 2465 5091 implevit,
2533 5021 2724 5092 linguis
2787 5023 3023 5076 omnium
3094 5025 3325 5092 gentium
3389 5026 3762 5097 loquebantur.

2185 5113 2553 5183 Unusquisque
2611 5114 2768 5167 homo
2811 5114 3030 5183 loquens
3061 5117 3306 5170 omnibus
3352 5115 3583 5188 linguis,
3637 5121 3761 5190 quid

2180 5205 2321 5260 aliud
2346 5205 2681 5276 significavit,
2713 5222 2870 5276 quam
2900 5208 3152 5262 unitatem
3177 5208 3228 5262 in
3260 5210 3508 5264 omnibus
3531 5213 3765 5280 linguis?

2182 5297 2294 5354 Hoc
2319 5307 2592 5365 tenentes,
2628 5299 2677 5352 in
2712 5298 2811 5354 hoc
2845 5299 3058 5365 firmati,
3091 5301 3142 5354 in
3177 5301 3274 5356 hoc
3308 5301 3559 5368 roborati,
3585 5305 3634 5356 in
3661 5305 3762 5360 hoc

2180 5391 2490 5447 inconcussa
2527 5393 2786 5447 ebaritate
2824 5393 3022 5459 defixi,
3066 5393 3342 5450 laudemus
3387 5397 3534 5465 pueri
3581 5397 3762 5450 Domi-

2178 5502 2327 5551 num,
2355 5495 2409 5541 et
2437 5486 2674 5540 dicamus
2704 5487 2928 5540 alleluia.
2961 5487 3064 5542 Sed
3109 5489 3159 5542 in
3205 5505 3306 5544 una
3345 5493 3538 5560 parte?
3571 5492 3633 5546 Et
3664 5508 3763 5545 un-

2177 5579 2287 5634 de?
2330 5589 2383 5633 et
2423 5595 2529 5648 quo
2576 5579 2774 5647 usque?
2814 5581 2856 5631 Α
2894 5581 3013 5634 solis
3061 5590 3174 5634 ortu
3215 5597 3368 5651 usque
3396 5581 3464 5634 ad
3505 5600 3757 5649 occasum,

2179 5671 2383 5724 laudate
2430 5687 2609 5724 nomen
2655 5668 2862 5726 Domini
2905 5670 3073 5744 (Psal.
3104 5689 3246 5740 cxn,
3278 5674 3357 5745 ὅ).
