4102 6326
393 261 533 322 1225

841 373 1066 432 SERMO
1101 372 1379 430 CCLXVI'
1412 372 1508 444 (a).

816 458 863 517 in
897 463 1072 532 vigiliis
1105 470 1414 516 PentecOstes
1447 462 1536 527 (b).

425 551 501 605 De
529 563 671 604 versu
698 545 896 604 Psalmi
925 546 1043 613 ex...
1079 550 1131 611 5,
1162 548 1474 602 Emendabit
1499 556 1583 601 me
1608 545 1802 615 justus,
1831 554 1924 598 etc.

907 641 1091 695 Contra
1135 638 1447 693 Donatistas.

463 733 513 789 l.
572 730 767 786 Psalnti
821 749 990 786 versus
1054 728 1187 785 male
1244 726 1520 784 intellectus
1565 746 1598 781 a
1662 726 1958 781 Donatistis.

387 826 532 882 inter
559 824 658 877 alia
684 820 861 877 divina
889 822 1117 892 eloquia,
1144 838 1284 891 qum,
1313 836 1431 876 cum
1457 820 1698 875 Psalmus
1721 828 1961 873 cantare-

385 926 491 980 tur,
524 915 842 979 audivimus,
894 914 1067 983 placet
1105 913 1387 982 adj‘uvante
1419 910 1641 966 Domino
1682 911 1836 965 istam
1868 924 1961 979 po-

384 1007 646 1061 tissimum
673 1004 937 1059 discutere
958 1012 1011 1059 et
1041 1011 1362 1073 pertractare
1384 1002 1725 1065 sententiam,
1753 1015 1853 1069 qua
1882 1000 1962 1052 di-

383 1105 527 1149 ctum
554 1102 654 1159 est,
685 1093 982 1147 Emendabit
1008 1109 1085 1146 me
1110 1094 1282 1162 justus
1323 1092 1374 1144 in
1404 1090 1763 1153 misericordia,
1793 1098 1839 1142 et
1872 1106 1959 1141 ar-

384 1196 499 1259 guet
524 1202 637 1249 me;
665 1185 829 1238 oleum
874 1192 1038 1236 autem
1070 1184 1340 1253 peccatoris
1380 1199 1479 1235 non
1514 1181 1785 1250 impinguet
1810 1188 1961 1248 caput

385 1288 571 1332 meum.
606 1276 856 1330 Nonnulli
893 1275 1034 1329 enim
1066 1274 1407 1329 crediderunt
1436 1274 1609 1327 oleum
1644 1271 1953 1341 peccatoris,

388 1371 564 1425 oleum
586 1384 706 1425 esse
732 1368 989 1433 hominis;
1017 1367 1137 1437 quia
1163 1366 1325 1427 onmis
1352 1368 1499 1419 homo
1541 1364 1759 1418 mendax
1784 1362 1955 1431 (Psal.

384 1476 511 1527 cxv,
545 1462 651 1529 Η).
681 1459 869 1515 Oleum
897 1471 1071 1514 autem
1115 1458 1333 1521 Christi,
1363 1457 1483 1527 quia
1524 1457 1725 1511 nullum
1777 1455 1961 1509 habuit

385 1554 601 1607 omnino
631 1554 901 1621 peccatum
924 1593 939 1618 ,
969 1551 1068 1605 etsi
1110 1554 1206 1620 per
1245 1546 1578 1619 peccatoren't
1608 1549 1954 1611 ministretur,

384 1656 491 1698 non
540 1648 622 1697 ρει
659 1642 833 1696 Oleum
884 1641 1198 1710 peccatoris.
1248 1642 1378 1695 Cum
1426 1648 1534 1693 tres
1583 1637 1957 1693 c0nsiderandi

384 1734 563 1788 animo
584 1742 895 1797 occurrant;
930 1748 958 1786 a
991 1746 1096 1801 quo
1145 1731 1317 1795 datur,
1352 1731 1437 1785 cui
1466 1730 1639 1794 datur,
1680 1744 1773 1797 per
1801 1742 1955 1797 quem

382 1826 539 1881 datur
565 1844 579 1879 :
604 1840 706 1879 non
729 1826 1008 1879 timeamus
1037 1823 1211 1877 oleum
1242 1823 1557 1892 peccatoris,
1589 1821 1707 1890 quia
1736 1836 1840 1874 non
1872 1820 1951 1873 in-

381 1918 590 1986 tercipit
611 1916 817 1970 medius
846 1914 1085 1969 minister
1116 1912 1429 1967 beneficium
1456 1910 1739 1981 largitoris.

450 2008 506 2062 2.
550 2008 772 2077 Spiritus
822 2006 981 2060 sancti
1020 2004 1260 2057 adventus
1295 2002 1378 2056 die
1406 2001 1738 2056 Pentecostes.
1777 1998 1957 2054 Unitas

385 2100 626 2155 Ecclesia:
660 2098 924 2153 Catholica:
963 2098 1095 2150 dono
1133 2095 1419 2164 linguarum
1446 2093 1753 2164 signiﬁcata.
1800 2090 1959 2148 Certe

381 2192 523 2245 enim
549 2189 938 2244 solemnitatem
966 2186 1124 2241 modo
1145 2186 1479 2241 celebramus
1502 2184 1758 2239 adventus
1791 2183 1959 2253 Spiri-

384 2294 469 2339 tus
497 2281 665 2337 sancti
696 2298 710 2335 :
739 2296 859 2335 nam
881 2280 967 2334 die
985 2280 1349 2343 Pentecostes,
1380 2278 1467 2348 qui
1493 2277 1608 2332 dies
1636 2276 1744 2346 jam
1774 2276 1956 2343 erepit,

386 2384 539 2432 erant
565 2389 670 2429 uno
700 2374 755 2427 in
785 2372 903 2427 loco
944 2380 1157 2426 centum
1196 2370 1379 2441 viginti
1423 2370 1635 2434 animm,
1687 2369 1739 2422 in
1766 2366 1959 2437 quibus

382 2465 621 2537 Apostoli
662 2473 715 2520 et
758 2474 929 2518 mater
978 2462 1188 2517 Domini
1234 2470 1288 2516 et
1327 2460 1415 2515 alii
1477 2460 1750 2528 utriusque
1801 2471 1960 2513 sexus

382 2564 596 2613 orantes
640 2563 694 2612 et
732 2559 1102 2624 ex‘Speetantes
1136 2554 1455 2624 promissum
1503 2550 1719 2618 Christi,
1752 2550 1853 2605 hoc
1880 2558 1962 2604 est

382 2650 665 2703 adventum
696 2646 924 2716 Spiritus
964 2646 1153 2699 sancti.
1196 2644 1308 2697 Non
1335 2652 1449 2698 erat
1495 2642 1669 2695 inanis
1698 2656 1822 2711 Spes
1867 2655 1961 2693 ex-

382 2739 691 2808 Spectantis,
728 2738 847 2807 quia
885 2749 990 2790 non
1042 2744 1157 2789 erat
1202 2734 1355 2787 lallax
1399 2733 1709 2801 pollicitatio
1742 2730 1964 2801 promit-

384 2831 550 2887 tentis
582 2848 595 2885 :
620 2829 760 2899 quod
790 2827 1215 2898 exspectabatur,
1246 2824 1463 2879 advenit
1509 2833 1561 2879 et
1592 2837 1714 2876 vasa
1742 2821 1957 2888 munda,

384 2939 415 2976 a
442 2923 633 2993 quibus
661 2922 1039 2990 susciperetur,
1070 2918 1287 2972 invenit.
1326 2916 1462 2970 Visw
1492 2924 1608 2970 sunt
1649 2915 1750 2968 illis
1777 2914 1964 2983 lingat:

387 3014 561 3068 divisa:
595 3013 725 3067 velut
768 3013 916 3082 ignis,
962 3011 1046 3080 qui
1084 3018 1127 3063 et
1173 3008 1355 3061 insedit
1391 3023 1541 3077 super
1569 3021 1964 3075 unumquemque

389 3119 592 3168 eorum;
617 3112 663 3157 et
703 3110 952 3173 coeperunt
982 3101 1117 3170 loqui
1152 3100 1336 3170 linguis
1386 3098 1514 3153 sicut
1554 3098 1781 3167 Spiritus
1813 3096 1964 3150 dabat

390 3195 461 3249 eis
488 3194 829 3264 pronuntiare.
873 3190 1247 3261 Unusquisque
1290 3190 1452 3245 homo
1487 3188 1681 3258 linguis
1716 3187 1964 3243 omnibus

390 3284 721 3353 loquebatur,
750 3282 869 3352 quia
913 3281 1085 3335 futura
1117 3280 1354 3335 Ecclesia
1403 3280 1453 3333 in
1486 3278 1732 3332 omnibus
1768 3277 1965 3347 linguis

389 3376 859 3447 praenuntiabatur.
913 3374 1057 3429 Unus
1106 3373 1264 3427 homo
1314 3373 1522 3443 signum
1554 3379 1672 3426 erat
1701 3372 1916 3425 unitatis
1950 3389 1963 3425 :

391 3482 579 3521 omnes
606 3466 796 3535 lingua:
831 3465 882 3518 in
914 3479 1020 3517 uno
1058 3463 1291 3526 homine,
1325 3477 1513 3516 omnes
1538 3470 1725 3531 gentes
1750 3460 1802 3514 in
1849 3461 1967 3514 uni-

392 3567 517 3612 tate.
569 3558 666 3624 Qui
717 3556 857 3625 pleni
904 3563 1074 3621 erant,
1120 3554 1596 3622 loquebanturtet
1646 3552 1735 3621 qui
1782 3553 1968 3606 inanes

390 3657 562 3710 erant,
603 3647 962 3710 mirabantur;
990 3654 1044 3699 et
1066 3644 1204 3714 quod
1231 3651 1311 3698 est
1337 3643 1829 3714 reprehensibilius,
1864 3643 1966 3697 mi-

390 3741 647 3795 rabantur
692 3746 747 3792 et
794 3736 1270 3791 calumniabantur.
1335 3734 1589 3789 Dicebant
1632 3734 1774 3788 enim
1824 3751 1838 3788 :
1897 3734 1968 3788 Hi

392 3816 515 3887 ebrii
543 3841 657 3885 sunt
684 3841 730 3884 et
759 3838 919 3882 musto
962 3828 1114 3899 pleni.
1141 3828 1309 3895 Quam
1360 3826 1518 3881 stulta
1562 3834 1616 3880 et
1640 3826 1967 3880 calumniosa

395 3922 771 3992 reprehensio!
818 3902 1190 3974 Ilomo’ebrius
1217 3932 1321 3971 non
1363 3917 1590 3972 alienam
1622 3915 1854 3986 linguam
1884 3916 1968 3970 di-

392 4015 510 4077 scit,
539 4011 630 4067 sed
658 4026 805 4065 suam
834 4010 1025 4079 perdit.
1056 4009 1433 4063 Verumtamen
1463 4020 1559 4077 per
1584 4007 1886 4077 ignorantes
1916 4014 1971 4061 et

391 4101 777 4158 calumniantes
830 4100 1026 4154 veritas
1071 4099 1405 4169 loquebatur.
1474 4096 1592 4153 Jam
1642 4098 1836 4168 quippe
1894 4097 1969 4152 illi

386 4192 533 4263 pleni
563 4199 715 4246 erant
760 4191 884 4244 vino
928 4205 1086 4255 novo,
1133 4191 1254 4259 quia
1298 4188 1424 4243 facti
1466 4198 1619 4243 erant
1672 4198 1818 4243 utres
1845 4188 1968 4243 novi

393 4283 601 4354 (Matth.
632 4299 708 4347 ιι,
739 4280 847 4354 l7).
888 4280 993 4337 Sed
1021 4291 1164 4335 utres
1202 4296 1367 4336 novos
1396 4290 1540 4335 utres
1561 4288 1770 4335 veteres
1804 4280 1967 4334 mila-

391 4375 603 4439 bantur,
634 4382 688 4428 et
713 4372 1084 4427 calumniando
1107 4387 1205 4426 nec
1259 4371 1668 4438 innovabantur,
1720 4387 1819 4427 nec
1870 4374 1970 4427 im-

391 4467 691 4534 plebantur.
731 4464 836 4519 Sed
869 4479 1112 4533 repressa
1157 4463 1368 4517 tandem
1396 4465 1680 4530 calumnia,
1716 4480 1839 4518 mox
1878 4465 1968 4519 ubi

393 4554 870 4609 sermocinantibus
898 4555 1261 4623 rationemque
1310 4553 1653 4608 reddentibus
1679 4564 1731 4609 ct
1770 4554 1969 4609 Christi

391 4648 559 4717 gratia
584 4646 990 4715 prmdicantibus
1014 4660 1171 4700 aures
1201 4645 1470 4714 Apostolis
1500 4646 1856 4713 praebuerunt,
1877 4662 1971 4699 au-

390 4737 586 4792 diendo
615 4736 913 4805 compuncti
959 4744 1100 4799 sunt,
1149 4736 1555 4805 compunctione
1606 4736 1790 4789 mutati
1818 4746 1963 4801 sunt,

392 4831 577 4886 mutati
605 4829 975 4893 crediderunt;
1005 4827 1305 4889 credentes,
1336 4827 1437 4882 hoc
1460 4826 1602 4897 quod
1634 4827 1687 4883 in
1724 4827 1842 4881 aliis
1870 4829 1969 4881 mi-

389 4923 661 4981 rabantur,
693 4921 937 4989 accipere
961 4926 1269 4973 meruerunt
1294 4917 1431 4987 (Act.
1462 4916 1544 4986 ιι).

460 5014 511 5066 5.
556 5010 779 5080 Spiritus
816 5020 1018 5063 sanctus
1067 5009 1290 5072 donum,
1329 5024 1427 5061 non
1466 5008 1682 5061 hominis
1730 5009 1966 5076 ministri,

390 5106 475 5158 sed
508 5104 618 5157 Dei.
644 5100 1027 5156 Donatistarum
1069 5117 1229 5167 error,
1273 5116 1373 5153 non
1414 5099 1525 5153 dari
1557 5094 1809 5170 Spiritum
1845 5118 1968 5155 san-

389 5343 424 5392 “
453 5286 467 5303 '
487 5284 638 5356 .tlujus
670 5281 906 5329 sermonis
926 5279 1155 5341 scriptum
1192 5277 1383 5341 aliquod
1408 5274 1657 5341 exemplar
1688 5278 1855 5327 videre
1879 5289 1974 5327 non

425 5354 539 5392 erat.

425 5354 528 5475 et?)
564 5412 699 5484 Alias,
732 5413 763 5460 5
793 5414 920 5461 inter
951 5410 1177 5460 undecim
1211 5409 1367 5459 editos
1399 5424 1463 5460 ex
1496 5410 1685 5472 majoris
1714 5410 1973 5460 Carthasim

391 5481 742 5536 manuscriptis.

454 5536 524 5595 (b)
560 5536 795 5606 Possidius
825 5536 874 5606 in
925 5532 1184 5606 Indieulot
1208 5546 1311 5606 cap.
1349 5532 1404 5590 9,
1440 5539 1672 5582 recenset
1720 5546 1834 5605 cum
1881 5533 1973 5581 alio

390 5598 699 5709 in
747 5597 918 5645 iisdem
952 5595 1127 5658 vigiliis
1172 5595 1335 5643 habito
1378 5608 1526 5656 quem
1568 5596 1792 5656 reperies
1830 5606 1972 5656 supra

391 5674 446 5710 or
481 5672 561 5709 me
660 5694 669 5703 .

639 5740 864 5799 SANCT.
908 5742 1185 5799 Ancusr.
1231 5738 1283 5798 V

1770 253 1997 309 SERMO
2038 251 2306 310 CCLXVI.

3505 255 3643 339 isse

2070 375 2202 419 ctum
2228 367 2325 420 nisi
2344 385 2431 437 per
2472 380 2669 424 sanctos
2700 370 2971 426 ministros.
3003 371 3201 428 Deinde
3226 372 3386 443 coepit
3413 372 3642 442 Spiritus

2069 465 2285 512 sanctus
2323 460 2435 515 dari
2480 477 2571 531 per
2608 464 2960 519 ministerium
2993 464 3390 533 Apostolorum.
3420 465 3499 519 llli
3528 481 3641 520 mas

2070 563 2169 601 nus
2214 548 2571 617 imponebant,
2602 562 2655 607 et
2682 554 2767 608 ille
2792 554 3053 609 veniebat.
3097 553 3201 610 Sed
3242 555 3343 609 hoc
3394 568 3497 609 non
3524 565 3641 609 erat
3686 586 3689 587 ν

2070 636 2341 691 hominum
2373 656 2386 693 :
2421 657 2524 694 non
2556 642 2653 696 sibi
2679 653 2888 713 arroget
2914 644 3156 699 minister
3174 644 3288 714 plus
3314 661 3471 714 quam
3497 644 3640 714 quod

2069 739 2125 782 ut
2148 730 2406 785 minister.
2438 732 2584 785 Alius
2605 742 2686 787 est
2712 734 2957 800 donator,
2981 736 3112 789 alius
3145 736 3490 789 ministrator.
3527 735 3639 788 Hoc

2067 821 2263 892 quippe
2303 830 2524 877 testatus
2553 834 2633 877 est
2651 824 2894 893 Spiritus,
2928 842 2993 880 ne
3021 826 3264 880 homines
3291 826 3391 881 sibi
3419 840 3639 895 arroga-

2072 920 2195 966 rent
2224 912 2362 982 quod
2394 913 2487 967 Dei
2528 922 2661 968 erat.
2697 915 2826 969 Hinc
2856 917 2995 970 enim
3026 917 3190 971 voluit
3217 917 3399 971 Simon
3439 916 3638 984 inllari,

2066 1004 2155 1073 qui
2185 1006 2489 1059 existimans
2517 1005 2617 1059 hoc
2647 1006 2944 1062 hominibus
2986 1023 3104 1063 esse
3152 1008 3506 1073 tribuendum,
3536 1022 3635 1077 pe-

2066 1095 2274 1147 cuniam
2303 1096 2550 1165 promisit
2576 1097 2866 1164 Apostolis,
2900 1108 2956 1151 ut
2981 1107 3033 1152 et
3052 1099 3117 1152 ad
3146 1099 3308 1168 ipsius
3336 1114 3523 1153 manus
3543 1101 3641 1152 im-

2066 1186 2386 1253 positionem
2436 1187 2639 1241 veniret
2688 1186 2913 1255 Spiritus
2958 1197 3189 1242 sanctus.
3241 1189 3475 1244 Gratiam
3530 1206 3636 1243 non

2067 1284 2301 1328 noverat.
2330 1276 2459 1347 Nam
2497 1279 2540 1330 si
2587 1278 2807 1346 gratiam
2839 1286 3168 1347 agnosceret,
3202 1280 3363 1349 gratis
3396 1280 3635 1335 haberet.

2069 1365 2188 1420 Ideo
2214 1367 2333 1436 quia
2364 1369 2526 1422 voluit
2563 1383 2741 1423 emere
2777 1368 3051 1438 Spiritum,
3083 1387 3186 1424 non
3218 1373 3411 1426 meruit
3450 1372 3639 1427 redimi

2063 1456 2158 1510 abs
2185 1456 2401 1526 Spiritu.
2421 1458 2555 1526 Quid
2583 1472 2641 1513 es
2660 1499 2674 1523 ,
2700 1458 2860 1513 homo
2878 1500 2892 1526 ,
2922 1460 3062 1529 quod
3090 1468 3143 1515 te
3165 1461 3347 1516 inﬂare
3371 1464 3484 1518 vis?
3514 1463 3639 1521 Suf-

2064 1546 2174 1601 ﬁcit
2202 1548 2290 1602 tibi
2320 1557 2377 1602 ut
2416 1549 2707 1618 implearis,
2751 1558 2854 1603 non
2882 1558 2940 1604 ut
2968 1550 3187 1605 inﬂeris.
3237 1552 3336 1621 Qui
3364 1552 3634 1623 impletur,

2063 1636 2212 1692 dives
2236 1647 2316 1692 est
2347 1653 2360 1691 :
2397 1641 2484 1709 qui
2512 1639 2745 1705 inﬂatur,
2794 1641 2964 1695 inanis
2989 1651 3089 1696 est.
3112 1641 3216 1697 Sed
3248 1655 3343 1713 per
3371 1644 3636 1713 homines,

2063 1726 2322 1795 inquiunt,
2353 1729 2596 1784 dabatur.
2626 1730 2887 1801 Numquid
2911 1732 3031 1787 ideo
3051 1743 3167 1787 erat
3198 1734 3468 1789 hominum
3491 1739 3634 1807 quod

2062 1816 2325 1872 dabatur?
2358 1818 2461 1873 Sed
2513 1836 2620 1874 non
2674 1832 2881 1891 poterat
2920 1822 3055 1889 dari,
3106 1824 3369 1893 inquiunt,
3411 1826 3510 1880 nisi
3544 1843 3639 1897 per

2063 1909 2307 1964 homines
2334 1920 2565 1966 sanctos.
2592 1912 2854 1983 Numquid
2881 1914 2932 1967 in
2962 1914 3105 1983 ipsos
3135 1930 3228 1983 per
3270 1915 3514 1971 homines
3548 1933 3640 1972 ve-

2062 2002 2246 2055 nerat?
2275 2003 2515 2071 Apostoli
2538 2019 2724 2058 manus
2752 2006 3114 2075 imponebant,
3146 2017 3202 2062 et
3237 2008 3463 2079 Spiritus
3516 2025 3641 2064 san-

2061 2100 2177 2147 ctus
2208 2094 2449 2148 veniebat
2481 2111 2494 2147 :
2525 2094 2736 2165 quando
2764 2095 2830 2149 ad
2854 2096 2995 2166 ipsos
3022 2098 3186 2163 venit,
3229 2099 3358 2170 ipsis
3384 2100 3505 2171 quis
3527 2117 3641 2156 mas

2062 2198 2164 2238 nus
2189 2184 2472 2253 imposuit?

2132 2277 2186 2329 4.
2229 2275 2451 2345 Spiritus
2501 2287 2704 2332 sanctus
2747 2280 2855 2333 sine
2905 2280 3161 2334 hominum
3213 2282 3486 2337 ministerio
3536 2284 3638 2337 alis

2062 2366 2264 2437 quando
2290 2368 2456 2421 datus.
2490 2370 2725 2438 Accipite
2745 2378 2799 2424 et
2826 2379 3001 2425 tenete
3026 2372 3202 2426 divina
3229 2374 3475 2443 exempla
3505 2392 3518 2427 :
3543 2374 3639 2429 sed

2069 2456 2276 2526 eloquia
2320 2456 2415 2511 Dei
2442 2468 2584 2523 sunt,
2616 2459 2901 2529 Scriptura:
2931 2463 3248 2529 auctoritas,
3292 2464 3421 2519 lides
3452 2466 3643 2521 verbo-

2064 2560 2204 2611 rum,
2228 2547 2423 2602 veritas
2442 2549 2825 2617 exemplorum.
2847 2550 3037 2604 Totum
3066 2552 3309 2621 legimus,
3330 2561 3494 2608 totum
3517 2570 3642 2610 cre-

2064 2637 2272 2691 damus.
2303 2638 2407 2693 Per
2432 2653 2619 2693 manus
2648 2640 3039 2709 impositionem
3086 2643 3461 2711 ApostOlorum
3485 2645 3641 2702 datus

2063 2737 2146 2783 est
2195 2730 2373 2783 multis
2398 2728 2628 2798 Spiritus
2657 2740 2871 2787 sanctus
2901 2749 2914 2784 :
2948 2733 3042 2788 sed
3089 2749 3183 2802 per
3224 2752 3359 2805 quos
3393 2736 3640 2803 dabatur,

2065 2828 2398 2887 acceperant.
2427 2820 2649 2888 Quando
2678 2823 3030 2891 acceperant?
3059 2824 3279 2891 Quando
3306 2826 3356 2879 in
3388 2841 3493 2880 uno
3515 2844 3646 2882 con-

2065 2908 2200 2961 clavi
2246 2918 2457 2963 centqu
2505 2910 2688 2979 viginti
2734 2911 2975 2967 homines
3020 2924 3173 2968 erant
3221 2933 3234 2968 :
3283 2919 3644 2987 unusquisque

2067 3015 2251 3054 eorum
2281 3002 2484 3066 orabat,
2518 3001 2695 3056 nullus
2735 3017 2949 3071 manum
2986 3004 3323 3073 imponebat;
3369 3008 3645 3062 orantibus

2068 3097 2394 3164 supervenit,
2419 3104 2636 3150 orantes
2658 3096 2916 3167 implevit,
2941 3099 3183 3168 impletos
3204 3102 3475 3157 ministros
3499 3102 3644 3170 fecit,

2068 3194 2121 3240 et
2150 3200 2244 3255 per
2287 3186 2429 3253 ipsos
2478 3200 2632 3240 suum
2677 3187 2841 3241 dedit.
2890 3188 3079 3244 Adhuc
3125 3190 3321 3246 audite.
3369 3192 3649 3263 Philippus

2068 3278 2413 3349 evangelista,
2444 3280 2533 3349 qui
2565 3280 2870 3349 prazdicavit
2899 3281 3243 3352 Evangelium
3290 3285 3339 3339 in
3385 3284 3645 3352 Samaria,

2069 3383 2207 3423 unus
2247 3378 2361 3422 erat
2390 3369 2457 3423 de
2505 3380 2707 3438 septem
2749 3370 3095 3427 diaconibus:
3126 3389 3245 3427 nam
3292 3376 3343 3429 in
3371 3378 3650 3433 ministerii

2072 3459 2389 3513 necessitate
2418 3457 2697 3513 duodecim
2729 3459 3000 3529 Apostolis
3045 3473 3247 3531 septem
3273 3464 3522 3522 diacones
3550 3469 3650 3522 ad-

2070 3549 2166 3604 diti
2193 3559 2380 3616 erant;
2414 3566 2477 3605 ex
2505 3551 2697 3620 quibus
2736 3560 2850 3605 erat
2891 3566 3046 3617 unus,
3074 3564 3133 3607 ut
3175 3554 3309 3619 dixi,
3353 3556 3646 3626 Philippus,

2071 3641 2160 3710 qui
2191 3651 2405 3711 propter
2426 3650 2723 3710 promptum
2753 3642 3143 3710 praedicationis
3169 3645 3460 3716 eloquium,
3485 3663 3649 3703 evana

2072 3733 2257 3802 gelista
2289 3733 2501 3801 proprie
2528 3734 2720 3787 meruit
2748 3733 3023 3801 appellari.
3055 3735 3309 3799 Quamvis
3337 3746 3523 3792 omnes
3549 3739 3651 3795 hoc

2071 3833 2317 3894 agerent;
2370 3824 2487 3886 iste,
2518 3831 2576 3877 ut
2612 3823 2741 3889 dixi,
2777 3825 2827 3877 in
2856 3824 3093 3878 Samaria
3120 3826 3468 3897 Evangelium
3510 3842 3651 3896 pra:-

2071 3917 2268 3972 dicavit
2321 3935 2333 3971 :
2383 3917 2727 3972 crediderunt
2772 3918 2922 3971 multi
2971 3919 3023 3972 in
3063 3918 3321 3984 Samaria,
3368 3920 3651 3977 credentes

2072 4008 2321 4077 baptizati
2379 4017 2520 4061 sunt.
2559 4008 2629 4063 Ut
2664 4018 2840 4061 autem
2870 4008 3153 4063 audierunt
3193 4011 3454 4077 Apostoii,
3488 4012 3652 4067 mise-

2072 4109 2196 4154 runt
2221 4100 2289 4154 ad
2313 4116 2406 4155 eos
2429 4100 2645 4154 Petrum
2674 4107 2730 4154 et
2751 4099 3031 4164 Joannem,
3067 4108 3124 4153 ut
3151 4100 3428 4169 baptizatis
3462 4118 3651 4157 manus

2074 4191 2425 4259 imponerent,
2474 4202 2529 4244 et
2565 4190 2643 4244 eis
2692 4202 2880 4244 manus
2924 4189 3268 4259 imponendo,
3301 4192 3652 4260 impetrarent

2072 4281 2324 4352 Spiritum
2360 4289 2599 4335 sanctum
2641 4280 2969 4334 invocantes.
3007 4279 3190 4334 Simon
3215 4280 3510 4336 admiratus
3536 4291 3652 4336 tan-

2073 4380 2180 4425 tam
2212 4372 2433 4440 gratiam
2478 4370 2892 4439 Apostolorum,
2948 4371 3225 4439 pecuniam
3277 4370 3408 4425 dare
3461 4372 3648 4439 voluit,

2073 4462 2220 4531 quasi
2247 4461 2395 4525 illud,
2425 4460 2565 4529 quod
2595 4460 2969 4525 invocabatur,
3001 4462 3188 4515 venale
3218 4472 3605 4532 proponeretur
3634 4483 3647 4518 :

2074 4551 2168 4606 sed
2199 4552 2443 4620 repulsus
2485 4560 2587 4617 est,
2624 4559 2680 4606 et
2728 4560 2872 4606 tanta
2910 4551 3080 4620 gratia
3123 4552 3366 4623 indignus
3406 4553 3654 4608 inventus

2072 4651 2175 4697 est.
2208 4644 2543 4710 Acceperunt
2586 4655 2713 4710 ergo
2754 4642 2827 4696 illi
2860 4641 3114 4710 Spiritum
3146 4653 3387 4696 sanctum
3420 4658 3515 4711 per
3540 4658 3654 4698 ma-

2075 4747 2176 4787 nus
2201 4733 2595 4803 ApOstolornm.
2640 4732 2788 4787 Tune
2829 4748 2959 4802 ergo
2983 4734 3105 4801 quia
3150 4732 3332 4787 Simon
3358 4732 3446 4788 ille
3474 4733 3652 4789 homi-

2074 4842 2202 4881 num
2233 4840 2351 4879 esse
2381 4834 2655 4894 putm'erat
2704 4824 2903 4878 donum
2934 4824 3049 4887 Dei,
3101 4838 3170 4878 ne
3221 4824 3363 4892 apud
3412 4824 3655 4881 inﬁrmos

2076 4915 2192 4969 inec
2242 4916 2472 4984 suspicio
2522 4914 2852 4977 ﬁrmaretur;
2901 4921 3085 4982 postea
3114 4912 3390 4968 eunuchus
3430 4915 3650 4984 quidam

2075 5007 2333 5062 Candaca:
2382 5007 2578 5075 reginae
2614 5006 2860 5060 veniebat
2899 5004 2966 5059 de
3010 5004 3327 5069 Jerusalem,
3368 5020 3473 5076 quo
3520 5008 3651 5063 ierat

2076 5108 2135 5151 ut
2160 5104 2354 5162 oraret,
2387 5104 2442 5150 et
2478 5096 2670 5150 sedens
2696 5096 2747 5150 in
2777 5111 2935 5150 curru
2964 5095 3174 5163 legebat
3201 5094 3387 5151 Isaiam
3420 5098 3654 5166 prophe-

2079 5199 2207 5244 tam.
2250 5189 2399 5243 Tunc
2428 5190 2657 5257 Spiritus
2683 5196 2897 5243 sanctus
2921 5187 2997 5241 ait
3024 5187 3267 5256 Philippo
3297 5188 3657 5243 utaccederet

2078 5280 2144 5335 ad
2170 5295 2408 5335 currum.
2448 5279 2542 5334 ille
2569 5280 2657 5348 qui
2687 5279 2739 5332 in
2771 5278 3431 5348 Samaria.baptizaverat,
3461 5288 3516 5335 et
3557 5295 3655 5334 ne-

2079 5376 2205 5430 mini
2235 5390 2449 5429 manum
2501 5374 2840 5441 imposuerat,
2889 5382 2943 5426 et
2992 5372 3261 5441 Apostolis
3299 5373 3652 5435 nuntiaverat.

2079 5474 2137 5519 ut
2163 5480 2259 5534 per
2303 5465 2513 5517 illorum
2541 5462 2825 5516 adventum
2866 5471 2919 5517 ct
2949 5478 3133 5516 manus
3170 5463 3561 5532 impOsitionem
3589 5464 3656 5517 ab

2080 5571 2145 5609 eo
2174 5554 2420 5623 baptizati
2448 5552 2699 5622 Spiritum
2731 5562 2969 5607 sanctum
3022 5554 3263 5620 accipere
3303 5562 3650 5617 mererentur,

2081 5645 2288 5702 accedit
2315 5643 2378 5700 ad
2409 5660 2645 5719 currum,
2688 5644 2974 5713 interregat
3007 5642 3321 5711 Eunuchum
3371 5654 3545 5699 utrum
3576 5644 3656 5697 ina

2780 5730 2784 5737 ’
2826 5737 3296 5817 {’I'rente-neuf.
3310 5739 3335 5803 )
