4102 6326
488 310 509 362 1
521 308 625 363 227

489 424 749 494 telligeret
786 419 926 491 quod
956 419 1183 491 legebat.
1223 416 1528 486 Respondet
1570 416 1678 482 ille,
1708 432 1864 485 posse
1891 433 1949 472 se
1980 417 2059 470 in-

490 518 746 586 telligere,
779 514 824 568 si
853 512 1044 568 habeat
1072 512 1428 580 expositorem
1462 528 1472 561 :
1505 518 1656 579 rogat
1679 509 1979 580 Philippum
2008 518 2066 565 ut

422 566 468 669 ἦ,
488 566 699 661 ευτνῖιηι
735 602 1077 669 ascenderet;
1112 602 1372 667 ascendit,
1400 600 1539 655 sedit
1567 616 1686 656 cum
1718 601 1833 668 illo,
1864 601 2061 655 invenit

460 651 607 753 Ficum
650 697 910 766 legentem
963 695 1015 750 in
1069 694 1201 749 Isaia
1250 693 1509 764 propheta
1558 692 1699 763 quod
1740 692 1806 748 de
1853 691 2065 747 Christo

480 790 658 845 fuerat
684 788 1113 859 praenuntiatum,
1148 788 1294 843 Sicut
1341 786 1445 841 ovis
1472 785 1540 838 ad
1576 784 1943 840 immolandum
1969 786 2067 839 dua-

468 872 595 934 ctus
623 890 715 945 cst,
752 889 806 935 et
830 889 1043 945 czetera,
1071 895 1190 949 qua:
1216 883 1342 933 sunt
1386 878 1624 947 ejusdem
1665 878 2064 933 circumstantia

426 1000 429 1003 -
489 970 751 1025 lectionis.
798 971 948 1026 Tunc
976 976 1310 1040 interrogans
1338 978 1513 1025 utrum
1561 968 1630 1024 de
1677 984 1736 1024 se
1784 969 1901 1038 ipso
1927 968 2062 1023 Pro-

488 1065 645 1132 pheta
695 1063 915 1129 diceret,
945 1080 1012 1118 an
1038 1063 1105 1118 de
1154 1063 1289 1128 alio;
1343 1072 1521 1133 aperta
1571 1060 1868 1117 occasionis
1898 1060 2063 1130 janna

480 1142 868 1227 evangelizavit
908 1152 1177 1210 Christum
1214 1155 1430 1226 januam
1472 1155 1675 1210 salutis.
1706 1154 1836 1209 Cum
1869 1153 1982 1207 haec
2008 1151 2061 1207 in

486 1247 676 1303 itinere
729 1258 977 1317 aguntur,
1024 1254 1236 1302 ventum
1267 1258 1349 1303 est
1401 1244 1467 1301 ad
1511 1261 1724 1316 aquam,
1764 1254 1818 1300 et
1847 1244 1921 1298 ait
1950 1244 2062 1297 Eu-

487 1338 692 1393 nuchus
718 1338 960 1407 Philippo
994 1356 1006 1392 :
1040 1337 1171 1393 Ecce
1199 1356 1350 1409 aqua,
1387 1339 1497 1407 quis
1527 1355 1605 1391 mc
1643 1337 1869 1407 prohibet
1900 1334 2063 1403 bapti-

485 1430 637 1483 zari?
674 1429 762 1483 Ait
792 1429 1064 1498 Philippus
1096 1446 1110 1482 :
1154 1426 1215 1484 Si
1242 1429 1425 1493 credis,
1457 1426 1570 1497 ﬁeri
1603 1437 1783 1496 potest.
1816 1427 1882 1481 Et
1920 1426 2009 1480 ille
2042 1438 2057 1480 :

484 1520 647 1583 Credo
677 1520 869 1576 Filium
890 1519 986 1576 Dci
1010 1538 1114 1576 esse
1130 1519 1327 1576 Iesum.
1354 1514 1751 1574 Descenderunt
1770 1519 1821 1573 in
1843 1532 2056 1586 aquam,

485 1614 770 1679 baptizavit
815 1628 938 1667 eum
992 1613 1284 1681 Philippus.
1318 1611 1669 1679 Posteaquam
1705 1607 2063 1664 ascenderunt

484 1704 552 1758 ab
571 1719 727 1773 aqua,
748 1705 895 1759 venit
922 1717 1082 1774 super
1103 1702 1419 1758 Eunuchum
1447 1702 1675 1772 Spiritus
1690 1710 1903 1757 sanctus
1922 1702 2057 1773 (Act.

486 1796 627 1866 vui).
658 1798 796 1853 Ecce
817 1797 1090 1867 Philippus
1116 1798 1184 1852 ibi
1212 1802 1347 1862 erat,
1368 1797 1456 1866 qui
1482 1795 1532 1850 in
1562 1795 1800 1851 Samaria
1828 1794 2064 1864 baptiza-

487 1897 657 1953 verat,
681 1897 735 1943 et
754 1888 820 1943 ad
858 1903 952 1944 eos
978 1888 1271 1959 baptizatos
1300 1886 1587 1957 Apostolos
1609 1886 1851 1949 duxerat,
1885 1884 2061 1954 bapti-

485 1979 644 2044 zavit,
676 1994 774 2034 nec
801 1994 989 2034 manus
1032 1979 1285 2049 imposuit
1317 1997 1332 2033 :
1361 1977 1456 2033 sed
1497 1986 1553 2032 ut
1595 1977 1903 2032 ostenderet
1942 1975 2065 2046 Spi-

484 2071 620 2126 ritus
662 2086 767 2125 non
794 2087 978 2127 verum
1030 2072 1354 2142 suspicatum
1403 2085 1523 2125 esse
1574 2069 1871 2134 Simonem,
1918 2069 2060 2139 quod

486 2162 759 2217 hominum
788 2162 985 2218 donum
1012 2171 1153 2217 esset
1179 2162 1408 2231 Spiritus
1449 2162 1563 2223 Dei,
1587 2162 1639 2216 in
1668 2158 1939 2216 hominem
1961 2173 2059 2216 ve-

487 2258 566 2310 nit
593 2255 905 2319 iiberaliter,
929 2263 985 2311 et
1008 2251 1231 2311 liberum
1256 2255 1396 2310 fecit.
1423 2249 1584 2310 Venit
1608 2262 1669 2308 ut
1692 2254 1854 2319 Deus,
1878 2262 1933 2309 et
1958 2253 2061 2308 im-

484 2348 689 2418 plevit:
722 2355 779 2401 ut
802 2347 948 2401 venit
970 2347 1240 2408 Dominus,
1269 2354 1324 2401 et
1347 2345 1597 2401 redemit.

556 2440 612 2493 5.
653 2437 927 2509 Philippus
966 2438 1209 2491 diaconus
1235 2435 1368 2491 alius
1407 2436 1469 2490 ab
1497 2436 1746 2506 apostolo.
1778 2428 1940 2491 Forte
1962 2433 2059 2489 ali-

482 2531 603 2599 quis
630 2530 771 2585 dicat
795 2530 862 2585 de
887 2529 1254 2593 contentiosis,
1294 2529 1417 2599 quia
1460 2522 1737 2597 Philippus
1786 2541 1893 2581 non
1944 2534 2060 2582 erat

478 2624 735 2678 diaconus
756 2622 843 2693 qui
883 2622 1241 2692 baptizaverat
1282 2622 1343 2674 in
1365 2620 1622 2684 Samaria,
1652 2620 1744 2675 sed
1784 2620 2058 2691 apostolus

483 2721 627 2778 erat;
658 2713 777 2783 quia
807 2722 860 2767 et
888 2713 1027 2768 inter
1052 2712 1333 2783 Apostolos
1358 2712 1632 2783 Philippus
1661 2712 1985 2777 nominatur,
2006 2720 2059 2767 et

480 2805 575 2877 qui
602 2806 812 2876 proprie
837 2805 1155 2875 evangelista
1190 2804 1486 2875 appellatus
1515 2816 1596 2860 est
1624 2820 1761 2860 unus
1782 2805 1848 2860 de
1875 2805 2055 2859 diaco-

481 2898 640 2953 nibus
675 2906 897 2966 septem.
947 2896 1053 2951 Sed
1106 2897 1441 2966 suspicentur
1493 2896 1634 2967 quod
1687 2897 1901 2964 volunt,
1950 2897 2057 2952 cito

481 2989 633 3041 solvo
672 2987 1044 3056 quaestionem.
1099 2986 1385 3056 Apostolus
1428 2985 1605 3053 fuerit,
1658 3002 1725 3041 an
1776 2986 2054 3053 diaconus,

480 3077 623 3146 quod
653 3076 812 3131 lectio
858 3077 1041 3141 tacuit,
1090 3076 1161 3131 sit
1209 3076 1313 3131 hoc
1361 3076 1643 3131 incertum.
1690 3076 1823 3131 illud
1878 3086 2055 3132 tamen

485 3170 741 3238 scriptum
781 3176 882 3232 est,
905 3169 1027 3237 quia
1071 3183 1195 3222 mox
1222 3177 1279 3222 ut
1302 3168 1612 3223 ascenderet
1639 3169 1705 3224 de
1725 3186 1881 3239 aqua,
1911 3174 2058 3227 venit

489 3262 717 3332 Spiritus
744 3268 957 3315 sanctus
982 3274 1142 3329 super
1186 3261 1473 3329 spadonem
1501 3260 1598 3333 (a).
1626 3262 1793 3318 Nemo
1822 3263 1890 3317 ibi
1911 3279 2057 3319 eom-

484 3361 746 3408 memorat
791 3367 980 3406 manus
1025 3351 1434 3421 impositiouem.
1460 3350 1620 3409 Forte
1658 3362 1710 3407 et
1738 3352 1839 3409 hoc
1869 3366 2053 3424 parum

481 3452 565 3499 est
596 3462 610 3497 :
634 3444 762 3498 dicit
788 3442 929 3498 enim
958 3443 1066 3503 ille,
1095 3438 1301 3512 Aliquis
1327 3458 1542 3512 prorsus
1569 3444 1818 3514 imposuit
1847 3445 1920 3499 illi
1943 3460 2056 3499 ma-

479 3550 629 3599 num,
658 3533 751 3588 sed
776 3532 878 3587 hoe
907 3533 1070 3586 tacuit
1097 3531 1393 3601 Scriptura.

547 3624 601 3679 6.
641 3624 863 3694 Spiritus
891 3631 1091 3677 sanctus
1129 3622 1360 3678 Cornelio
1384 3624 1492 3678 sine
1534 3640 1713 3677 manus
1737 3625 2055 3695 impositione

477 3724 525 3767 et
562 3724 679 3766 ante
706 3713 1025 3784 Baptismnm
1046 3712 1213 3765 datus.
1247 3713 1385 3781 Ergo
1427 3712 1555 3781 quid
1603 3713 1766 3769 dicis?
1804 3711 1934 3780 Hoc,
1966 3715 2049 3770 in-

474 3804 608 3873 quit,
636 3803 779 3870 dico,
801 3804 923 3873 quia
945 3802 998 3856 in
1026 3802 1225 3871 primos
1248 3802 1368 3856 illos
1396 3810 1609 3856 centum
1634 3804 1818 3873 viginti
1838 3819 2048 3871 revera,

473 3896 599 3965 quia
626 3903 752 3949 tunc
781 3895 1009 3965 primum
1029 3895 1273 3949 veniebat
1293 3894 1523 3964 Spiritus
1544 3907 1778 3961 sanctus,
1804 3897 1919 3951 sine
1945 3897 2048 3951 im-

478 3986 741 4055 positione
763 3999 952 4039 manus
973 3984 1215 4050 advenit;
1247 4001 1313 4039 ex
1335 3984 1427 4040 illo
1456 3994 1633 4041 autem
1660 3986 1769 4055 jam
1799 3987 1851 4042 in
1881 3989 2052 4043 nemi-

476 4093 600 4132 nem
625 4078 788 4144 venit,
834 4077 938 4131 nisi
986 4074 1176 4132 fuisset
1225 4093 1413 4133 manus
1462 4078 1727 4146 imposita.
1756 4080 2049 4136 Oblituses

474 4168 777 4223 Cornelium
804 4168 1171 4223 centurionem
1208 4186 1221 4222 :
1262 4168 1377 4237 lege
1403 4169 1706 4239 diligenter,
1735 4180 1790 4225 et
1816 4172 2049 4243 intellige

462 4259 787 4329 prudenter.
841 4258 1118 4314 Cornelius
1153 4259 1415 4325 centurio,
1437 4260 1576 4314 sicut
1618 4261 1669 4315 in
1699 4261 1886 4317 eodem
1912 4262 2048 4318 libro

472 4351 701 4405 Actuum
749 4350 1127 4420 Apostolorum
1170 4350 1398 4425 legitur,
1445 4352 1533 4405 ubi
1577 4354 1737 4407 etiam
1788 4355 2048 4412 adventus

471 4440 702 4511 Spiritus
743 4441 910 4496 sancti
940 4441 1274 4509 przcdlcatur.
1325 4442 1405 4496 Ad
1447 4444 1812 4501 centurionem
1842 4444 2043 4503 Corne-

470 4530 601 4587 lium
651 4534 871 4603 angelus
926 4533 1120 4589 missus
1175 4542 1296 4600 est,
1359 4535 1619 4589 nuntiavit
1670 4536 1745 4589 illi
1801 4547 2046 4607 acceptas

456 4625 838 4696 releemosynas
862 4625 1001 4695 ejus,
1030 4626 1304 4681 exauditas
1326 4628 1637 4682 orationes:
1667 4629 1891 4697 proinde
1921 4642 2043 4685 eum

456 4714 668 4770 debere
705 4716 917 4772 mittere
941 4715 1009 4769 ad
1040 4714 1274 4783 Petrum,
1316 4717 1405 4786 qui
1434 4716 1691 4770 habitaret
1714 4719 1764 4771 in
1790 4717 1959 4787 Joppe
1988 4720 2042 4775 in

469 4805 629 4861 domo
657 4804 887 4862 Simonis
912 4807 1157 4873 coriarii,
1179 4822 1409 4875 eumque
1448 4808 1849 4863 accersendum.
1894 4809 2044 4867 Tunc

468 4904 649 4952 autem
676 4910 863 4967 magna
896 4897 1120 4967 quaestio
1144 4895 1284 4955 inter
1308 4896 1522 4952 Judmos
1552 4908 1608 4953 et
1633 4898 1835 4957 Gentes
1862 4918 2043 4960 versa-

468 4988 643 5050 batur,
674 4986 727 5043 id
772 4994 873 5053 est,
901 4987 1040 5041 inter
1056 5001 1156 5043 eos
1174 4987 1265 5056 qui
1302 4985 1372 5041 de
1395 4987 1614 5052 Judzcis,
1654 4999 1708 5044 et
1732 5005 1828 5045 eos
1856 4994 1944 5063 qui
1971 4994 2043 5049 de

465 5075 729 5132 Gentibus
752 5075 1106 5141 crediderant,
1134 5084 1319 5131 utrum.
1345 5075 1692 5146 Evangelium
1732 5080 2042 5138 ministran-

452 5164 591 5220 'dum
618 5175 761 5220 esset
780 5166 1180 5225 incircumcisis.
1217 5166 1345 5222 Erat
1383 5166 1505 5222 inde
1527 5183 1716 5238 magna
1747 5173 2035 5241 cunctatio,

464 5271 586 5311 cum
637 5257 797 5311 mittit
835 5255 1132 5311 Cornelius.
1180 5256 1392 5312 Interim
1438 5257 1757 5314 admonetur
1809 5261 2035 5330 Petrus,

464 5346 639 5417 agitur
687 5347 957 5417 negotium
997 5348 1145 5417 regni
1182 5348 1461 5417 caelorum,
1506 5358 1561 5405 et
1605 5349 1693 5405 hic
1738 5360 1809 5421 et,
1836 5353 1924 5419 ibi,
1971 5356 2039 5410 ab

528 5574 600 5635 (a)
611 5582 706 5623 Non
728 5566 955 5641 sichodie
972 5577 1166 5641 Vulgata
1187 5591 1198 5626 :
1218 5577 1304 5628 sed
1328 5581 1586 5641 Augustino
1607 5583 1912 5632 consentiunt
1930 5584 2034 5635 liluri

448 5634 645 5743 'iiiiquol
667 5639 829 5697 graeci,
857 5634 1470 5747 uiseque'tiieronymus'in
1491 5639 1680 5704 dialogo
1710 5653 1875 5694 contra
1904 5634 2033 5697 Luci?

485 5709 689 5746 ct'tanos.
721 5712 825 5747 αω.
893 5732 908 5748 ο

1680 301 1739 357 S.
1771 296 2137 357 AUGUSTINI
2179 300 2474 358 EPlSCOPI

3608 313 3746 371 1228

2174 414 2267 468 illo
2295 417 2383 486 qui
2413 416 2604 486 ubique
2628 429 2729 473 est.
2773 419 2904 475 Cum
2948 421 3089 477 enim
3131 422 3243 478 hmc
3279 425 3417 495 apud
3441 423 3745 483 Cornelium

2170 516 2417 576 aguntur,
2448 507 2660 563 interim
2687 521 2740 564 et
2763 511 2951 567 Petrus
2976 514 3027 567 in
3058 513 3227 583 Joppe
3246 517 3487 586 esurivit,
3506 520 3749 575 ascendit

2169 610 2325 652 orare
2357 613 2477 652 cum
2513 599 2561 653 ei
2599 601 2816 655 refectio
2859 608 3156 672 pararetur,
3198 608 3400 662 orantis
3444 624 3597 666 mens
3619 612 3747 667 alie-

2170 696 2291 742 nata
2320 698 2438 755 est;
2483 690 2576 745 sed
2620 692 2687 747 ab
2721 693 2917 747 inlimis
2960 695 3028 749 ad
3075 712 3334 766 superna;
3390 714 3497 767 non
3544 712 3602 756 ut
3651 702 3749 758 de-

2169 782 2373 849 viaret,
2422 783 2518 838 sed
2572 793 2630 840 ut
2670 786 2894 841 videret.
2948 786 3108 846 Venit
3155 790 3234 845 illi
3282 792 3464 848 discus
3504 793 3571 850 de
3608 796 3751 852 coelo

2168 873 2485 941 submissus,
2533 878 2685 947 quasi
2726 879 2981 935 esurienti
3029 882 3251 939 cteleste
3294 883 3573 941 ferculum.
3620 888 3752 943 Erat

2167 972 2343 1017 autem
2393 965 2572 1020 discus
2620 967 2722 1023 iste
2761 978 2989 1039 quatuor
3029 972 3183 1027 lineis
3231 974 3497 1045 alligatus,
3544 977 3748 1035 habeas

2167 1055 2356 1108 omnia
2386 1071 2585 1125 genera
2629 1059 2963 1127 animalium,
3013 1062 3211 1117 munda
3253 1072 3308 1119 et
3357 1065 3650 1135 immunda,
3694 1077 3751 1123 et

2166 1152 2296 1201 voce
2321 1162 2551 1216 superna
2580 1150 2815 1220 pulsatus
2835 1163 2919 1207 est
2937 1155 3180 1212 esuriens
3204 1173 3217 1209 :
3245 1156 3413 1226 Petra,
3426 1175 3575 1231 surge
3588 1176 3610 1225 ;
3631 1171 3747 1215 ma-

2168 1248 2269 1306 cta,
2291 1249 2336 1293 et
2357 1242 2631 1297 manduca.
2662 1244 2905 1300 Attendit
2934 1247 3042 1313 ille,
3066 1248 3198 1304 vidit
3220 1250 3271 1303 in
3297 1250 3448 1305 disco
3469 1253 3745 1309 immunda

2166 1329 2433 1396 animalia,
2457 1348 2575 1401 quae
2597 1349 2701 1389 non
2723 1336 2929 1391 solebat
2950 1347 3189 1409 tangere,
3210 1349 3267 1395 et
3289 1342 3563 1412 respondit
3584 1345 3698 1399 voci
3725 1364 3740 1401 :

2167 1421 2307 1476 Absit
2329 1440 2361 1475 a
2388 1440 2466 1477 me
2485 1424 2702 1480 Domine
2729 1443 2750 1481 :
2775 1444 3031 1498 nunquam
3054 1444 3318 1487 commune
3340 1442 3387 1487 et
3424 1435 3746 1490 immundum

2164 1511 2368 1567 intravit
2417 1514 2472 1568 in
2520 1531 2575 1570 os
2603 1530 2788 1572 meum.
2828 1518 2897 1573 Et
2946 1536 3051 1576 vox
3092 1521 3159 1576 ad
3209 1522 3355 1577 illum
3390 1541 3404 1577 :
3440 1525 3567 1592 Quae
3608 1524 3751 1581 Deus

2166 1602 2445 1672 mandavit,
2474 1614 2527 1659 tu
2553 1607 2813 1663 immunda
2855 1626 2919 1664 ne
2939 1604 3149 1667 dixeris.
3180 1612 3295 1668 Non
3322 1614 3480 1671 Petro
3517 1617 3751 1671 carnalis

2166 1696 2316 1750 cibus
2342 1696 2685 1764 oti'erebatur,
2718 1701 2812 1756 sed
2838 1702 3122 1759 mundatus
3147 1704 3425 1761 Cornelius
3463 1708 3749 1762 nuntiam-

2167 1792 2272 1841 tur.
2298 1787 2412 1843 Hoc
2453 1800 2631 1846 autem
2677 1791 2874 1848 factum
2905 1803 2988 1850 est
3031 1803 3131 1861 ter,
3158 1806 3213 1852 et
3240 1806 3513 1869 receptum
3537 1811 3622 1855 est
3651 1816 3748 1865 vas

2166 1878 2219 1932 in
2250 1880 2463 1935 coelum.
2503 1882 2735 1938 Evidcns
2772 1887 3105 1957 mysterium.
3134 1888 3323 1945 Discus
3347 1899 3429 1946 est
3461 1891 3609 1947 orbis
3637 1900 3743 1947 tero

2165 1981 2366 2028 rarum.
2405 1974 2642 2040 Quatuor
2682 1976 2837 2033 linea:
2877 1978 3083 2035 discum
3125 1982 3495 2051 continentes,
3518 1994 3749 2053 quatuor

2165 2065 2309 2119 orbis
2330 2066 2597 2132 cardines,
2625 2083 2760 2139 quos
2785 2070 3059 2142 Scriptura
3084 2084 3487 2139 commemorat,
3511 2075 3699 2131 dicens
3730 2086 3744 2130 :

2166 2154 2243 2208 Ab
2269 2152 2473 2213 Oriente
2494 2168 2540 2212 et
2576 2157 2867 2229 Occidente,
2894 2172 2939 2217 et
2962 2163 3025 2218 ab
3061 2163 3310 2236 Aquilone
3340 2176 3390 2220 et
3423 2163 3560 2220 Mari
3588 2166 3742 2235 (Luc.

2163 2261 2277 2311 xm,
2307 2246 2419 2318 29).
2444 2250 2724 2315 Animalia,
2753 2268 2941 2310 omnes
2961 2264 3167 2326 gentes.
3196 2258 3303 2313 Ter
3329 2258 3628 2313 submissus
3656 2259 3744 2313 die

2165 2350 2317 2403 scus,
2346 2342 2738 2398 commendatio
2759 2344 3049 2403 Trinitatis.
3079 2348 3287 2415 Petrus,
3315 2350 3583 2415 Ecclesia;
3629 2364 3747 2407 esu-

2164 2430 2309 2497 riens
2352 2431 2539 2488 Petrus
2562 2469 2578 2501 ,
2623 2434 2863 2492 Ecclesia
2904 2433 3217 2496 desiderans
3265 2440 3423 2497 fidem
3469 2438 3742 2498 Gentium.

2170 2518 2279 2573 Vox
2307 2523 2565 2592 cmlcstis,
2601 2536 2841 2582 sanctum
2883 2529 3250 2600 Evangelium.
3294 2532 3490 2599 Macta,
3517 2543 3564 2589 et
3593 2551 3747 2589 man-

2163 2610 2293 2666 duca
2322 2616 2550 2671 :occide
2588 2632 2731 2688 quo:
2768 2629 2913 2687 sunt,
2954 2620 3035 2676 fac
3060 2622 3201 2691 quod
3239 2638 3318 2678 es.
3348 2622 3510 2680 Petro
3536 2624 3744 2680 discre—

2164 2713 2320 2771 pante
2345 2702 2411 2759 de
2432 2705 2603 2773 jussu,
2648 2709 2824 2763 subito
2866 2712 3166 2766 nuntiatum
3207 2722 3287 2767 est
3333 2714 3474 2783 quod
3516 2715 3736 2785 quidam

2162 2792 2358 2848 milites
2384 2795 2531 2851 missi
2571 2812 2602 2850 a
2630 2794 2877 2855 Cornelio
2899 2801 3098 2856 vellent
3132 2818 3253 2857 eum
3284 2804 3484 2860 videre.
3520 2806 3588 2860 Et
3614 2806 3741 2876 Spi-

2161 2883 2296 2938 ritus
2318 2896 2530 2941 sanctus
2554 2887 2711 2944 Petro
2740 2907 2753 2941 :
2782 2888 2923 2945 Vade
2941 2909 3053 2946 cum
3070 2894 3141 2947 eis
3156 2904 3176 2958 ί
3192 2911 3283 2965 ego
3305 2912 3389 2949 eos
3405 2897 3536 2951 misi.
3560 2897 3743 2968 Pergit

2161 2967 2350 3030 Petrus
2365 2976 2474 3045 jam
2495 2976 2562 3032 de
2588 2980 2791 3036 visione
2809 2997 2912 3035 non
2944 2984 3367 3054 cunctabundus,
3397 2988 3491 3042 sed
3515 2967 3696 3043 certus
3721 3007 3736 3042 :

2160 3076 2215 3121 et
2249 3069 2385 3123 sicut
2423 3070 2635 3139 legitur,
2663 3075 2933 3129 nuntiatur
2960 3077 3235 3146 Cornelio,
3262 3081 3496 3136 occurrit
3525 3080 3740 3136 humili-

2162 3166 2260 3223 ter,
2292 3163 2644 3229 prosternitur
2671 3164 2939 3221 humiliter
2969 3185 2982 3221 :
3009 3168 3211 3223 levatur
3238 3170 3511 3226 humilius.
3540 3172 3739 3229 Perve-

2158 3249 2303 3304 nitur
2348 3250 2607 3320 domum,
2661 3255 3001 3313 inveniuntur
3051 3261 3203 3315 multi
3254 3261 3344 3316 alii
3406 3265 3735 3335 congregati.

2158 3338 2412 3395 Narratur
2437 3342 2596 3398 Petro
2623 3362 2741 3415 quae
2765 3360 2924 3403 causa
2954 3344 3113 3406 fuerit
3140 3352 3383 3408 mittendi
3417 3354 3484 3409 ad
3507 3371 3649 3420 eum,
3677 3362 3737 3412 et

2156 3432 2340 3499 gratia:
2366 3442 2593 3502 aguntur
2619 3439 2760 3507 quod
2788 3441 2996 3495 venerit
3021 3442 3230 3498 Petrus.
3263 3446 3407 3516 Ergo
3432 3457 3619 3517 aperto
3638 3464 3736 3503 ore

2155 3536 2254 3577 suo
2288 3526 2651 3595 evangelicum
2680 3529 2843 3599 cmpit
2866 3530 3125 3589 Gentibus
3154 3534 3556 3604 iucircumcisis,
3590 3539 3736 3595 unde

2157 3612 2247 3667 illa
2278 3629 2466 3685 magna
2505 3620 2728 3687 qumslio
2754 3623 3087 3689 versabatur,
3114 3628 3339 3696 gratiam
3368 3629 3576 3683 Domini
3602 3628 3733 3686 Jesu

2155 3704 2370 3759 Christi.
2404 3706 2570 3762 Erant
2591 3711 2803 3779 quidam
2831 3729 2950 3768 cum
2980 3716 3159 3780 Petro,
3193 3719 3283 3788 qui
3304 3735 3371 3774 ex
3394 3720 3592 3777 Judznis
3611 3738 3734 3778 cre-

2153 3794 2417 3862 diderant,
2444 3794 2537 3868 qui
2565 3813 2781 3869 possent
2806 3808 3028 3871 moveri,
3068 3809 3113 3862 si
3150 3809 3544 3878 baptizarentur
3570 3814 3732 3869 incirn

2154 3889 2372 3944 cumcisi
2417 3907 2431 3943 :
2482 3891 2553 3946 ibi
2601 3894 2757 3962 plane
2792 3896 2980 3953 Petrus
3013 3894 3131 3965 ait:
3183 3900 3282 3955 Vos
3322 3903 3478 3966 scitis,
3519 3905 3732 3975 fratres,

2152 3981 2571 4049 quemadmodum
2614 3984 3004 4043 abominandum
3054 3991 3119 4045 sit
3156 3990 3342 4047 λειάωο
3384 3995 3624 4050 accedere
3651 3995 3733 4050 rei

2154 4074 2395 4143 conjungi
2449 4070 2636 4130 Gentili
2652 4092 2673 4140 ;
2717 4080 2805 4133 sed
2854 4080 2979 4134 mihi
3034 4081 3169 4136 Deus
3211 4084 3428 4138 ostendit
3478 4088 3729 4140 nominent

2152 4178 2463 4217 communem
2502 4175 2589 4220 aut
2633 4168 2950 4225 immundum
2981 4172 3233 4227 hominem
3278 4175 3444 4231 dicere
3490 4176 3589 4248 (a).
3636 4177 3732 4234 Ille

2152 4254 2393 4309 esuriens
2425 4258 2655 4327 respexit
2680 4259 2746 4315 ad
2768 4260 2994 4317 discum.

2224 4342 2276 4397 7.
2308 4338 2393 4398 Ea:
2438 4346 2514 4400 his
2542 4349 2725 4417 refellit
2753 4349 3068 4407 Donatista.
3117 4352 3218 4410 Ubi
3270 4367 3395 4412 sunt
3442 4358 3537 4428 qui
3578 4358 3733 4415 dice-

2151 4432 2280 4521 bant
2310 4447 2623 4521 {propterea
2644 4441 2786 4495 enim
2819 4451 2983 4499 totum
3031 4448 3283 4511 narravi,
3324 4458 3543 4519 propter
3584 4451 3730 4521 quod

2149 4519 2270 4573 volo
2294 4518 2476 4604 dicere
2499 4539 2513 4574 :
2537 4522 2623 4576 ubi
2652 4534 2775 4579 sunt
2801 4528 2889 4595 qui
2914 4527 3159 4585 dicebant
3181 4546 3274 4600 per
3302 4518 3535 4589 hominis
3572 4518 3729 4604 pote-

2148 4609 2345 4655 statem
2366 4602 2482 4657 dari
2508 4604 2760 4674 Spiritum
2786 4612 3069 4666 sanctum?
3097 4614 3502 4685 Evangelizante
3531 4602 3690 4674 Petro
3710 4662 3730 4687 ,

2147 4690 2427 4774 Cornelius
2455 4703 2507 4749 et
2528 4710 2710 4752 omnes
2737 4700 2958 4769 quicum
2987 4703 3076 4759 illo
3091 4713 3243 4759 erant
3267 4721 3396 4775 gens
3427 4708 3466 4773 ¹,
3496 4707 3598 4765 hoc
3644 4725 3731 4769 esi

2134 4763 2778 4853 :gentiles,crediderunt—;
2824 4801 2871 4846 et
2901 4793 3108 4859 subito,
3152 4763 3433 4867 antequam
3484 4798 3725 4869 baptiza-

2146 4877 2348 4934 rcntur,
2379 4869 2576 4939 impleti
2607 4882 2729 4928 sunt
2752 4873 2947 4945 Spiritu
2972 4886 3155 4933 sancto
3183 4879 3318 4951 (Act.
3351 4881 3438 4951 x)?
3468 4883 3605 4951 Quid
3636 4885 3727 4938 hic

2146 4953 2431 5023 respondet
2454 4954 2679 5010 humana
2706 4962 3084 5030 praesumptio?
3106 4963 3217 5019 Non
3248 4967 3417 5021 solum
3467 4978 3589 5023 ante
3621 4970 3689 5023 im
3708 5001 3731 5013 -

2146 5046 2346 5114 positas
2370 5062 2575 5105 manus.
2596 5050 2688 5104 sed
2715 5060 2838 5107 ante
2878 5054 3049 5123 ipsum
3082 5057 3404 5125 Baptismnm
3434 5065 3578 5117 venit
3603 5063 3727 5134 Spi-

2144 5135 2278 5191 ritus
2293 5146 2540 5200 sanctus;
2569 5138 2635 5193 de
2661 5151 2941 5209 potestate,
2972 5161 3076 5201 non
3133 5149 3201 5203 de
3248 5154 3583 5211 necessitate.
3618 5155 3726 5209 Vc-

2146 5226 2223 5280 nit
2249 5236 2373 5283 ante
2396 5228 2641 5299 baptismi
2672 5232 3015 5305 ablutionem,
3046 5248 3104 5294 ut
3140 5236 3373 5299 auferret
3417 5257 3728 5303 controver-

2144 5320 2274 5373 siam
2302 5320 2737 5380 circumcisionis.
2785 5327 2974 5385 Posset
3002 5332 3144 5387 enim
3193 5350 3223 5389 a
3274 5338 3721 5398 calumniantibus

2143 5409 2227 5465 vel
2256 5426 2361 5467 non
2389 5413 2800 5485 intelligentibus
2825 5421 2927 5477 dici
2954 5422 3115 5481 Petro
3142 5443 3157 5481 :
3186 5426 3320 5484 Male
3369 5431 3537 5489 fecisti
3590 5436 3725 5493 dare

2205 5566 2223 5601 ί
2247 5572 2405 5627 Forte,
2420 5575 2557 5619 erant
2583 5548 2846 5625 audientes.

2203 5650 2937 5741 ﬂuminis
2966 5670 3221 5731 sequentia
3258 5676 3406 5723 verba
3450 5684 3561 5741 Sen;
3582 5689 3722 5740 turr,

2140 5724 2249 5766 qua}
2268 5717 2479 5763 maxime
2498 5714 2558 5763 ad
2579 5730 2686 5767 rem
2709 5722 2958 5776 iaciebant.
