  <div class='ocr_page' id='page_1' title='image "/cluster/home/n/w/nwhite01/storage/ocr_20150623/38/hvd.32044015706294/620.png"; bbox 0 0 4102 6326; ppageno 0'>
   <div class='ocr_carea' id='block_1_1' title="bbox 334 312 473 370">
    <p class='ocr_par' dir='ltr' id='par_1_1' title="bbox 334 312 473 370">
     <span class='ocr_line' id='line_1_1' title="bbox 334 312 473 370; baseline 0.036 -5"><span class='ocrx_word' id='word_1_1' title='bbox 334 318 356 365; x_wconf 75' lang='grc'>1</span> <span class='ocrx_word' id='word_1_2' title='bbox 369 312 473 370; x_wconf 69' lang='lat'><strong>9.29</strong></span> 
     </span>
    </p>
   </div>
   <div class='ocr_carea' id='block_1_2' title="bbox 326 410 1908 499">
    <p class='ocr_par' dir='ltr' id='par_1_2' title="bbox 326 410 1908 499">
     <span class='ocr_line' id='line_1_2' title="bbox 326 410 1908 499; baseline -0.011 -14"><span class='ocrx_word' id='word_1_3' title='bbox 326 428 584 499; x_wconf 82' lang='lat' dir='ltr'><strong>Spiritum</strong></span> <span class='ocrx_word' id='word_1_4' title='bbox 610 425 871 483; x_wconf 80' lang='lat' dir='ltr'><strong>sanetum.</strong></span> <span class='ocrx_word' id='word_1_5' title='bbox 902 410 1039 482; x_wconf 76' lang='lat' dir='ltr'><strong>Ecce</strong></span> <span class='ocrx_word' id='word_1_6' title='bbox 1070 417 1343 494; x_wconf 81' lang='lat' dir='ltr'><strong>impletum</strong></span> <span class='ocrx_word' id='word_1_7' title='bbox 1374 422 1477 487; x_wconf 76' lang='lat' dir='ltr'><strong>est,</strong></span> <span class='ocrx_word' id='word_1_8' title='bbox 1519 430 1645 474; x_wconf 89' lang='lat' dir='ltr'><strong>ecce</strong></span> <span class='ocrx_word' id='word_1_9' title='bbox 1694 415 1908 471; x_wconf 86' lang='lat' dir='ltr'><strong>demon-</strong></span> 
     </span>
    </p>
   </div>
   <div class='ocr_carea' id='block_1_3' title="bbox 327 506 1903 589">
    <p class='ocr_par' dir='ltr' id='par_1_3' title="bbox 327 506 1903 589">
     <span class='ocr_line' id='line_1_3' title="bbox 327 506 1903 589; baseline -0.011 -14"><span class='ocrx_word' id='word_1_10' title='bbox 327 529 554 576; x_wconf 87' lang='lat' dir='ltr'><strong>stratum</strong></span> <span class='ocrx_word' id='word_1_11' title='bbox 583 528 685 585; x_wconf 89' lang='lat' dir='ltr'><strong>est,</strong></span> <span class='ocrx_word' id='word_1_12' title='bbox 714 518 854 589; x_wconf 87' lang='lat' dir='ltr'><strong>quod</strong></span> <span class='ocrx_word' id='word_1_13' title='bbox 877 517 1131 573; x_wconf 97' lang='lat' dir='ltr'><strong>Dominus</strong></span> <span class='ocrx_word' id='word_1_14' title='bbox 1150 516 1243 580; x_wconf 91' lang='lat' dir='ltr'><strong>ait,</strong></span> <span class='ocrx_word' id='word_1_15' title='bbox 1277 512 1500 584; x_wconf 81' lang='lat' dir='ltr'><strong>Spiritus</strong></span> <span class='ocrx_word' id='word_1_16' title='bbox 1550 510 1636 563; x_wconf 88' lang='lat' dir='ltr'><strong>ubi</strong></span> <span class='ocrx_word' id='word_1_17' title='bbox 1673 507 1773 561; x_wconf 77' lang='lat' dir='ltr'><strong>uult</strong></span> <span class='ocrx_word' id='word_1_18' title='bbox 1821 506 1903 559; x_wconf 87' lang='lat' dir='ltr'><strong>in-</strong></span> 
     </span>
    </p>
   </div>
   <div class='ocr_carea' id='block_1_4' title="bbox 327 606 1909 683">
    <p class='ocr_par' dir='ltr' id='par_1_4' title="bbox 327 606 1909 683">
     <span class='ocr_line' id='line_1_4' title="bbox 327 606 1909 683; baseline -0.01 -18"><span class='ocrx_word' id='word_1_19' title='bbox 327 612 488 683; x_wconf 83' lang='lat' dir='ltr'><strong>spirat</strong></span> <span class='ocrx_word' id='word_1_20' title='bbox 518 611 537 677; x_wconf 85' lang='lat'><strong><em>(</em></strong></span> <span class='ocrx_word' id='word_1_21' title='bbox 554 609 710 664; x_wconf 81' lang='lat' dir='ltr'><strong>Joan.</strong></span> <span class='ocrx_word' id='word_1_22' title='bbox 746 626 822 675; x_wconf 85' lang='lat' dir='ltr'><strong>ill,</strong></span> <span class='ocrx_word' id='word_1_23' title='bbox 846 610 935 680; x_wconf 88' lang='grc'><strong>8).</strong></span> <span class='ocrx_word' id='word_1_24' title='bbox 969 609 1106 663; x_wconf 85' lang='lat' dir='ltr'><strong>Ecce</strong></span> <span class='ocrx_word' id='word_1_25' title='bbox 1132 607 1407 676; x_wconf 76' lang='lat' dir='ltr'><strong>impletum</strong></span> <span class='ocrx_word' id='word_1_26' title='bbox 1435 612 1549 669; x_wconf 76' lang='lat' dir='ltr'><strong>eSt,</strong></span> <span class='ocrx_word' id='word_1_27' title='bbox 1583 607 1710 656; x_wconf 82' lang='lat' dir='ltr'><strong>ecce</strong></span> <span class='ocrx_word' id='word_1_28' title='bbox 1762 606 1909 651; x_wconf 90' lang='lat' dir='ltr'><strong>mon-</strong></span> 
     </span>
    </p>
   </div>
   <div class='ocr_carea' id='block_1_5' title="bbox 327 690 1905 774">
    <p class='ocr_par' dir='ltr' id='par_1_5' title="bbox 327 690 1905 774">
     <span class='ocr_line' id='line_1_5' title="bbox 327 690 1905 774; baseline -0.011 -13"><span class='ocrx_word' id='word_1_29' title='bbox 327 714 527 761; x_wconf 90' lang='lat' dir='ltr'><strong>stratur</strong></span> <span class='ocrx_word' id='word_1_30' title='bbox 549 719 705 774; x_wconf 90' lang='lat' dir='ltr'><strong>quam</strong></span> <span class='ocrx_word' id='word_1_31' title='bbox 736 712 920 761; x_wconf 73' lang='lat' dir='ltr'><strong>Verum</strong></span> <span class='ocrx_word' id='word_1_32' title='bbox 940 702 1194 757; x_wconf 89' lang='lat' dir='ltr'><strong>Dominus</strong></span> <span class='ocrx_word' id='word_1_33' title='bbox 1222 699 1438 765; x_wconf 78' lang='lat' dir='ltr'><strong>dixerit,</strong></span> <span class='ocrx_word' id='word_1_34' title='bbox 1454 696 1678 767; x_wconf 76' lang='lat' dir='ltr'><strong>Spiritus</strong></span> <span class='ocrx_word' id='word_1_35' title='bbox 1704 693 1786 747; x_wconf 85' lang='lat' dir='ltr'><strong>ubi</strong></span> <span class='ocrx_word' id='word_1_36' title='bbox 1803 690 1905 745; x_wconf 79' lang='lat' dir='ltr'><strong>uult</strong></span> 
     </span>
    </p>
   </div>
   <div class='ocr_carea' id='block_1_6' title="bbox 326 782 1906 865">
    <p class='ocr_par' dir='ltr' id='par_1_6' title="bbox 326 782 1906 865">
     <span class='ocr_line' id='line_1_6' title="bbox 326 782 1906 865; baseline -0.011 -14"><span class='ocrx_word' id='word_1_37' title='bbox 326 795 564 865; x_wconf 76' lang='lat' dir='ltr'><strong>inspirat.</strong></span> <span class='ocrx_word' id='word_1_38' title='bbox 588 794 654 849; x_wconf 89' lang='lat' dir='ltr'><strong>Et</strong></span> <span class='ocrx_word' id='word_1_39' title='bbox 683 802 857 849; x_wconf 74' lang='lat' dir='ltr'><strong>tamtm</strong></span> <span class='ocrx_word' id='word_1_40' title='bbox 911 792 1226 862; x_wconf 63' lang='lat' dir='ltr'><strong>arrogantiae</strong></span> <span class='ocrx_word' id='word_1_41' title='bbox 1256 786 1497 859; x_wconf 86' lang='lat' dir='ltr'><strong>spiritum</strong></span> <span class='ocrx_word' id='word_1_42' title='bbox 1538 784 1772 840; x_wconf 87' lang='lat' dir='ltr'><strong>nondum</strong></span> <span class='ocrx_word' id='word_1_43' title='bbox 1798 782 1906 834; x_wconf 84' lang='lat' dir='ltr'><strong>hac-</strong></span> 
     </span>
    </p>
   </div>
   <div class='ocr_carea' id='block_1_7' title="bbox 327 877 1903 957">
    <p class='ocr_par' dir='ltr' id='par_1_7' title="bbox 327 877 1903 957">
     <span class='ocr_line' id='line_1_7' title="bbox 327 877 1903 957; baseline -0.01 -13"><span class='ocrx_word' id='word_1_44' title='bbox 327 888 526 944; x_wconf 76' lang='lat' dir='ltr'><strong>reticus</strong></span> <span class='ocrx_word' id='word_1_45' title='bbox 561 887 823 957; x_wconf 85' lang='lat' dir='ltr'><strong>superbus</strong></span> <span class='ocrx_word' id='word_1_46' title='bbox 861 887 1113 955; x_wconf 61' lang='lat' dir='ltr'><strong>etspirat.</strong></span> <span class='ocrx_word' id='word_1_47' title='bbox 1146 883 1334 939; x_wconf 82' lang='lat' dir='ltr'><strong>Adhuc</strong></span> <span class='ocrx_word' id='word_1_48' title='bbox 1372 880 1500 937; x_wconf 88' lang='lat' dir='ltr'><strong>dicit</strong></span> <span class='ocrx_word' id='word_1_49' title='bbox 1532 896 1545 933; x_wconf 93' lang='lat'>:</span> <span class='ocrx_word' id='word_1_50' title='bbox 1578 877 1750 934; x_wconf 81' lang='lat' dir='ltr'><strong>Meum</strong></span> <span class='ocrx_word' id='word_1_51' title='bbox 1772 885 1903 941; x_wconf 78' lang='lat' dir='ltr'><strong>est;</strong></span> 
     </span>
    </p>
   </div>
   <div class='ocr_carea' id='block_1_8' title="bbox 328 966 1907 1050">
    <p class='ocr_par' dir='ltr' id='par_1_8' title="bbox 328 966 1907 1050">
     <span class='ocr_line' id='line_1_8' title="bbox 328 966 1907 1050; baseline -0.01 -14"><span class='ocrx_word' id='word_1_52' title='bbox 328 980 435 1036; x_wconf 81' lang='lat' dir='ltr'><strong>noli</strong></span> <span class='ocrx_word' id='word_1_53' title='bbox 486 981 553 1037; x_wconf 81' lang='lat' dir='ltr'><strong>ab</strong></span> <span class='ocrx_word' id='word_1_54' title='bbox 589 981 680 1036; x_wconf 92' lang='lat' dir='ltr'><strong>illo</strong></span> <span class='ocrx_word' id='word_1_55' title='bbox 725 981 1001 1050; x_wconf 87' lang='lat' dir='ltr'><strong>accipere,</strong></span> <span class='ocrx_word' id='word_1_56' title='bbox 1045 978 1310 1034; x_wconf 88' lang='lat' dir='ltr'><strong>sedame.</strong></span> <span class='ocrx_word' id='word_1_57' title='bbox 1338 966 1907 1044; x_wconf 71' lang='lat' dir='ltr'><strong>ReSpondeszQumro</strong></span> 
     </span>
    </p>
   </div>
   <div class='ocr_carea' id='block_1_9' title="bbox 326 1067 1908 1142">
    <p class='ocr_par' dir='ltr' id='par_1_9' title="bbox 326 1067 1908 1142">
     <span class='ocr_line' id='line_1_9' title="bbox 326 1067 1908 1142; baseline -0.011 -13"><span class='ocrx_word' id='word_1_58' title='bbox 326 1073 468 1142; x_wconf 84' lang='lat' dir='ltr'><strong>quod</strong></span> <span class='ocrx_word' id='word_1_59' title='bbox 499 1073 590 1128; x_wconf 87' lang='lat' dir='ltr'><strong>Dei</strong></span> <span class='ocrx_word' id='word_1_60' title='bbox 606 1076 710 1130; x_wconf 81' lang='lat' dir='ltr'><strong>est.</strong></span> <span class='ocrx_word' id='word_1_61' title='bbox 741 1068 832 1127; x_wconf 91' lang='lat' dir='ltr'><strong>Ille</strong></span> <span class='ocrx_word' id='word_1_62' title='bbox 860 1088 873 1125; x_wconf 91' lang='lat'>:</span> <span class='ocrx_word' id='word_1_63' title='bbox 904 1071 1018 1126; x_wconf 89' lang='lat' dir='ltr'><strong>Non</strong></span> <span class='ocrx_word' id='word_1_64' title='bbox 1046 1070 1241 1142; x_wconf 84' lang='lat' dir='ltr'><strong>legisti,</strong></span> <span class='ocrx_word' id='word_1_65' title='bbox 1262 1067 1443 1123; x_wconf 84' lang='lat' dir='ltr'><strong>Oleum</strong></span> <span class='ocrx_word' id='word_1_66' title='bbox 1467 1073 1634 1119; x_wconf 87' lang='lat' dir='ltr'><strong>autem</strong></span> <span class='ocrx_word' id='word_1_67' title='bbox 1685 1068 1908 1133; x_wconf 87' lang='lat' dir='ltr'><strong>peccato-</strong></span> 
     </span>
    </p>
   </div>
   <div class='ocr_carea' id='block_1_10' title="bbox 328 1150 1906 1237">
    <p class='ocr_par' dir='ltr' id='par_1_10' title="bbox 328 1150 1906 1237">
     <span class='ocr_line' id='line_1_10' title="bbox 328 1150 1906 1237; baseline -0.01 -17"><span class='ocrx_word' id='word_1_68' title='bbox 328 1167 400 1222; x_wconf 85' lang='lat' dir='ltr'><strong>ris</strong></span> <span class='ocrx_word' id='word_1_69' title='bbox 428 1183 531 1221; x_wconf 85' lang='lat' dir='ltr'><strong>non</strong></span> <span class='ocrx_word' id='word_1_70' title='bbox 556 1166 831 1237; x_wconf 61' lang='lat' dir='ltr'><strong>impingat</strong></span> <span class='ocrx_word' id='word_1_71' title='bbox 855 1173 1005 1235; x_wconf 76' lang='lat' dir='ltr'><strong>“caput</strong></span> <span class='ocrx_word' id='word_1_72' title='bbox 1027 1152 1230 1218; x_wconf 81' lang='lat' dir='ltr'><strong>meum?</strong></span> <span class='ocrx_word' id='word_1_73' title='bbox 1258 1162 1397 1231; x_wconf 86' lang='lat' dir='ltr'><strong>Ergo</strong></span> <span class='ocrx_word' id='word_1_74' title='bbox 1412 1158 1589 1214; x_wconf 89' lang='lat' dir='ltr'><strong>oleum</strong></span> <span class='ocrx_word' id='word_1_75' title='bbox 1623 1162 1770 1209; x_wconf 87' lang='lat' dir='ltr'><strong>tuum</strong></span> <span class='ocrx_word' id='word_1_76' title='bbox 1800 1150 1906 1206; x_wconf 78' lang='lat' dir='ltr'><strong>est?</strong></span> 
     </span>
    </p>
   </div>
   <div class='ocr_carea' id='block_1_11' title="bbox 331 1242 1906 1331">
    <p class='ocr_par' dir='ltr' id='par_1_11' title="bbox 331 1242 1906 1331">
     <span class='ocr_line' id='line_1_11' title="bbox 331 1242 1906 1331; baseline -0.011 -17"><span class='ocrx_word' id='word_1_77' title='bbox 331 1252 391 1314; x_wconf 85' lang='lat' dir='ltr'><strong>Si</strong></span> <span class='ocrx_word' id='word_1_78' title='bbox 421 1268 564 1311; x_wconf 92' lang='lat' dir='ltr'><strong>tuum</strong></span> <span class='ocrx_word' id='word_1_79' title='bbox 592 1266 695 1322; x_wconf 88' lang='lat' dir='ltr'><strong>est,</strong></span> <span class='ocrx_word' id='word_1_80' title='bbox 711 1258 836 1312; x_wconf 91' lang='lat' dir='ltr'><strong>nolo</strong></span> <span class='ocrx_word' id='word_1_81' title='bbox 856 1257 937 1331; x_wconf 71' lang='grc' dir='ltr'>εει</span> <span class='ocrx_word' id='word_1_82' title='bbox 965 1264 1111 1310; x_wconf 91' lang='lat' dir='ltr'><strong>tuum</strong></span> <span class='ocrx_word' id='word_1_83' title='bbox 1137 1254 1237 1317; x_wconf 90' lang='lat' dir='ltr'><strong>est,</strong></span> <span class='ocrx_word' id='word_1_84' title='bbox 1262 1252 1458 1307; x_wconf 84' lang='lat' dir='ltr'><strong>malum</strong></span> <span class='ocrx_word' id='word_1_85' title='bbox 1484 1257 1586 1303; x_wconf 87' lang='lat' dir='ltr'><strong>est.</strong></span> <span class='ocrx_word' id='word_1_86' title='bbox 1628 1242 1684 1302; x_wconf 88' lang='lat' dir='ltr'><strong>Si</strong></span> <span class='ocrx_word' id='word_1_87' title='bbox 1728 1242 1906 1299; x_wconf 79' lang='lat' dir='ltr'><strong>alitem</strong></span> 
     </span>
    </p>
   </div>
   <div class='ocr_carea' id='block_1_12' title="bbox 327 1333 1906 1418">
    <p class='ocr_par' dir='ltr' id='par_1_12' title="bbox 327 1333 1906 1418">
     <span class='ocr_line' id='line_1_12' title="bbox 327 1333 1906 1418; baseline -0.009 -16"><span class='ocrx_word' id='word_1_88' title='bbox 327 1342 422 1402; x_wconf 83' lang='lat' dir='ltr'><strong>Dei</strong></span> <span class='ocrx_word' id='word_1_89' title='bbox 439 1357 537 1413; x_wconf 91' lang='lat' dir='ltr'><strong>est,</strong></span> <span class='ocrx_word' id='word_1_90' title='bbox 570 1356 625 1403; x_wconf 94' lang='lat' dir='ltr'><strong>et</strong></span> <span class='ocrx_word' id='word_1_91' title='bbox 641 1358 736 1418; x_wconf 85' lang='lat' dir='ltr'><strong>per</strong></span> <span class='ocrx_word' id='word_1_92' title='bbox 761 1355 815 1403; x_wconf 90' lang='lat' dir='ltr'><strong>te</strong></span> <span class='ocrx_word' id='word_1_93' title='bbox 840 1340 1039 1403; x_wconf 88' lang='lat' dir='ltr'><strong>malum</strong></span> <span class='ocrx_word' id='word_1_94' title='bbox 1067 1345 1261 1401; x_wconf 89' lang='lat' dir='ltr'><strong>bonum</strong></span> <span class='ocrx_word' id='word_1_95' title='bbox 1288 1350 1390 1399; x_wconf 92' lang='lat' dir='ltr'><strong>est.</strong></span> <span class='ocrx_word' id='word_1_96' title='bbox 1423 1341 1644 1396; x_wconf 73' lang='lat' dir='ltr'><strong>Coenum</strong></span> <span class='ocrx_word' id='word_1_97' title='bbox 1684 1352 1787 1391; x_wconf 91' lang='lat' dir='ltr'><strong>non</strong></span> <span class='ocrx_word' id='word_1_98' title='bbox 1820 1333 1906 1388; x_wconf 89' lang='lat' dir='ltr'><strong>in-</strong></span> 
     </span>
    </p>
   </div>
   <div class='ocr_carea' id='block_1_13' title="bbox 328 1423 1907 1508">
    <p class='ocr_par' dir='ltr' id='par_1_13' title="bbox 328 1423 1907 1508">
     <span class='ocr_line' id='line_1_13' title="bbox 328 1423 1907 1508; baseline -0.009 -16"><span class='ocrx_word' id='word_1_99' title='bbox 328 1434 512 1508; x_wconf 81' lang='lat' dir='ltr'><strong>quinat</strong></span> <span class='ocrx_word' id='word_1_100' title='bbox 539 1439 667 1493; x_wconf 86' lang='lat' dir='ltr'><strong>solis</strong></span> <span class='ocrx_word' id='word_1_101' title='bbox 688 1438 993 1501; x_wconf 83' lang='lat' dir='ltr'><strong>raditlm,et</strong></span> <span class='ocrx_word' id='word_1_102' title='bbox 1020 1445 1073 1491; x_wconf 92' lang='grc' dir='ltr'><strong>ιιι</strong></span> <span class='ocrx_word' id='word_1_103' title='bbox 1105 1434 1348 1508; x_wconf 83' lang='lat' dir='ltr'><strong>inquinas</strong></span> <span class='ocrx_word' id='word_1_104' title='bbox 1392 1431 1485 1487; x_wconf 86' lang='lat' dir='ltr'><strong>Dei</strong></span> <span class='ocrx_word' id='word_1_105' title='bbox 1530 1425 1732 1484; x_wconf 82' lang='lat' dir='ltr'><strong>oleum?</strong></span> <span class='ocrx_word' id='word_1_106' title='bbox 1785 1423 1907 1479; x_wconf 77' lang='lat' dir='ltr'><strong>Ideo</strong></span> 
     </span>
    </p>
   </div>
   <div class='ocr_carea' id='block_1_14' title="bbox 328 1518 1908 1598">
    <p class='ocr_par' dir='ltr' id='par_1_14' title="bbox 328 1518 1908 1598">
     <span class='ocr_line' id='line_1_14' title="bbox 328 1518 1908 1598; baseline -0.006 -15"><span class='ocrx_word' id='word_1_107' title='bbox 328 1537 506 1583; x_wconf 82' lang='lat' dir='ltr'><strong>autem</strong></span> <span class='ocrx_word' id='word_1_108' title='bbox 528 1530 667 1584; x_wconf 86' lang='lat' dir='ltr'><strong>malo</strong></span> <span class='ocrx_word' id='word_1_109' title='bbox 695 1538 786 1585; x_wconf 93' lang='lat' dir='ltr'><strong>tuo</strong></span> <span class='ocrx_word' id='word_1_110' title='bbox 810 1529 1003 1593; x_wconf 88' lang='lat' dir='ltr'><strong>habes,</strong></span> <span class='ocrx_word' id='word_1_111' title='bbox 1034 1529 1153 1598; x_wconf 79' lang='lat' dir='ltr'><strong>quia</strong></span> <span class='ocrx_word' id='word_1_112' title='bbox 1185 1524 1325 1597; x_wconf 80' lang='lat' dir='ltr'><strong>quod</strong></span> <span class='ocrx_word' id='word_1_113' title='bbox 1370 1524 1569 1579; x_wconf 84' lang='lat' dir='ltr'><strong>bonum</strong></span> <span class='ocrx_word' id='word_1_114' title='bbox 1622 1528 1703 1576; x_wconf 89' lang='lat' dir='ltr'><strong>est</strong></span> <span class='ocrx_word' id='word_1_115' title='bbox 1737 1518 1908 1573; x_wconf 64' lang='lat' dir='ltr'><strong>nia&#39;ius</strong></span> 
     </span>
    </p>
   </div>
   <div class='ocr_carea' id='block_1_15' title="bbox 329 1610 1908 1690">
    <p class='ocr_par' dir='ltr' id='par_1_15' title="bbox 329 1610 1908 1690">
     <span class='ocr_line' id='line_1_15' title="bbox 329 1610 1908 1690; baseline -0.006 -17"><span class='ocrx_word' id='word_1_116' title='bbox 329 1610 521 1685; x_wconf 82' lang='lat' dir='ltr'><strong>habes;</strong></span> <span class='ocrx_word' id='word_1_117' title='bbox 550 1620 691 1690; x_wconf 88' lang='lat' dir='ltr'><strong>quod</strong></span> <span class='ocrx_word' id='word_1_118' title='bbox 717 1621 805 1675; x_wconf 86' lang='lat' dir='ltr'><strong>Dei</strong></span> <span class='ocrx_word' id='word_1_119' title='bbox 832 1630 914 1677; x_wconf 90' lang='lat' dir='ltr'><strong>est</strong></span> <span class='ocrx_word' id='word_1_120' title='bbox 930 1662 945 1685; x_wconf 92' lang='lat'><strong>,</strong></span> <span class='ocrx_word' id='word_1_121' title='bbox 976 1619 1146 1675; x_wconf 89' lang='lat' dir='ltr'><strong>malus</strong></span> <span class='ocrx_word' id='word_1_122' title='bbox 1171 1614 1421 1687; x_wconf 88' lang='lat' dir='ltr'><strong>accepisti</strong></span> <span class='ocrx_word' id='word_1_123' title='bbox 1446 1634 1463 1671; x_wconf 90' lang='lat'><strong>:</strong></span> <span class='ocrx_word' id='word_1_124' title='bbox 1488 1614 1609 1683; x_wconf 85' lang='lat' dir='ltr'><strong>quia</strong></span> <span class='ocrx_word' id='word_1_125' title='bbox 1634 1618 1908 1681; x_wconf 84' lang='lat' dir='ltr'><strong>separatus</strong></span> 
     </span>
    </p>
   </div>
   <div class='ocr_carea' id='block_1_16' title="bbox 329 1703 1904 1791">
    <p class='ocr_par' dir='ltr' id='par_1_16' title="bbox 329 1703 1904 1791">
     <span class='ocr_line' id='line_1_16' title="bbox 329 1703 1904 1791; baseline -0.005 -26"><span class='ocrx_word' id='word_1_126' title='bbox 329 1728 438 1791; x_wconf 84' lang='lat' dir='ltr'><strong>non</strong></span> <span class='ocrx_word' id='word_1_127' title='bbox 463 1712 748 1782; x_wconf 79' lang='lat' dir='ltr'><strong>collegisti,</strong></span> <span class='ocrx_word' id='word_1_128' title='bbox 778 1713 871 1769; x_wconf 86' lang='lat' dir='ltr'><strong>sed</strong></span> <span class='ocrx_word' id='word_1_129' title='bbox 897 1712 1158 1784; x_wconf 79' lang='lat' dir='ltr'><strong>sparsisti.</strong></span> <span class='ocrx_word' id='word_1_130' title='bbox 1191 1711 1291 1779; x_wconf 88' lang='lat' dir='ltr'><strong>Qui</strong></span> <span class='ocrx_word' id='word_1_131' title='bbox 1329 1708 1650 1791; x_wconf 56' lang='lat' dir='ltr'><strong>manducent</strong></span> <span class='ocrx_word' id='word_1_132' title='bbox 1671 1703 1904 1773; x_wconf 87' lang='lat' dir='ltr'><strong>indigne,</strong></span> 
     </span>
    </p>
   </div>
   <div class='ocr_carea' id='block_1_17' title="bbox 325 1786 1903 1874">
    <p class='ocr_par' dir='ltr' id='par_1_17' title="bbox 325 1786 1903 1874">
     <span class='ocr_line' id='line_1_17' title="bbox 325 1786 1903 1874; baseline -0.006 -17"><span class='ocrx_word' id='word_1_133' title='bbox 325 1786 576 1874; x_wconf 70' lang='lat' dir='ltr'><strong>indicium</strong></span> <span class='ocrx_word' id='word_1_134' title='bbox 603 1804 702 1860; x_wconf 87' lang='lat' dir='ltr'><strong>sibi</strong></span> <span class='ocrx_word' id='word_1_135' title='bbox 741 1803 1060 1859; x_wconf 89' lang='lat' dir='ltr'><strong>manducant</strong></span> <span class='ocrx_word' id='word_1_136' title='bbox 1108 1812 1163 1858; x_wconf 89' lang='lat' dir='ltr'><strong>et</strong></span> <span class='ocrx_word' id='word_1_137' title='bbox 1204 1802 1391 1857; x_wconf 78' lang='lat' dir='ltr'><strong>bibunt</strong></span> <span class='ocrx_word' id='word_1_138' title='bbox 1413 1786 1468 1869; x_wconf 78' lang='grc' dir='ltr'><strong>(Ι</strong></span> <span class='ocrx_word' id='word_1_139' title='bbox 1496 1798 1613 1854; x_wconf 82' lang='lat' dir='ltr'><strong>Cor.</strong></span> <span class='ocrx_word' id='word_1_140' title='bbox 1644 1812 1720 1863; x_wconf 76' lang='grc' dir='ltr'>ιι,</span> <span class='ocrx_word' id='word_1_141' title='bbox 1745 1794 1855 1865; x_wconf 74' lang='lat'><strong>‘29)</strong></span> <span class='ocrx_word' id='word_1_142' title='bbox 1889 1810 1903 1848; x_wconf 89' lang='lat'><strong>:</strong></span> 
     </span>
    </p>
   </div>
   <div class='ocr_carea' id='block_1_18' title="bbox 327 1880 1907 1965">
    <p class='ocr_par' dir='ltr' id='par_1_18' title="bbox 327 1880 1907 1965">
     <span class='ocr_line' id='line_1_18' title="bbox 327 1880 1907 1965; baseline -0.009 -15"><span class='ocrx_word' id='word_1_143' title='bbox 327 1896 450 1965; x_wconf 70' lang='lat' dir='ltr'><strong>Quia</strong></span> <span class='ocrx_word' id='word_1_144' title='bbox 500 1895 820 1951; x_wconf 88' lang='lat' dir='ltr'><strong>manducant</strong></span> <span class='ocrx_word' id='word_1_145' title='bbox 869 1894 1104 1964; x_wconf 82' lang='lat' dir='ltr'><strong>indigne,</strong></span> <span class='ocrx_word' id='word_1_146' title='bbox 1152 1909 1257 1948; x_wconf 91' lang='lat' dir='ltr'><strong>non</strong></span> <span class='ocrx_word' id='word_1_147' title='bbox 1300 1880 1651 1946; x_wconf 75' lang='lat' dir='ltr'><strong>manducantl</strong></span> <span class='ocrx_word' id='word_1_148' title='bbox 1690 1883 1907 1954; x_wconf 85' lang='lat' dir='ltr'><strong>lndigno</strong></span> 
     </span>
    </p>
   </div>
   <div class='ocr_carea' id='block_1_19' title="bbox 326 1966 1908 2052">
    <p class='ocr_par' dir='ltr' id='par_1_19' title="bbox 326 1966 1908 2052">
     <span class='ocr_line' id='line_1_19' title="bbox 326 1966 1908 2052; baseline -0.008 -11"><span class='ocrx_word' id='word_1_149' title='bbox 326 1968 623 2041; x_wconf 79' lang='lat' dir='ltr'><strong>buccellam</strong></span> <span class='ocrx_word' id='word_1_150' title='bbox 652 1986 895 2041; x_wconf 73' lang='lat' dir='ltr'><strong>Christus</strong></span> <span class='ocrx_word' id='word_1_151' title='bbox 921 1985 1071 2039; x_wconf 75' lang='lat' dir='ltr'><strong>Jndze</strong></span> <span class='ocrx_word' id='word_1_152' title='bbox 1097 1976 1434 2052; x_wconf 84' lang='lat' dir='ltr'><strong>dedit(Joan.</strong></span> <span class='ocrx_word' id='word_1_153' title='bbox 1458 1984 1569 2045; x_wconf 78' lang='lat' dir='ltr'><strong>xm,</strong></span> <span class='ocrx_word' id='word_1_154' title='bbox 1598 1970 1714 2047; x_wconf 70' lang='lat' dir='ltr'><strong>es),</strong></span> <span class='ocrx_word' id='word_1_155' title='bbox 1737 1983 1791 2030; x_wconf 91' lang='lat' dir='ltr'><strong>et</strong></span> <span class='ocrx_word' id='word_1_156' title='bbox 1816 1966 1908 2028; x_wconf 88' lang='lat' dir='ltr'><strong>ille</strong></span> 
     </span>
    </p>
   </div>
   <div class='ocr_carea' id='block_1_20' title="bbox 326 2060 1907 2145">
    <p class='ocr_par' dir='ltr' id='par_1_20' title="bbox 326 2060 1907 2145">
     <span class='ocr_line' id='line_1_20' title="bbox 326 2060 1907 2145; baseline -0.008 -18"><span class='ocrx_word' id='word_1_157' title='bbox 326 2060 465 2130; x_wconf 87' lang='lat' dir='ltr'><strong>hanc</strong></span> <span class='ocrx_word' id='word_1_158' title='bbox 488 2076 552 2129; x_wconf 89' lang='lat' dir='ltr'><strong>ad</strong></span> <span class='ocrx_word' id='word_1_159' title='bbox 576 2073 833 2145; x_wconf 86' lang='lat' dir='ltr'><strong>judicium</strong></span> <span class='ocrx_word' id='word_1_160' title='bbox 859 2062 1080 2144; x_wconf 85' lang='lat' dir='ltr'><strong>accepit.</strong></span> <span class='ocrx_word' id='word_1_161' title='bbox 1124 2070 1387 2141; x_wconf 69' lang='lat' dir='ltr'><strong>Numduid</strong></span> <span class='ocrx_word' id='word_1_162' title='bbox 1422 2085 1451 2123; x_wconf 92' lang='lat' dir='ltr'><strong>a</strong></span> <span class='ocrx_word' id='word_1_163' title='bbox 1483 2068 1621 2122; x_wconf 91' lang='lat' dir='ltr'><strong>malo</strong></span> <span class='ocrx_word' id='word_1_164' title='bbox 1668 2060 1907 2133; x_wconf 84' lang='lat' dir='ltr'><strong>accepit?</strong></span> 
     </span>
    </p>
   </div>
   <div class='ocr_carea' id='block_1_21' title="bbox 326 2157 1907 2236">
    <p class='ocr_par' dir='ltr' id='par_1_21' title="bbox 326 2157 1907 2236">
     <span class='ocr_line' id='line_1_21' title="bbox 326 2157 1907 2236; baseline -0.008 -16"><span class='ocrx_word' id='word_1_165' title='bbox 326 2166 581 2236; x_wconf 89' lang='lat' dir='ltr'><strong>numquid</strong></span> <span class='ocrx_word' id='word_1_166' title='bbox 637 2160 831 2221; x_wconf 89' lang='lat' dir='ltr'><strong>malum</strong></span> <span class='ocrx_word' id='word_1_167' title='bbox 871 2165 1111 2235; x_wconf 77' lang='lat' dir='ltr'><strong>accepit?</strong></span> <span class='ocrx_word' id='word_1_168' title='bbox 1135 2165 1239 2221; x_wconf 89' lang='lat' dir='ltr'><strong>Sed</strong></span> <span class='ocrx_word' id='word_1_169' title='bbox 1277 2162 1397 2218; x_wconf 92' lang='lat' dir='ltr'><strong>ideo</strong></span> <span class='ocrx_word' id='word_1_170' title='bbox 1426 2176 1546 2215; x_wconf 90' lang='lat' dir='ltr'><strong>reus</strong></span> <span class='ocrx_word' id='word_1_171' title='bbox 1590 2169 1706 2223; x_wconf 89' lang='lat' dir='ltr'><strong>est,</strong></span> <span class='ocrx_word' id='word_1_172' title='bbox 1734 2157 1853 2225; x_wconf 84' lang='lat' dir='ltr'><strong>quia</strong></span> <span class='ocrx_word' id='word_1_173' title='bbox 1876 2170 1907 2208; x_wconf 87' lang='lat' dir='ltr'><strong>a</strong></span> 
     </span>
    </p>
   </div>
   <div class='ocr_carea' id='block_1_22' title="bbox 325 2247 1906 2328">
    <p class='ocr_par' dir='ltr' id='par_1_22' title="bbox 325 2247 1906 2328">
     <span class='ocr_line' id='line_1_22' title="bbox 325 2247 1906 2328; baseline -0.007 -15"><span class='ocrx_word' id='word_1_174' title='bbox 325 2247 467 2314; x_wconf 85' lang='lat' dir='ltr'><strong>bono</strong></span> <span class='ocrx_word' id='word_1_175' title='bbox 496 2258 689 2315; x_wconf 88' lang='lat' dir='ltr'><strong>bonum</strong></span> <span class='ocrx_word' id='word_1_176' title='bbox 712 2260 882 2314; x_wconf 88' lang='lat' dir='ltr'><strong>malus</strong></span> <span class='ocrx_word' id='word_1_177' title='bbox 906 2257 1129 2328; x_wconf 69' lang='lat' dir='ltr'><strong>accepitt</strong></span> <span class='ocrx_word' id='word_1_178' title='bbox 1159 2255 1274 2311; x_wconf 85' lang='lat' dir='ltr'><strong>Non</strong></span> <span class='ocrx_word' id='word_1_179' title='bbox 1302 2262 1383 2310; x_wconf 91' lang='lat' dir='ltr'><strong>est</strong></span> <span class='ocrx_word' id='word_1_180' title='bbox 1410 2267 1537 2323; x_wconf 85' lang='lat' dir='ltr'><strong>ergo</strong></span> <span class='ocrx_word' id='word_1_181' title='bbox 1572 2252 1746 2306; x_wconf 92' lang='lat' dir='ltr'><strong>oleum</strong></span> <span class='ocrx_word' id='word_1_182' title='bbox 1779 2263 1906 2319; x_wconf 86' lang='lat' dir='ltr'><strong>pec-</strong></span> 
     </span>
    </p>
   </div>
   <div class='ocr_carea' id='block_1_23' title="bbox 327 2340 1905 2417">
    <p class='ocr_par' dir='ltr' id='par_1_23' title="bbox 327 2340 1905 2417">
     <span class='ocr_line' id='line_1_23' title="bbox 327 2340 1905 2417; baseline -0.007 -13"><span class='ocrx_word' id='word_1_183' title='bbox 327 2350 543 2417; x_wconf 82' lang='lat' dir='ltr'><strong>catoris,</strong></span> <span class='ocrx_word' id='word_1_184' title='bbox 568 2348 744 2404; x_wconf 89' lang='lat' dir='ltr'><strong>oleum</strong></span> <span class='ocrx_word' id='word_1_185' title='bbox 766 2349 1031 2404; x_wconf 83' lang='lat' dir='ltr'><strong>salutaris.</strong></span> <span class='ocrx_word' id='word_1_186' title='bbox 1080 2349 1223 2403; x_wconf 87' lang='lat' dir='ltr'><strong>Bene</strong></span> <span class='ocrx_word' id='word_1_187' title='bbox 1255 2340 1563 2415; x_wconf 77' lang='lat' dir='ltr'><strong>aecipiatur,</strong></span> <span class='ocrx_word' id='word_1_188' title='bbox 1612 2352 1665 2397; x_wconf 93' lang='lat' dir='ltr'><strong>et</strong></span> <span class='ocrx_word' id='word_1_189' title='bbox 1707 2342 1905 2396; x_wconf 73' lang='lat' dir='ltr'><strong>bunttm</strong></span> 
     </span>
    </p>
   </div>
   <div class='ocr_carea' id='block_1_24' title="bbox 325 2432 1907 2512">
    <p class='ocr_par' dir='ltr' id='par_1_24' title="bbox 325 2432 1907 2512">
     <span class='ocr_line' id='line_1_24' title="bbox 325 2432 1907 2512; baseline -0.006 -15"><span class='ocrx_word' id='word_1_190' title='bbox 325 2450 409 2497; x_wconf 88' lang='lat' dir='ltr'><strong>est</strong></span> <span class='ocrx_word' id='word_1_191' title='bbox 438 2459 451 2495; x_wconf 87' lang='lat'><strong>:</strong></span> <span class='ocrx_word' id='word_1_192' title='bbox 483 2442 582 2497; x_wconf 89' lang='lat' dir='ltr'><strong>etsi</strong></span> <span class='ocrx_word' id='word_1_193' title='bbox 612 2441 750 2497; x_wconf 89' lang='lat' dir='ltr'><strong>male</strong></span> <span class='ocrx_word' id='word_1_194' title='bbox 773 2441 1082 2512; x_wconf 81' lang='lat' dir='ltr'><strong>accipiatur,</strong></span> <span class='ocrx_word' id='word_1_195' title='bbox 1114 2440 1439 2495; x_wconf 75' lang='lat' dir='ltr'><strong>bonum.est.</strong></span> <span class='ocrx_word' id='word_1_196' title='bbox 1468 2436 1560 2491; x_wconf 78' lang='lat' dir='ltr'><strong>Va:</strong></span> <span class='ocrx_word' id='word_1_197' title='bbox 1602 2432 1907 2499; x_wconf 81' lang='lat' dir='ltr'><strong>heminibus</strong></span> 
     </span>
    </p>
   </div>
   <div class='ocr_carea' id='block_1_25' title="bbox 327 2530 1134 2601">
    <p class='ocr_par' dir='ltr' id='par_1_25' title="bbox 327 2530 1134 2601">
     <span class='ocr_line' id='line_1_25' title="bbox 327 2530 1134 2601; baseline -0.002 -14"><span class='ocrx_word' id='word_1_198' title='bbox 327 2530 523 2587; x_wconf 88' lang='lat' dir='ltr'><strong>bonum</strong></span> <span class='ocrx_word' id='word_1_199' title='bbox 550 2532 690 2587; x_wconf 88' lang='lat' dir='ltr'><strong>male</strong></span> <span class='ocrx_word' id='word_1_200' title='bbox 717 2531 1096 2601; x_wconf 82' lang='lat' dir='ltr'><strong>accipientibus</strong></span> <span class='ocrx_word' id='word_1_201' title='bbox 1120 2533 1134 2586; x_wconf 77' lang='grc' dir='ltr'><strong>ι</strong></span> 
     </span>
    </p>
   </div>
   <div class='ocr_carea' id='block_1_26' title="bbox 396 2604 1905 2695">
    <p class='ocr_par' dir='ltr' id='par_1_26' title="bbox 396 2604 1905 2695">
     <span class='ocr_line' id='line_1_26' title="bbox 396 2604 1905 2695; baseline -0.005 -17"><span class='ocrx_word' id='word_1_202' title='bbox 396 2625 450 2678; x_wconf 87' lang='grc'><strong>8.</strong></span> <span class='ocrx_word' id='word_1_203' title='bbox 480 2623 740 2678; x_wconf 78' lang='lat' dir='ltr'><strong>Amandus</strong></span> <span class='ocrx_word' id='word_1_204' title='bbox 760 2624 1069 2695; x_wconf 80' lang='lat' dir='ltr'><strong>objurgatdr,</strong></span> <span class='ocrx_word' id='word_1_205' title='bbox 1093 2622 1343 2677; x_wconf 76' lang='lat' dir='ltr'><strong>cavendus</strong></span> <span class='ocrx_word' id='word_1_206' title='bbox 1373 2604 1625 2674; x_wconf 79' lang='lat' dir='ltr'><strong>adulator.</strong></span> <span class='ocrx_word' id='word_1_207' title='bbox 1659 2617 1793 2674; x_wconf 82' lang='lat' dir='ltr'><strong>Vide</strong></span> <span class='ocrx_word' id='word_1_208' title='bbox 1827 2625 1905 2671; x_wconf 81' lang='lat' dir='ltr'><strong>la-</strong></span> 
     </span>
    </p>
   </div>
   <div class='ocr_carea' id='block_1_27' title="bbox 326 2709 1900 2786">
    <p class='ocr_par' dir='ltr' id='par_1_27' title="bbox 326 2709 1900 2786">
     <span class='ocr_line' id='line_1_27' title="bbox 326 2709 1900 2786; baseline -0.004 -15"><span class='ocrx_word' id='word_1_209' title='bbox 326 2726 449 2771; x_wconf 85' lang='lat' dir='ltr'><strong>tnen</strong></span> <span class='ocrx_word' id='word_1_210' title='bbox 472 2716 758 2786; x_wconf 67' lang='lat' dir='ltr'><strong>Scriptura:</strong></span> <span class='ocrx_word' id='word_1_211' title='bbox 780 2731 995 2771; x_wconf 91' lang='lat' dir='ltr'><strong>sensum</strong></span> <span class='ocrx_word' id='word_1_212' title='bbox 1014 2758 1029 2781; x_wconf 91' lang='lat'><strong>,</strong></span> <span class='ocrx_word' id='word_1_213' title='bbox 1058 2731 1125 2771; x_wconf 91' lang='lat' dir='ltr'><strong>ne</strong></span> <span class='ocrx_word' id='word_1_214' title='bbox 1174 2714 1311 2771; x_wconf 83' lang='lat' dir='ltr'><strong>forte</strong></span> <span class='ocrx_word' id='word_1_215' title='bbox 1348 2712 1545 2783; x_wconf 92' lang='lat' dir='ltr'><strong>aliquid</strong></span> <span class='ocrx_word' id='word_1_216' title='bbox 1575 2709 1858 2767; x_wconf 83' lang='lat' dir='ltr'><strong>admoneat</strong></span> <span class='ocrx_word' id='word_1_217' title='bbox 1885 2751 1900 2775; x_wconf 95' lang='lat'><strong>,</strong></span> 
     </span>
    </p>
   </div>
   <div class='ocr_carea' id='block_1_28' title="bbox 328 2792 1906 2877">
    <p class='ocr_par' dir='ltr' id='par_1_28' title="bbox 328 2792 1906 2877">
     <span class='ocr_line' id='line_1_28' title="bbox 328 2792 1906 2877; baseline -0.002 -19"><span class='ocrx_word' id='word_1_218' title='bbox 328 2806 467 2877; x_wconf 79' lang='lat' dir='ltr'><strong>quod</strong></span> <span class='ocrx_word' id='word_1_219' title='bbox 491 2806 851 2877; x_wconf 60' lang='lat' dir='ltr'><strong>intelligentiae</strong></span> <span class='ocrx_word' id='word_1_220' title='bbox 877 2816 1054 2876; x_wconf 82' lang='lat' dir='ltr'><strong>pateat</strong></span> <span class='ocrx_word' id='word_1_221' title='bbox 1084 2803 1311 2860; x_wconf 85' lang='lat' dir='ltr'><strong>meliori.</strong></span> <span class='ocrx_word' id='word_1_222' title='bbox 1353 2792 1656 2858; x_wconf 77' lang='lat' dir='ltr'><strong>Emendabit</strong></span> <span class='ocrx_word' id='word_1_223' title='bbox 1700 2820 1795 2864; x_wconf 90' lang='lat' dir='ltr'><strong>me,</strong></span> <span class='ocrx_word' id='word_1_224' title='bbox 1827 2803 1906 2856; x_wconf 87' lang='lat' dir='ltr'><strong>in-</strong></span> 
     </span>
    </p>
   </div>
   <div class='ocr_carea' id='block_1_29' title="bbox 327 2891 1906 2967">
    <p class='ocr_par' dir='ltr' id='par_1_29' title="bbox 327 2891 1906 2967">
     <span class='ocr_line' id='line_1_29' title="bbox 327 2891 1906 2967; baseline -0.003 -16"><span class='ocrx_word' id='word_1_225' title='bbox 327 2898 460 2966; x_wconf 84' lang='lat' dir='ltr'><strong>quit,</strong></span> <span class='ocrx_word' id='word_1_226' title='bbox 479 2898 649 2967; x_wconf 86' lang='lat' dir='ltr'><strong>justus</strong></span> <span class='ocrx_word' id='word_1_227' title='bbox 666 2897 717 2951; x_wconf 86' lang='lat' dir='ltr'><strong>in</strong></span> <span class='ocrx_word' id='word_1_228' title='bbox 739 2898 1081 2953; x_wconf 79' lang='lat' dir='ltr'><strong>misericordia</strong></span> <span class='ocrx_word' id='word_1_229' title='bbox 1103 2912 1121 2950; x_wconf 90' lang='lat'><strong><em>:</em></strong></span> <span class='ocrx_word' id='word_1_230' title='bbox 1145 2897 1245 2951; x_wconf 89' lang='lat' dir='ltr'><strong>etsi</strong></span> <span class='ocrx_word' id='word_1_231' title='bbox 1299 2896 1487 2960; x_wconf 74' lang='lat' dir='ltr'><strong>cmdit,</strong></span> <span class='ocrx_word' id='word_1_232' title='bbox 1525 2902 1704 2957; x_wconf 87' lang='lat' dir='ltr'><strong>amat,</strong></span> <span class='ocrx_word' id='word_1_233' title='bbox 1737 2891 1906 2962; x_wconf 77' lang='lat' dir='ltr'><strong>diligit</strong></span> 
     </span>
    </p>
   </div>
   <div class='ocr_carea' id='block_1_30' title="bbox 328 2981 1904 3059">
    <p class='ocr_par' dir='ltr' id='par_1_30' title="bbox 328 2981 1904 3059">
     <span class='ocr_line' id='line_1_30' title="bbox 328 2981 1904 3059; baseline -0.004 -17"><span class='ocrx_word' id='word_1_234' title='bbox 328 2988 661 3059; x_wconf 69' lang='lat' dir='ltr'><strong>obiurgator;</strong></span> <span class='ocrx_word' id='word_1_235' title='bbox 686 2989 881 3058; x_wconf 88' lang='lat' dir='ltr'><strong>decipit</strong></span> <span class='ocrx_word' id='word_1_236' title='bbox 922 2986 1307 3042; x_wconf 89' lang='lat' dir='ltr'><strong>adulator:ille</strong></span> <span class='ocrx_word' id='word_1_237' title='bbox 1334 2986 1637 3050; x_wconf 89' lang='lat' dir='ltr'><strong>miseretur,</strong></span> <span class='ocrx_word' id='word_1_238' title='bbox 1670 2982 1759 3039; x_wconf 89' lang='lat' dir='ltr'><strong>ille</strong></span> <span class='ocrx_word' id='word_1_239' title='bbox 1794 2981 1904 3037; x_wconf 80' lang='lat' dir='ltr'><strong>’cir-</strong></span> 
     </span>
    </p>
   </div>
   <div class='ocr_carea' id='block_1_31' title="bbox 327 3072 1904 3150">
    <p class='ocr_par' dir='ltr' id='par_1_31' title="bbox 327 3072 1904 3150">
     <span class='ocr_line' id='line_1_31' title="bbox 327 3072 1904 3150; baseline -0.004 -17"><span class='ocrx_word' id='word_1_240' title='bbox 327 3080 618 3134; x_wconf 88' lang='lat' dir='ltr'><strong>cumvenit.</strong></span> <span class='ocrx_word' id='word_1_241' title='bbox 641 3080 777 3134; x_wconf 91' lang='lat' dir='ltr'><strong>Dura</strong></span> <span class='ocrx_word' id='word_1_242' title='bbox 807 3089 889 3134; x_wconf 87' lang='lat' dir='ltr'><strong>est</strong></span> <span class='ocrx_word' id='word_1_243' title='bbox 917 3079 1061 3150; x_wconf 89' lang='lat' dir='ltr'><strong>virga</strong></span> <span class='ocrx_word' id='word_1_244' title='bbox 1111 3076 1364 3133; x_wconf 61' lang='lat' dir='ltr'><strong>caedentis</strong></span> <span class='ocrx_word' id='word_1_245' title='bbox 1385 3119 1400 3144; x_wconf 96' lang='lat'><strong>,</strong></span> <span class='ocrx_word' id='word_1_246' title='bbox 1427 3077 1590 3132; x_wconf 86' lang='lat' dir='ltr'><strong>molle</strong></span> <span class='ocrx_word' id='word_1_247' title='bbox 1618 3084 1700 3131; x_wconf 93' lang='lat' dir='ltr'><strong>est</strong></span> <span class='ocrx_word' id='word_1_248' title='bbox 1726 3072 1904 3128; x_wconf 91' lang='lat' dir='ltr'><strong>oleum</strong></span> 
     </span>
    </p>
   </div>
   <div class='ocr_carea' id='block_1_32' title="bbox 327 3155 1902 3237">
    <p class='ocr_par' dir='ltr' id='par_1_32' title="bbox 327 3155 1902 3237">
     <span class='ocr_line' id='line_1_32' title="bbox 327 3155 1902 3237; baseline -0.003 -14"><span class='ocrx_word' id='word_1_249' title='bbox 327 3168 667 3224; x_wconf 89' lang='lat' dir='ltr'><strong>blandientis.</strong></span> <span class='ocrx_word' id='word_1_250' title='bbox 698 3169 908 3225; x_wconf 86' lang='lat' dir='ltr'><strong>Etenim</strong></span> <span class='ocrx_word' id='word_1_251' title='bbox 929 3179 1116 3225; x_wconf 87' lang='lat' dir='ltr'><strong>omnes</strong></span> <span class='ocrx_word' id='word_1_252' title='bbox 1143 3155 1448 3225; x_wconf 84' lang='lat' dir='ltr'><strong>adulatores</strong></span> <span class='ocrx_word' id='word_1_253' title='bbox 1475 3176 1635 3237; x_wconf 87' lang='lat' dir='ltr'><strong>caput</strong></span> <span class='ocrx_word' id='word_1_254' title='bbox 1664 3171 1902 3235; x_wconf 79' lang='lat' dir='ltr'><strong>ungunt,</strong></span> 
     </span>
    </p>
   </div>
   <div class='ocr_carea' id='block_1_33' title="bbox 329 3257 1903 3332">
    <p class='ocr_par' dir='ltr' id='par_1_33' title="bbox 329 3257 1903 3332">
     <span class='ocr_line' id='line_1_33' title="bbox 329 3257 1903 3332; baseline -0.001 -20"><span class='ocrx_word' id='word_1_255' title='bbox 329 3273 433 3313; x_wconf 91' lang='lat' dir='ltr'><strong>non</strong></span> <span class='ocrx_word' id='word_1_256' title='bbox 464 3259 665 3316; x_wconf 81' lang='lat' dir='ltr'><strong>viscera</strong></span> <span class='ocrx_word' id='word_1_257' title='bbox 693 3271 901 3316; x_wconf 91' lang='lat' dir='ltr'><strong>sanant.</strong></span> <span class='ocrx_word' id='word_1_258' title='bbox 936 3261 1067 3316; x_wconf 81' lang='lat' dir='ltr'><strong>Ama</strong></span> <span class='ocrx_word' id='word_1_259' title='bbox 1099 3261 1490 3332; x_wconf 85' lang='lat' dir='ltr'><strong>objurgatorem</strong></span> <span class='ocrx_word' id='word_1_260' title='bbox 1516 3290 1532 3325; x_wconf 83' lang='lat'><strong>,</strong></span> <span class='ocrx_word' id='word_1_261' title='bbox 1555 3274 1682 3313; x_wconf 85' lang='lat' dir='ltr'><strong>cave</strong></span> <span class='ocrx_word' id='word_1_262' title='bbox 1715 3257 1903 3311; x_wconf 86' lang='lat' dir='ltr'><strong>adula-</strong></span> 
     </span>
    </p>
   </div>
   <div class='ocr_carea' id='block_1_34' title="bbox 327 3344 1907 3422">
    <p class='ocr_par' dir='ltr' id='par_1_34' title="bbox 327 3344 1907 3422">
     <span class='ocr_line' id='line_1_34' title="bbox 327 3344 1907 3422; baseline -0.001 -18"><span class='ocrx_word' id='word_1_263' title='bbox 327 3359 517 3407; x_wconf 92' lang='lat' dir='ltr'><strong>torem.</strong></span> <span class='ocrx_word' id='word_1_264' title='bbox 543 3351 598 3407; x_wconf 89' lang='lat' dir='ltr'><strong>Si</strong></span> <span class='ocrx_word' id='word_1_265' title='bbox 619 3352 760 3407; x_wconf 90' lang='lat' dir='ltr'><strong>enim</strong></span> <span class='ocrx_word' id='word_1_266' title='bbox 789 3368 936 3409; x_wconf 90' lang='lat' dir='ltr'><strong>amas</strong></span> <span class='ocrx_word' id='word_1_267' title='bbox 961 3352 1253 3409; x_wconf 87' lang='lat' dir='ltr'><strong>veridicum</strong></span> <span class='ocrx_word' id='word_1_268' title='bbox 1280 3344 1677 3422; x_wconf 80' lang='lat' dir='ltr'><strong>objurgatOrem</strong></span> <span class='ocrx_word' id='word_1_269' title='bbox 1700 3391 1715 3415; x_wconf 95' lang='lat'><strong>,</strong></span> <span class='ocrx_word' id='word_1_270' title='bbox 1743 3357 1797 3403; x_wconf 90' lang='lat' dir='ltr'><strong>et</strong></span> <span class='ocrx_word' id='word_1_271' title='bbox 1816 3363 1907 3402; x_wconf 84' lang='lat' dir='ltr'><strong>ca-</strong></span> 
     </span>
    </p>
   </div>
   <div class='ocr_carea' id='block_1_35' title="bbox 324 3442 1906 3514">
    <p class='ocr_par' dir='ltr' id='par_1_35' title="bbox 324 3442 1906 3514">
     <span class='ocr_line' id='line_1_35' title="bbox 324 3442 1906 3514; baseline -0.001 -18"><span class='ocrx_word' id='word_1_272' title='bbox 324 3446 419 3498; x_wconf 73' lang='lat' dir='ltr'><strong>Ves</strong></span> <span class='ocrx_word' id='word_1_273' title='bbox 440 3443 679 3499; x_wconf 77' lang='lat' dir='ltr'><strong>fallacem</strong></span> <span class='ocrx_word' id='word_1_274' title='bbox 709 3444 1074 3511; x_wconf 84' lang='lat' dir='ltr'><strong>adulatorem,</strong></span> <span class='ocrx_word' id='word_1_275' title='bbox 1103 3454 1256 3514; x_wconf 86' lang='lat' dir='ltr'><strong>potes</strong></span> <span class='ocrx_word' id='word_1_276' title='bbox 1309 3444 1486 3499; x_wconf 88' lang='lat' dir='ltr'><strong>dicere</strong></span> <span class='ocrx_word' id='word_1_277' title='bbox 1533 3442 1677 3513; x_wconf 83' lang='lat' dir='ltr'><strong>quod</strong></span> <span class='ocrx_word' id='word_1_278' title='bbox 1717 3449 1906 3496; x_wconf 90' lang='lat' dir='ltr'><strong>canta-</strong></span> 
     </span>
    </p>
   </div>
   <div class='ocr_carea' id='block_1_36' title="bbox 327 3533 1904 3605">
    <p class='ocr_par' dir='ltr' id='par_1_36' title="bbox 327 3533 1904 3605">
     <span class='ocr_line' id='line_1_36' title="bbox 327 3533 1904 3605; baseline -0.001 -19"><span class='ocrx_word' id='word_1_279' title='bbox 327 3541 437 3587; x_wconf 89' lang='lat' dir='ltr'><strong>tum</strong></span> <span class='ocrx_word' id='word_1_280' title='bbox 467 3543 569 3598; x_wconf 88' lang='lat' dir='ltr'><strong>est,</strong></span> <span class='ocrx_word' id='word_1_281' title='bbox 602 3533 898 3588; x_wconf 80' lang='lat' dir='ltr'><strong>Emendabit</strong></span> <span class='ocrx_word' id='word_1_282' title='bbox 918 3552 999 3589; x_wconf 88' lang='lat' dir='ltr'><strong>me</strong></span> <span class='ocrx_word' id='word_1_283' title='bbox 1017 3536 1187 3605; x_wconf 81' lang='lat' dir='ltr'><strong>justus</strong></span> <span class='ocrx_word' id='word_1_284' title='bbox 1213 3535 1267 3589; x_wconf 89' lang='lat' dir='ltr'><strong>in</strong></span> <span class='ocrx_word' id='word_1_285' title='bbox 1305 3534 1648 3587; x_wconf 82' lang='lat' dir='ltr'><strong>misericordia</strong></span> <span class='ocrx_word' id='word_1_286' title='bbox 1671 3573 1686 3597; x_wconf 93' lang='lat'><strong>,</strong></span> <span class='ocrx_word' id='word_1_287' title='bbox 1730 3535 1775 3585; x_wconf 87' lang='lat' dir='ltr'><strong>et</strong></span> <span class='ocrx_word' id='word_1_288' title='bbox 1814 3549 1904 3584; x_wconf 74' lang='lat' dir='ltr'><strong>ar—</strong></span> 
     </span>
    </p>
   </div>
   <div class='ocr_carea' id='block_1_37' title="bbox 326 3621 1909 3693">
    <p class='ocr_par' dir='ltr' id='par_1_37' title="bbox 326 3621 1909 3693">
     <span class='ocr_line' id='line_1_37' title="bbox 326 3621 1909 3693; baseline 0 -18"><span class='ocrx_word' id='word_1_289' title='bbox 326 3631 444 3692; x_wconf 77' lang='lat' dir='ltr'><strong>guet</strong></span> <span class='ocrx_word' id='word_1_290' title='bbox 464 3638 561 3688; x_wconf 85' lang='lat' dir='ltr'><strong>me,</strong></span> <span class='ocrx_word' id='word_1_291' title='bbox 584 3623 748 3676; x_wconf 86' lang='lat' dir='ltr'><strong>oleum</strong></span> <span class='ocrx_word' id='word_1_292' title='bbox 784 3633 951 3677; x_wconf 87' lang='lat' dir='ltr'><strong>autem</strong></span> <span class='ocrx_word' id='word_1_293' title='bbox 980 3626 1252 3693; x_wconf 77' lang='lat' dir='ltr'><strong>peccatoris</strong></span> <span class='ocrx_word' id='word_1_294' title='bbox 1276 3662 1291 3688; x_wconf 92' lang='lat'><strong>,</strong></span> <span class='ocrx_word' id='word_1_295' title='bbox 1323 3623 1427 3678; x_wconf 78' lang='lat' dir='ltr'><strong>hoc</strong></span> <span class='ocrx_word' id='word_1_296' title='bbox 1456 3631 1540 3679; x_wconf 86' lang='lat' dir='ltr'><strong>est</strong></span> <span class='ocrx_word' id='word_1_297' title='bbox 1577 3621 1909 3676; x_wconf 81' lang='lat' dir='ltr'><strong>blandimen-</strong></span> 
     </span>
    </p>
   </div>
   <div class='ocr_carea' id='block_1_38' title="bbox 330 3713 1907 3786">
    <p class='ocr_par' dir='ltr' id='par_1_38' title="bbox 330 3713 1907 3786">
     <span class='ocr_line' id='line_1_38' title="bbox 330 3713 1907 3786; baseline -0.001 -18"><span class='ocrx_word' id='word_1_298' title='bbox 330 3724 440 3768; x_wconf 90' lang='lat' dir='ltr'><strong>tum</strong></span> <span class='ocrx_word' id='word_1_299' title='bbox 468 3714 776 3781; x_wconf 80' lang='lat' dir='ltr'><strong>adulatoris,</strong></span> <span class='ocrx_word' id='word_1_300' title='bbox 822 3715 1224 3786; x_wconf 84' lang='lat' dir='ltr'><strong>nonimpinguet</strong></span> <span class='ocrx_word' id='word_1_301' title='bbox 1270 3723 1422 3784; x_wconf 88' lang='lat' dir='ltr'><strong>caput</strong></span> <span class='ocrx_word' id='word_1_302' title='bbox 1472 3730 1655 3767; x_wconf 88' lang='lat' dir='ltr'><strong>meum.</strong></span> <span class='ocrx_word' id='word_1_303' title='bbox 1705 3713 1907 3782; x_wconf 77' lang='lat' dir='ltr'><strong>Pingue</strong></span> 
     </span>
    </p>
   </div>
   <div class='ocr_carea' id='block_1_39' title="bbox 327 3804 1908 3878">
    <p class='ocr_par' dir='ltr' id='par_1_39' title="bbox 327 3804 1908 3878">
     <span class='ocr_line' id='line_1_39' title="bbox 327 3804 1908 3878; baseline -0.001 -19"><span class='ocrx_word' id='word_1_304' title='bbox 327 3813 508 3874; x_wconf 87' lang='lat' dir='ltr'><strong>caput,</strong></span> <span class='ocrx_word' id='word_1_305' title='bbox 526 3806 725 3875; x_wconf 78' lang='lat' dir='ltr'><strong>grande</strong></span> <span class='ocrx_word' id='word_1_306' title='bbox 751 3814 911 3876; x_wconf 86' lang='lat' dir='ltr'><strong>caput</strong></span> <span class='ocrx_word' id='word_1_307' title='bbox 930 3816 1012 3862; x_wconf 90' lang='lat' dir='ltr'><strong>est</strong></span> <span class='ocrx_word' id='word_1_308' title='bbox 1031 3825 1044 3861; x_wconf 91' lang='lat'><strong>:</strong></span> <span class='ocrx_word' id='word_1_309' title='bbox 1062 3806 1261 3878; x_wconf 88' lang='lat' dir='ltr'><strong>grande</strong></span> <span class='ocrx_word' id='word_1_310' title='bbox 1281 3815 1440 3876; x_wconf 88' lang='lat' dir='ltr'><strong>caput</strong></span> <span class='ocrx_word' id='word_1_311' title='bbox 1463 3846 1478 3872; x_wconf 91' lang='lat'><strong>,</strong></span> <span class='ocrx_word' id='word_1_312' title='bbox 1511 3804 1796 3874; x_wconf 89' lang='lat' dir='ltr'><strong>superbum</strong></span> <span class='ocrx_word' id='word_1_313' title='bbox 1820 3819 1908 3857; x_wconf 83' lang='lat' dir='ltr'><strong>ca-</strong></span> 
     </span>
    </p>
   </div>
   <div class='ocr_carea' id='block_1_40' title="bbox 327 3893 1902 3967">
    <p class='ocr_par' dir='ltr' id='par_1_40' title="bbox 327 3893 1902 3967">
     <span class='ocr_line' id='line_1_40' title="bbox 327 3893 1902 3967; baseline -0.002 -17"><span class='ocrx_word' id='word_1_314' title='bbox 327 3906 423 3965; x_wconf 87' lang='lat' dir='ltr'><strong>put</strong></span> <span class='ocrx_word' id='word_1_315' title='bbox 443 3906 544 3950; x_wconf 88' lang='lat' dir='ltr'><strong>est.</strong></span> <span class='ocrx_word' id='word_1_316' title='bbox 574 3897 757 3952; x_wconf 77' lang='lat' dir='ltr'><strong>Melius</strong></span> <span class='ocrx_word' id='word_1_317' title='bbox 780 3906 864 3952; x_wconf 90' lang='lat' dir='ltr'><strong>est</strong></span> <span class='ocrx_word' id='word_1_318' title='bbox 887 3912 981 3953; x_wconf 89' lang='lat' dir='ltr'><strong>cor</strong></span> <span class='ocrx_word' id='word_1_319' title='bbox 1006 3912 1192 3952; x_wconf 89' lang='lat' dir='ltr'><strong>sanum</strong></span> <span class='ocrx_word' id='word_1_320' title='bbox 1218 3938 1233 3963; x_wconf 92' lang='lat'><strong>,</strong></span> <span class='ocrx_word' id='word_1_321' title='bbox 1265 3912 1423 3967; x_wconf 90' lang='lat' dir='ltr'><strong>quam</strong></span> <span class='ocrx_word' id='word_1_322' title='bbox 1461 3893 1662 3966; x_wconf 78' lang='lat' dir='ltr'><strong>grande</strong></span> <span class='ocrx_word' id='word_1_323' title='bbox 1704 3902 1862 3964; x_wconf 87' lang='lat' dir='ltr'><strong>caput</strong></span> <span class='ocrx_word' id='word_1_324' title='bbox 1889 3909 1902 3947; x_wconf 91' lang='lat'><strong>:</strong></span> 
     </span>
    </p>
   </div>
   <div class='ocr_carea' id='block_1_41' title="bbox 329 3979 1909 4059">
    <p class='ocr_par' dir='ltr' id='par_1_41' title="bbox 329 3979 1909 4059">
     <span class='ocr_line' id='line_1_41' title="bbox 329 3979 1909 4059; baseline -0.001 -19"><span class='ocrx_word' id='word_1_325' title='bbox 329 3986 423 4041; x_wconf 87' lang='lat' dir='ltr'><strong>sed</strong></span> <span class='ocrx_word' id='word_1_326' title='bbox 444 4001 538 4042; x_wconf 91' lang='lat' dir='ltr'><strong>cor</strong></span> <span class='ocrx_word' id='word_1_327' title='bbox 561 4002 747 4042; x_wconf 90' lang='lat' dir='ltr'><strong>sanum</strong></span> <span class='ocrx_word' id='word_1_328' title='bbox 772 3988 896 4043; x_wconf 80' lang='lat' dir='ltr'><strong>facit</strong></span> <span class='ocrx_word' id='word_1_329' title='bbox 929 3989 1080 4059; x_wconf 84' lang='lat' dir='ltr'><strong>virga</strong></span> <span class='ocrx_word' id='word_1_330' title='bbox 1128 3979 1487 4059; x_wconf 69' lang='lat' dir='ltr'><strong>obiurgantis;</strong></span> <span class='ocrx_word' id='word_1_331' title='bbox 1518 3985 1721 4056; x_wconf 77' lang='lat' dir='ltr'><strong>grande</strong></span> <span class='ocrx_word' id='word_1_332' title='bbox 1749 3988 1909 4055; x_wconf 88' lang='lat' dir='ltr'><strong>caput</strong></span> 
     </span>
    </p>
   </div>
   <div class='ocr_carea' id='block_1_42' title="bbox 236 4076 1902 4147">
    <p class='ocr_par' dir='ltr' id='par_1_42' title="bbox 236 4076 1902 4147">
     <span class='ocr_line' id='line_1_42' title="bbox 236 4076 1902 4147; baseline 0.001 -19"><span class='ocrx_word' id='word_1_333' title='bbox 236 4124 245 4128; x_wconf 80' lang='lat'><strong>-</strong></span> <span class='ocrx_word' id='word_1_334' title='bbox 328 4076 456 4132; x_wconf 80' lang='lat' dir='ltr'><strong>facit</strong></span> <span class='ocrx_word' id='word_1_335' title='bbox 477 4078 651 4133; x_wconf 88' lang='lat' dir='ltr'><strong>oleum</strong></span> <span class='ocrx_word' id='word_1_336' title='bbox 675 4079 990 4147; x_wconf 79' lang='lat' dir='ltr'><strong>peccatoris,</strong></span> <span class='ocrx_word' id='word_1_337' title='bbox 1023 4079 1125 4134; x_wconf 90' lang='lat' dir='ltr'><strong>hoc</strong></span> <span class='ocrx_word' id='word_1_338' title='bbox 1144 4087 1254 4144; x_wconf 90' lang='lat' dir='ltr'><strong>est,</strong></span> <span class='ocrx_word' id='word_1_339' title='bbox 1278 4077 1566 4133; x_wconf 85' lang='lat' dir='ltr'><strong>assentatio</strong></span> <span class='ocrx_word' id='word_1_340' title='bbox 1594 4076 1902 4130; x_wconf 89' lang='lat' dir='ltr'><strong>adulatoris.</strong></span> 
     </span>
    </p>
   </div>
   <div class='ocr_carea' id='block_1_43' title="bbox 329 4167 1906 4242">
    <p class='ocr_par' dir='ltr' id='par_1_43' title="bbox 329 4167 1906 4242">
     <span class='ocr_line' id='line_1_43' title="bbox 329 4167 1906 4242; baseline -0.001 -18"><span class='ocrx_word' id='word_1_341' title='bbox 329 4167 384 4224; x_wconf 86' lang='lat' dir='ltr'><strong>8i</strong></span> <span class='ocrx_word' id='word_1_342' title='bbox 402 4179 556 4239; x_wconf 85' lang='lat' dir='ltr'><strong>caput</strong></span> <span class='ocrx_word' id='word_1_343' title='bbox 575 4171 774 4240; x_wconf 89' lang='lat' dir='ltr'><strong>grande</strong></span> <span class='ocrx_word' id='word_1_344' title='bbox 798 4170 991 4235; x_wconf 80' lang='lat' dir='ltr'><strong>fecisti,</strong></span> <span class='ocrx_word' id='word_1_345' title='bbox 1042 4178 1172 4226; x_wconf 72' lang='lat' dir='ltr'><strong>caVe</strong></span> <span class='ocrx_word' id='word_1_346' title='bbox 1216 4170 1424 4242; x_wconf 89' lang='lat' dir='ltr'><strong>pondus</strong></span> <span class='ocrx_word' id='word_1_347' title='bbox 1464 4169 1691 4239; x_wconf 76' lang='lat' dir='ltr'><strong>Capitis,</strong></span> <span class='ocrx_word' id='word_1_348' title='bbox 1748 4184 1817 4223; x_wconf 91' lang='lat' dir='ltr'><strong>ne</strong></span> <span class='ocrx_word' id='word_1_349' title='bbox 1853 4168 1906 4223; x_wconf 95' lang='lat' dir='ltr'><strong>in</strong></span> 
     </span>
    </p>
   </div>
   <div class='ocr_carea' id='block_1_44' title="bbox 329 4259 1904 4333">
    <p class='ocr_par' dir='ltr' id='par_1_44' title="bbox 329 4259 1904 4333">
     <span class='ocr_line' id='line_1_44' title="bbox 329 4259 1904 4333; baseline -0.001 -18"><span class='ocrx_word' id='word_1_350' title='bbox 329 4262 679 4331; x_wconf 73' lang='lat' dir='ltr'><strong>prmcipitium</strong></span> <span class='ocrx_word' id='word_1_351' title='bbox 728 4263 1058 4333; x_wconf 67' lang='lat' dir='ltr'><strong>perduceris.</strong></span> <span class='ocrx_word' id='word_1_352' title='bbox 1102 4263 1227 4318; x_wconf 64' lang='lat' dir='ltr'><strong>Haec</strong></span> <span class='ocrx_word' id='word_1_353' title='bbox 1253 4303 1268 4325; x_wconf 87' lang='lat'><strong>,</strong></span> <span class='ocrx_word' id='word_1_354' title='bbox 1323 4271 1576 4332; x_wconf 88' lang='lat' dir='ltr'><strong>quantum</strong></span> <span class='ocrx_word' id='word_1_355' title='bbox 1618 4259 1864 4315; x_wconf 81' lang='lat' dir='ltr'><strong>existimo</strong></span> <span class='ocrx_word' id='word_1_356' title='bbox 1889 4300 1904 4325; x_wconf 91' lang='lat'><strong>,</strong></span> 
     </span>
    </p>
   </div>
   <div class='ocr_carea' id='block_1_45' title="bbox 330 4352 1910 4423">
    <p class='ocr_par' dir='ltr' id='par_1_45' title="bbox 330 4352 1910 4423">
     <span class='ocr_line' id='line_1_45' title="bbox 330 4352 1910 4423; baseline 0 -18"><span class='ocrx_word' id='word_1_357' title='bbox 330 4368 428 4422; x_wconf 85' lang='lat' dir='ltr'><strong>pro</strong></span> <span class='ocrx_word' id='word_1_358' title='bbox 459 4362 695 4423; x_wconf 88' lang='lat' dir='ltr'><strong>tempore</strong></span> <span class='ocrx_word' id='word_1_359' title='bbox 723 4354 789 4409; x_wconf 91' lang='lat' dir='ltr'><strong>de</strong></span> <span class='ocrx_word' id='word_1_360' title='bbox 817 4354 915 4410; x_wconf 84' lang='lat' dir='ltr'><strong>hac</strong></span> <span class='ocrx_word' id='word_1_361' title='bbox 942 4371 1041 4409; x_wconf 91' lang='lat' dir='ltr'><strong>una</strong></span> <span class='ocrx_word' id='word_1_362' title='bbox 1068 4354 1263 4409; x_wconf 89' lang='lat' dir='ltr'><strong>Psalmi</strong></span> <span class='ocrx_word' id='word_1_363' title='bbox 1300 4354 1558 4409; x_wconf 84' lang='lat' dir='ltr'><strong>sententia</strong></span> <span class='ocrx_word' id='word_1_364' title='bbox 1585 4352 1910 4409; x_wconf 75' lang='lat' dir='ltr'><strong>sufficienter</strong></span> 
     </span>
    </p>
   </div>
   <div class='ocr_carea' id='block_1_46' title="bbox 329 4445 1909 4520">
    <p class='ocr_par' dir='ltr' id='par_1_46' title="bbox 329 4445 1909 4520">
     <span class='ocr_line' id='line_1_46' title="bbox 329 4445 1909 4520; baseline 0.001 -22"><span class='ocrx_word' id='word_1_365' title='bbox 329 4446 489 4500; x_wconf 89' lang='lat' dir='ltr'><strong>locuti</strong></span> <span class='ocrx_word' id='word_1_366' title='bbox 514 4461 717 4514; x_wconf 88' lang='lat' dir='ltr'><strong>sumus,</strong></span> <span class='ocrx_word' id='word_1_367' title='bbox 745 4449 971 4504; x_wconf 91' lang='lat' dir='ltr'><strong>Domino</strong></span> <span class='ocrx_word' id='word_1_368' title='bbox 1014 4448 1317 4520; x_wconf 86' lang='lat' dir='ltr'><strong>adjuvante,</strong></span> <span class='ocrx_word' id='word_1_369' title='bbox 1341 4457 1396 4504; x_wconf 87' lang='lat' dir='ltr'><strong>et</strong></span> <span class='ocrx_word' id='word_1_370' title='bbox 1440 4447 1601 4504; x_wconf 86' lang='lat' dir='ltr'><strong>corda</strong></span> <span class='ocrx_word' id='word_1_371' title='bbox 1649 4453 1823 4502; x_wconf 88' lang='lat' dir='ltr'><strong>vestra</strong></span> <span class='ocrx_word' id='word_1_372' title='bbox 1856 4445 1909 4500; x_wconf 91' lang='lat' dir='ltr'><strong>in</strong></span> 
     </span>
    </p>
   </div>
   <div class='ocr_carea' id='block_1_47' title="bbox 330 4540 880 4598">
    <p class='ocr_par' dir='ltr' id='par_1_47' title="bbox 330 4540 880 4598">
     <span class='ocr_line' id='line_1_47' title="bbox 330 4540 880 4598; baseline 0.005 -6"><span class='ocrx_word' id='word_1_373' title='bbox 330 4548 536 4595; x_wconf 86' lang='lat' dir='ltr'><strong>secreto</strong></span> <span class='ocrx_word' id='word_1_374' title='bbox 566 4540 880 4598; x_wconf 83' lang='lat' dir='ltr'><strong>aediﬁcante.</strong></span> 
     </span>
    </p>
   </div>
   <div class='ocr_carea' id='block_1_48' title="bbox 770 4665 1465 4744">
    <p class='ocr_par' dir='ltr' id='par_1_48' title="bbox 770 4665 1465 4744">
     <span class='ocr_line' id='line_1_48' title="bbox 770 4665 1465 4744; baseline 0 -16"><span class='ocrx_word' id='word_1_375' title='bbox 770 4669 997 4728; x_wconf 80' lang='lat' dir='ltr'><strong>SERMO</strong></span> <span class='ocrx_word' id='word_1_376' title='bbox 1034 4665 1303 4729; x_wconf 79' lang='lat' dir='ltr'><strong>CCLXVll</strong></span> <span class='ocrx_word' id='word_1_377' title='bbox 1331 4675 1465 4744; x_wconf 70' lang='lat' dir='ltr'><strong>‘(a).</strong></span> 
     </span>
    </p>
   </div>
   <div class='ocr_carea' id='block_1_49' title="bbox 770 4778 1465 4848">
    <p class='ocr_par' dir='ltr' id='par_1_49' title="bbox 770 4778 1465 4848">
     <span class='ocr_line' id='line_1_49' title="bbox 770 4778 1465 4848; baseline 0.004 -17"><span class='ocrx_word' id='word_1_378' title='bbox 770 4790 820 4832; x_wconf 89' lang='lat' dir='ltr'><strong>tn</strong></span> <span class='ocrx_word' id='word_1_379' title='bbox 852 4784 933 4834; x_wconf 90' lang='lat' dir='ltr'><strong>die</strong></span> <span class='ocrx_word' id='word_1_380' title='bbox 963 4792 1301 4845; x_wconf 83' lang='lat' dir='ltr'><strong>Pcuteoostes,</strong></span> <span class='ocrx_word' id='word_1_381' title='bbox 1334 4799 1351 4833; x_wconf 90' lang='grc' dir='ltr'><strong>ι</strong></span> <span class='ocrx_word' id='word_1_382' title='bbox 1375 4778 1465 4848; x_wconf 86' lang='lat' dir='ltr'><strong>(b).</strong></span> 
     </span>
    </p>
   </div>
   <div class='ocr_carea' id='block_1_50' title="bbox 403 4905 1909 4981">
    <p class='ocr_par' dir='ltr' id='par_1_50' title="bbox 403 4905 1909 4981">
     <span class='ocr_line' id='line_1_50' title="bbox 403 4905 1909 4981; baseline 0.002 -20"><span class='ocrx_word' id='word_1_383' title='bbox 403 4905 628 4963; x_wconf 80' lang='lat' dir='ltr'><strong>CAPUT</strong></span> <span class='ocrx_word' id='word_1_384' title='bbox 681 4905 966 4964; x_wconf 77' lang='lat' dir='ltr'><strong>PRIMUM.</strong></span> <span class='ocrx_word' id='word_1_385' title='bbox 998 4912 1048 4965; x_wconf 78' lang='grc'><strong>1.</strong></span> <span class='ocrx_word' id='word_1_386' title='bbox 1101 4910 1408 4965; x_wconf 85' lang='lat' dir='ltr'><strong>Solemnitas</strong></span> <span class='ocrx_word' id='word_1_387' title='bbox 1445 4910 1687 4965; x_wconf 79' lang='lat' dir='ltr'><strong>adventus</strong></span> <span class='ocrx_word' id='word_1_388' title='bbox 1735 4906 1909 4981; x_wconf 78' lang='lat' dir='ltr'><strong>Spiri-</strong></span> 
     </span>
    </p>
   </div>
   <div class='ocr_carea' id='block_1_51' title="bbox 332 4999 1909 5075">
    <p class='ocr_par' dir='ltr' id='par_1_51' title="bbox 332 4999 1909 5075">
     <span class='ocr_line' id='line_1_51' title="bbox 332 4999 1909 5075; baseline 0.004 -25"><span class='ocrx_word' id='word_1_389' title='bbox 332 5006 412 5053; x_wconf 86' lang='lat' dir='ltr'><strong>tus</strong></span> <span class='ocrx_word' id='word_1_390' title='bbox 454 5000 634 5053; x_wconf 88' lang='lat' dir='ltr'><strong>sancti.</strong></span> <span class='ocrx_word' id='word_1_391' title='bbox 682 4999 938 5056; x_wconf 85' lang='lat' dir='ltr'><strong>liodierni</strong></span> <span class='ocrx_word' id='word_1_392' title='bbox 976 5000 1092 5075; x_wconf 84' lang='lat' dir='ltr'><strong>diei</strong></span> <span class='ocrx_word' id='word_1_393' title='bbox 1137 5002 1445 5056; x_wconf 86' lang='lat' dir='ltr'><strong>solemnitas</strong></span> <span class='ocrx_word' id='word_1_394' title='bbox 1471 5044 1485 5069; x_wconf 89' lang='lat'><strong>,</strong></span> <span class='ocrx_word' id='word_1_395' title='bbox 1548 5002 1757 5057; x_wconf 85' lang='lat' dir='ltr'><strong>Domini</strong></span> <span class='ocrx_word' id='word_1_396' title='bbox 1816 5004 1909 5058; x_wconf 90' lang='lat' dir='ltr'><strong>Dei</strong></span> 
     </span>
    </p>
   </div>
   <div class='ocr_carea' id='block_1_52' title="bbox 329 5088 1911 5161">
    <p class='ocr_par' dir='ltr' id='par_1_52' title="bbox 329 5088 1911 5161">
     <span class='ocr_line' id='line_1_52' title="bbox 329 5088 1911 5161; baseline 0.003 -20"><span class='ocrx_word' id='word_1_397' title='bbox 329 5088 507 5159; x_wconf 82' lang='lat' dir='ltr'><strong>magni</strong></span> <span class='ocrx_word' id='word_1_398' title='bbox 529 5097 582 5143; x_wconf 90' lang='lat' dir='ltr'><strong>ct</strong></span> <span class='ocrx_word' id='word_1_399' title='bbox 609 5104 813 5158; x_wconf 80' lang='lat' dir='ltr'><strong>magnae</strong></span> <span class='ocrx_word' id='word_1_400' title='bbox 836 5091 1041 5159; x_wconf 67' lang='lat' dir='ltr'><strong>gratiae,</strong></span> <span class='ocrx_word' id='word_1_401' title='bbox 1069 5106 1187 5160; x_wconf 76' lang='lat' dir='ltr'><strong>qua:</strong></span> <span class='ocrx_word' id='word_1_402' title='bbox 1217 5089 1493 5159; x_wconf 89' lang='lat' dir='ltr'><strong>superfusa</strong></span> <span class='ocrx_word' id='word_1_403' title='bbox 1516 5098 1597 5145; x_wconf 87' lang='lat' dir='ltr'><strong>cst</strong></span> <span class='ocrx_word' id='word_1_404' title='bbox 1626 5105 1785 5161; x_wconf 87' lang='lat' dir='ltr'><strong>super</strong></span> <span class='ocrx_word' id='word_1_405' title='bbox 1816 5107 1911 5147; x_wconf 89' lang='lat' dir='ltr'><strong>nos</strong></span> 
     </span>
    </p>
   </div>
   <div class='ocr_carea' id='block_1_53' title="bbox 330 5180 1911 5238">
    <p class='ocr_par' dir='ltr' id='par_1_53' title="bbox 330 5180 1911 5238">
     <span class='ocr_line' id='line_1_53' title="bbox 330 5180 1911 5238; baseline 0.001 -3"><span class='ocrx_word' id='word_1_406' title='bbox 330 5180 755 5237; x_wconf 85' lang='lat' dir='ltr'><strong>recordationem</strong></span> <span class='ocrx_word' id='word_1_407' title='bbox 783 5181 923 5237; x_wconf 84' lang='lat' dir='ltr'><strong>facit.</strong></span> <span class='ocrx_word' id='word_1_408' title='bbox 958 5180 1079 5237; x_wconf 90' lang='lat' dir='ltr'><strong>Ideo</strong></span> <span class='ocrx_word' id='word_1_409' title='bbox 1128 5182 1267 5236; x_wconf 89' lang='lat' dir='ltr'><strong>enim</strong></span> <span class='ocrx_word' id='word_1_410' title='bbox 1314 5181 1624 5237; x_wconf 87' lang='lat' dir='ltr'><strong>solemnitas</strong></span> <span class='ocrx_word' id='word_1_411' title='bbox 1672 5183 1911 5238; x_wconf 83' lang='lat' dir='ltr'><strong>celebra-</strong></span> 
     </span>
    </p>
   </div>
   <div class='ocr_carea' id='block_1_54' title="bbox 332 5272 1906 5344">
    <p class='ocr_par' dir='ltr' id='par_1_54' title="bbox 332 5272 1906 5344">
     <span class='ocr_line' id='line_1_54' title="bbox 332 5272 1906 5344; baseline 0.002 -20"><span class='ocrx_word' id='word_1_412' title='bbox 332 5280 434 5337; x_wconf 88' lang='lat' dir='ltr'><strong>tur,</strong></span> <span class='ocrx_word' id='word_1_413' title='bbox 463 5289 528 5328; x_wconf 89' lang='lat' dir='ltr'><strong>ne</strong></span> <span class='ocrx_word' id='word_1_414' title='bbox 553 5273 695 5344; x_wconf 88' lang='lat' dir='ltr'><strong>quod</strong></span> <span class='ocrx_word' id='word_1_415' title='bbox 721 5274 886 5330; x_wconf 89' lang='lat' dir='ltr'><strong>semel</strong></span> <span class='ocrx_word' id='word_1_416' title='bbox 912 5272 1107 5328; x_wconf 88' lang='lat' dir='ltr'><strong>factum</strong></span> <span class='ocrx_word' id='word_1_417' title='bbox 1134 5284 1217 5329; x_wconf 89' lang='lat' dir='ltr'><strong>est</strong></span> <span class='ocrx_word' id='word_1_418' title='bbox 1237 5273 1332 5340; x_wconf 84' lang='lat' dir='ltr'><strong>,de</strong></span> <span class='ocrx_word' id='word_1_419' title='bbox 1363 5274 1613 5328; x_wconf 90' lang='lat' dir='ltr'><strong>memoria</strong></span> <span class='ocrx_word' id='word_1_420' title='bbox 1646 5273 1906 5329; x_wconf 87' lang='lat' dir='ltr'><strong>deleatur.</strong></span> 
     </span>
    </p>
   </div>
   <div class='ocr_carea' id='block_1_55' title="bbox 329 5354 1913 5428">
    <p class='ocr_par' dir='ltr' id='par_1_55' title="bbox 329 5354 1913 5428">
     <span class='ocr_line' id='line_1_55' title="bbox 329 5354 1913 5428; baseline 0.001 -16"><span class='ocrx_word' id='word_1_421' title='bbox 329 5354 649 5412; x_wconf 75' lang='lat' dir='ltr'><strong>Solemnitas</strong></span> <span class='ocrx_word' id='word_1_422' title='bbox 676 5359 817 5413; x_wconf 89' lang='lat' dir='ltr'><strong>enim</strong></span> <span class='ocrx_word' id='word_1_423' title='bbox 836 5359 903 5414; x_wconf 89' lang='lat' dir='ltr'><strong>ab</strong></span> <span class='ocrx_word' id='word_1_424' title='bbox 932 5370 996 5414; x_wconf 89' lang='lat' dir='ltr'><strong>eo</strong></span> <span class='ocrx_word' id='word_1_425' title='bbox 1025 5357 1162 5428; x_wconf 92' lang='lat' dir='ltr'><strong>quod</strong></span> <span class='ocrx_word' id='word_1_426' title='bbox 1191 5358 1327 5413; x_wconf 89' lang='lat' dir='ltr'><strong>solet</strong></span> <span class='ocrx_word' id='word_1_427' title='bbox 1347 5358 1398 5412; x_wconf 92' lang='lat' dir='ltr'><strong>in</strong></span> <span class='ocrx_word' id='word_1_428' title='bbox 1427 5374 1589 5425; x_wconf 88' lang='lat' dir='ltr'><strong>anno,</strong></span> <span class='ocrx_word' id='word_1_429' title='bbox 1612 5373 1806 5413; x_wconf 88' lang='lat' dir='ltr'><strong>nomen</strong></span> <span class='ocrx_word' id='word_1_430' title='bbox 1825 5372 1913 5414; x_wconf 84' lang='lat' dir='ltr'><strong>ac-</strong></span> 
     </span>
    </p>
   </div>
   <div class='ocr_carea' id='block_1_56' title="bbox 330 5486 1912 5596">
    <p class='ocr_par' dir='ltr' id='par_1_56' title="bbox 330 5486 1912 5596">
     <span class='ocr_line' id='line_1_56' title="bbox 330 5486 1912 5596; baseline 0.005 -65"><span class='ocrx_word' id='word_1_431' title='bbox 330 5486 592 5596; x_wconf 55' lang='grc' dir='ltr'><strong>116ἰῆῖιιιὶιιιιι</strong></span> <span class='ocrx_word' id='word_1_432' title='bbox 611 5488 851 5538; x_wconf 84' lang='lat' dir='ltr'><strong>sermonis</strong></span> <span class='ocrx_word' id='word_1_433' title='bbox 869 5488 1099 5551; x_wconf 89' lang='lat' dir='ltr'><strong>scriptum</strong></span> <span class='ocrx_word' id='word_1_434' title='bbox 1125 5487 1317 5551; x_wconf 83' lang='lat' dir='ltr'><strong>aliquod</strong></span> <span class='ocrx_word' id='word_1_435' title='bbox 1349 5486 1596 5553; x_wconf 81' lang='lat' dir='ltr'><strong>exemplar</strong></span> <span class='ocrx_word' id='word_1_436' title='bbox 1620 5488 1791 5539; x_wconf 76' lang='lat' dir='ltr'><strong>videre</strong></span> <span class='ocrx_word' id='word_1_437' title='bbox 1816 5500 1912 5539; x_wconf 88' lang='lat' dir='ltr'><strong>non</strong></span> 
     </span>
    </p>
   </div>
   <div class='ocr_carea' id='block_1_57' title="bbox 351 5550 1111 5733">
    <p class='ocr_par' dir='ltr' id='par_1_57' title="bbox 351 5550 1111 5733">
     <span class='ocr_line' id='line_1_57' title="bbox 351 5550 1111 5671; baseline 0.003 -14"><span class='ocrx_word' id='word_1_438' title='bbox 351 5550 480 5597; x_wconf 56' lang='grc' dir='ltr'><strong>’Μ’</strong></span> <span class='ocrx_word' id='word_1_439' title='bbox 503 5608 644 5671; x_wconf 75' lang='lat' dir='ltr'><strong>Alias,</strong></span> <span class='ocrx_word' id='word_1_440' title='bbox 666 5610 730 5660; x_wconf 85' lang='lat' dir='ltr'><strong>de</strong></span> <span class='ocrx_word' id='word_1_441' title='bbox 744 5618 861 5661; x_wconf 86' lang='lat' dir='ltr'><strong>Tem</strong></span> <span class='ocrx_word' id='word_1_442' title='bbox 922 5625 979 5661; x_wconf 89' lang='lat' dir='ltr'><strong>re</strong></span> <span class='ocrx_word' id='word_1_443' title='bbox 1005 5610 1111 5661; x_wconf 79' lang='lat' dir='ltr'><strong>tas.</strong></span> 
     </span>
     <span class='ocr_line' id='line_1_58' title="bbox 394 5610 1111 5733; baseline 0.003 -13"><span class='ocrx_word' id='word_1_444' title='bbox 394 5610 469 5733; x_wconf 56' lang='lat' dir='ltr'><strong>iiii</strong></span> <span class='ocrx_word' id='word_1_445' title='bbox 501 5678 551 5721; x_wconf 91' lang='grc' dir='ltr'><strong>ιιι</strong></span> <span class='ocrx_word' id='word_1_446' title='bbox 574 5671 768 5721; x_wconf 84' lang='lat' dir='ltr'><strong>Possidii</strong></span> <span class='ocrx_word' id='word_1_447' title='bbox 801 5625 1028 5731; x_wconf 63' lang='lat' dir='ltr'><strong>tndioculo,</strong></span> <span class='ocrx_word' id='word_1_448' title='bbox 1051 5686 1111 5733; x_wconf 67' lang='lat' dir='ltr'><strong>cal</strong></span> 
     </span>
    </p>
   </div>
   <div class='ocr_carea' id='block_1_58' title="bbox 419 5671 1911 5739">
    <p class='ocr_par' dir='ltr' id='par_1_58' title="bbox 419 5671 1911 5739">
     <span class='ocr_line' id='line_1_59' title="bbox 419 5671 1911 5739; baseline 0.004 -19"><span class='ocrx_word' id='word_1_449' title='bbox 419 5671 467 5739; x_wconf 68' lang='grc' dir='ltr'>ι)</span> <span class='ocrx_word' id='word_1_450' title='bbox 501 5678 551 5721; x_wconf 91' lang='grc' dir='ltr'><strong>ιιι</strong></span> <span class='ocrx_word' id='word_1_451' title='bbox 574 5671 768 5739; x_wconf 79' lang='lat' dir='ltr'><strong>Possidii</strong></span> <span class='ocrx_word' id='word_1_452' title='bbox 801 5671 1028 5739; x_wconf 85' lang='lat' dir='ltr'><strong>tndiculo,</strong></span> <span class='ocrx_word' id='word_1_453' title='bbox 1051 5686 1154 5735; x_wconf 86' lang='lat' dir='ltr'><strong>cap.</strong></span> <span class='ocrx_word' id='word_1_454' title='bbox 1180 5673 1257 5731; x_wconf 80' lang='lat' dir='ltr'><strong>lo,</strong></span> <span class='ocrx_word' id='word_1_455' title='bbox 1280 5680 1473 5723; x_wconf 87' lang='lat' dir='ltr'><strong>notatur</strong></span> <span class='ocrx_word' id='word_1_456' title='bbox 1497 5674 1575 5725; x_wconf 87' lang='lat' dir='ltr'><strong>hic</strong></span> <span class='ocrx_word' id='word_1_457' title='bbox 1591 5687 1770 5739; x_wconf 88' lang='lat' dir='ltr'><strong>sermo,</strong></span> <span class='ocrx_word' id='word_1_458' title='bbox 1798 5693 1819 5721; x_wconf 81' lang='lat'><strong>«</strong></span> <span class='ocrx_word' id='word_1_459' title='bbox 1844 5682 1911 5726; x_wconf 88' lang='lat' dir='ltr'><strong>De</strong></span> 
     </span>
    </p>
   </div>
   <div class='ocr_carea' id='block_1_59' title="bbox 339 5732 1454 5795">
    <p class='ocr_par' dir='ltr' id='par_1_59' title="bbox 339 5732 1454 5795">
     <span class='ocr_line' id='line_1_60' title="bbox 339 5732 1454 5795; baseline 0.001 -15"><span class='ocrx_word' id='word_1_460' title='bbox 339 5751 362 5780; x_wconf 76' lang='grc' dir='ltr'><strong>ι</strong></span> <span class='ocrx_word' id='word_1_461' title='bbox 384 5732 594 5782; x_wconf 77' lang='lat' dir='ltr'><strong>adventu</strong></span> <span class='ocrx_word' id='word_1_462' title='bbox 617 5732 816 5795; x_wconf 84' lang='lat' dir='ltr'><strong>Spiritus</strong></span> <span class='ocrx_word' id='word_1_463' title='bbox 837 5736 986 5783; x_wconf 82' lang='lat' dir='ltr'><strong>sancti</strong></span> <span class='ocrx_word' id='word_1_464' title='bbox 1013 5732 1243 5786; x_wconf 77' lang='lat' dir='ltr'><strong>tractatus</strong></span> <span class='ocrx_word' id='word_1_465' title='bbox 1265 5747 1407 5784; x_wconf 49' lang='lat' dir='ltr'><strong>unus;</strong></span> <span class='ocrx_word' id='word_1_466' title='bbox 1433 5751 1454 5781; x_wconf 71' lang='grc' dir='ltr'><strong>ι</strong></span> 
     </span>
    </p>
   </div>
   <div class='ocr_carea' id='block_1_60' title="bbox 1687 294 2237 357">
    <p class='ocr_par' dir='ltr' id='par_1_60' title="bbox 1687 294 2237 357">
     <span class='ocr_line' id='line_1_61' title="bbox 1687 294 2237 357; baseline -0.005 0"><span class='ocrx_word' id='word_1_467' title='bbox 1687 297 1911 357; x_wconf 74' lang='lat' dir='ltr'><strong>SEIlMO</strong></span> <span class='ocrx_word' id='word_1_468' title='bbox 1953 296 2121 352; x_wconf 80' lang='lat' dir='ltr'><strong>CCLX</strong></span> <span class='ocrx_word' id='word_1_469' title='bbox 2132 294 2237 356; x_wconf 63' lang='lat' dir='ltr'>VII.</span> 
     </span>
    </p>
   </div>
   <div class='ocr_carea' id='block_1_61' title="bbox 3458 311 3599 368">
    <p class='ocr_par' dir='ltr' id='par_1_61' title="bbox 3458 311 3599 368">
     <span class='ocr_line' id='line_1_62' title="bbox 3458 311 3599 368; baseline 0.007 -2"><span class='ocrx_word' id='word_1_470' title='bbox 3458 311 3599 368; x_wconf 70' lang='lat'><strong>1230</strong></span> 
     </span>
    </p>
   </div>
   <div class='ocr_carea' id='block_1_62' title="bbox 2010 413 3600 496">
    <p class='ocr_par' dir='ltr' id='par_1_62' title="bbox 2010 413 3600 496">
     <span class='ocr_line' id='line_1_63' title="bbox 2010 413 3600 496; baseline 0.013 -32"><span class='ocrx_word' id='word_1_471' title='bbox 2010 413 2153 482; x_wconf 90' lang='lat' dir='ltr'><strong>cepit</strong></span> <span class='ocrx_word' id='word_1_472' title='bbox 2199 432 2212 469; x_wconf 88' lang='lat'><strong>:</strong></span> <span class='ocrx_word' id='word_1_473' title='bbox 2257 420 2523 487; x_wconf 89' lang='lat' dir='ltr'><strong>quomodo</strong></span> <span class='ocrx_word' id='word_1_474' title='bbox 2573 424 2876 492; x_wconf 83' lang='lat' dir='ltr'><strong>perennitas</strong></span> <span class='ocrx_word' id='word_1_475' title='bbox 2915 422 3147 480; x_wconf 79' lang='lat' dir='ltr'><strong>ﬂuminis</strong></span> <span class='ocrx_word' id='word_1_476' title='bbox 3197 425 3420 495; x_wconf 89' lang='lat' dir='ltr'><strong>dicitur,</strong></span> <span class='ocrx_word' id='word_1_477' title='bbox 3473 429 3600 496; x_wconf 83' lang='lat' dir='ltr'><strong>quia</strong></span> 
     </span>
    </p>
   </div>
   <div class='ocr_carea' id='block_1_63' title="bbox 2012 504 3599 584">
    <p class='ocr_par' dir='ltr' id='par_1_63' title="bbox 2012 504 3599 584">
     <span class='ocr_line' id='line_1_64' title="bbox 2012 504 3599 584; baseline 0.011 -28"><span class='ocrx_word' id='word_1_478' title='bbox 2012 517 2119 558; x_wconf 87' lang='lat' dir='ltr'><strong>non</strong></span> <span class='ocrx_word' id='word_1_479' title='bbox 2150 504 2376 562; x_wconf 85' lang='lat' dir='ltr'><strong>siccatur</strong></span> <span class='ocrx_word' id='word_1_480' title='bbox 2390 519 2595 580; x_wconf 73' lang='lat' dir='ltr'><strong>mstate,</strong></span> <span class='ocrx_word' id='word_1_481' title='bbox 2627 513 2721 569; x_wconf 89' lang='lat' dir='ltr'><strong>sed</strong></span> <span class='ocrx_word' id='word_1_482' title='bbox 2763 528 2859 584; x_wconf 89' lang='lat' dir='ltr'><strong>per</strong></span> <span class='ocrx_word' id='word_1_483' title='bbox 2884 520 3050 571; x_wconf 88' lang='lat' dir='ltr'><strong>totum</strong></span> <span class='ocrx_word' id='word_1_484' title='bbox 3078 528 3273 572; x_wconf 88' lang='lat' dir='ltr'><strong>annum</strong></span> <span class='ocrx_word' id='word_1_485' title='bbox 3305 516 3449 572; x_wconf 87' lang='lat' dir='ltr'><strong>ﬁuit:</strong></span> <span class='ocrx_word' id='word_1_486' title='bbox 3476 516 3599 573; x_wconf 89' lang='lat' dir='ltr'><strong>ideo</strong></span> 
     </span>
    </p>
   </div>
   <div class='ocr_carea' id='block_1_64' title="bbox 2012 596 3596 680">
    <p class='ocr_par' dir='ltr' id='par_1_64' title="bbox 2012 596 3596 680">
     <span class='ocr_line' id='line_1_65' title="bbox 2012 596 3596 680; baseline 0.01 -32"><span class='ocrx_word' id='word_1_487' title='bbox 2012 609 2264 665; x_wconf 84' lang='lat' dir='ltr'><strong>perenne,</strong></span> <span class='ocrx_word' id='word_1_488' title='bbox 2300 596 2351 654; x_wconf 89' lang='lat' dir='ltr'><strong>id</strong></span> <span class='ocrx_word' id='word_1_489' title='bbox 2382 611 2482 664; x_wconf 85' lang='lat' dir='ltr'><strong>est.</strong></span> <span class='ocrx_word' id='word_1_490' title='bbox 2507 618 2601 671; x_wconf 88' lang='lat' dir='ltr'><strong>per</strong></span> <span class='ocrx_word' id='word_1_491' title='bbox 2629 621 2858 671; x_wconf 71' lang='lat' dir='ltr'><strong>animm;</strong></span> <span class='ocrx_word' id='word_1_492' title='bbox 2883 607 2961 661; x_wconf 89' lang='lat' dir='ltr'><strong>sic</strong></span> <span class='ocrx_word' id='word_1_493' title='bbox 2976 618 3029 662; x_wconf 91' lang='lat' dir='ltr'><strong>et</strong></span> <span class='ocrx_word' id='word_1_494' title='bbox 3054 608 3311 674; x_wconf 88' lang='lat' dir='ltr'><strong>solemne,</strong></span> <span class='ocrx_word' id='word_1_495' title='bbox 3336 608 3478 680; x_wconf 92' lang='lat' dir='ltr'><strong>quod</strong></span> <span class='ocrx_word' id='word_1_496' title='bbox 3507 623 3596 664; x_wconf 89' lang='lat' dir='ltr'><strong>so-</strong></span> 
     </span>
    </p>
   </div>
   <div class='ocr_carea' id='block_1_65' title="bbox 2013 687 3594 756">
    <p class='ocr_par' dir='ltr' id='par_1_65' title="bbox 2013 687 3594 756">
     <span class='ocr_line' id='line_1_66' title="bbox 2013 687 3594 756; baseline 0.009 -15"><span class='ocrx_word' id='word_1_497' title='bbox 2013 687 2089 743; x_wconf 91' lang='lat' dir='ltr'><strong>let</strong></span> <span class='ocrx_word' id='word_1_498' title='bbox 2116 688 2166 743; x_wconf 92' lang='lat' dir='ltr'><strong>in</strong></span> <span class='ocrx_word' id='word_1_499' title='bbox 2202 706 2342 745; x_wconf 92' lang='lat' dir='ltr'><strong>anno</strong></span> <span class='ocrx_word' id='word_1_500' title='bbox 2389 693 2671 750; x_wconf 84' lang='lat' dir='ltr'><strong>celebrari.</strong></span> <span class='ocrx_word' id='word_1_501' title='bbox 2724 697 3067 755; x_wconf 87' lang='lat' dir='ltr'><strong>Cclebramus</strong></span> <span class='ocrx_word' id='word_1_502' title='bbox 3108 700 3265 756; x_wconf 87' lang='lat' dir='ltr'><strong>hodie</strong></span> <span class='ocrx_word' id='word_1_503' title='bbox 3308 700 3594 756; x_wconf 86' lang='lat' dir='ltr'><strong>adventum</strong></span> 
     </span>
    </p>
   </div>
   <div class='ocr_carea' id='block_1_66' title="bbox 2012 776 3596 862">
    <p class='ocr_par' dir='ltr' id='par_1_66' title="bbox 2012 776 3596 862">
     <span class='ocr_line' id='line_1_67' title="bbox 2012 776 3596 862; baseline 0.009 -29"><span class='ocrx_word' id='word_1_504' title='bbox 2012 776 2239 847; x_wconf 85' lang='lat' dir='ltr'><strong>Spiritus</strong></span> <span class='ocrx_word' id='word_1_505' title='bbox 2262 782 2450 837; x_wconf 84' lang='lat' dir='ltr'><strong>sancti.</strong></span> <span class='ocrx_word' id='word_1_506' title='bbox 2482 785 2737 842; x_wconf 91' lang='lat' dir='ltr'><strong>Dominus</strong></span> <span class='ocrx_word' id='word_1_507' title='bbox 2772 790 2913 843; x_wconf 89' lang='lat' dir='ltr'><strong>enim</strong></span> <span class='ocrx_word' id='word_1_508' title='bbox 2964 790 3217 862; x_wconf 86' lang='lat' dir='ltr'><strong>Spiritum</strong></span> <span class='ocrx_word' id='word_1_509' title='bbox 3258 801 3496 846; x_wconf 88' lang='lat' dir='ltr'><strong>sanctum</strong></span> <span class='ocrx_word' id='word_1_510' title='bbox 3529 793 3596 848; x_wconf 88' lang='lat' dir='ltr'><strong>de</strong></span> 
     </span>
    </p>
   </div>
   <div class='ocr_carea' id='block_1_67' title="bbox 1948 869 3596 953">
    <p class='ocr_par' dir='ltr' id='par_1_67' title="bbox 1948 869 3596 953">
     <span class='ocr_line' id='line_1_68' title="bbox 1948 869 3596 953; baseline 0.011 -32"><span class='ocrx_word' id='word_1_511' title='bbox 1948 872 1951 873; x_wconf 65' lang='grc'><strong><em>⁷</em></strong></span> <span class='ocrx_word' id='word_1_512' title='bbox 2011 869 2148 923; x_wconf 67' lang='lat' dir='ltr'><strong>caelo</strong></span> <span class='ocrx_word' id='word_1_513' title='bbox 2166 871 2328 938; x_wconf 89' lang='lat' dir='ltr'><strong>misit,</strong></span> <span class='ocrx_word' id='word_1_514' title='bbox 2363 889 2519 943; x_wconf 91' lang='lat' dir='ltr'><strong>quem</strong></span> <span class='ocrx_word' id='word_1_515' title='bbox 2548 876 2597 930; x_wconf 92' lang='lat' dir='ltr'><strong>in</strong></span> <span class='ocrx_word' id='word_1_516' title='bbox 2630 887 2770 933; x_wconf 83' lang='lat' dir='ltr'><strong>terra</strong></span> <span class='ocrx_word' id='word_1_517' title='bbox 2795 881 3055 950; x_wconf 87' lang='lat' dir='ltr'><strong>promisit.</strong></span> <span class='ocrx_word' id='word_1_518' title='bbox 3076 881 3143 935; x_wconf 86' lang='lat' dir='ltr'><strong>Et</strong></span> <span class='ocrx_word' id='word_1_519' title='bbox 3196 881 3317 953; x_wconf 88' lang='lat' dir='ltr'><strong>quia</strong></span> <span class='ocrx_word' id='word_1_520' title='bbox 3371 883 3449 938; x_wconf 92' lang='lat' dir='ltr'><strong>sic</strong></span> <span class='ocrx_word' id='word_1_521' title='bbox 3474 900 3596 953; x_wconf 49' lang='lat' dir='ltr'><strong>pro.</strong></span> 
     </span>
    </p>
   </div>
   <div class='ocr_carea' id='block_1_68' title="bbox 2011 960 3595 1044">
    <p class='ocr_par' dir='ltr' id='par_1_68' title="bbox 2011 960 3595 1044">
     <span class='ocr_line' id='line_1_69' title="bbox 2011 960 3595 1044; baseline 0.009 -31"><span class='ocrx_word' id='word_1_522' title='bbox 2011 960 2233 1016; x_wconf 89' lang='lat' dir='ltr'><strong>miserat</strong></span> <span class='ocrx_word' id='word_1_523' title='bbox 2283 962 2350 1019; x_wconf 91' lang='lat' dir='ltr'><strong>de</strong></span> <span class='ocrx_word' id='word_1_524' title='bbox 2387 965 2525 1020; x_wconf 74' lang='lat' dir='ltr'><strong>cmlo</strong></span> <span class='ocrx_word' id='word_1_525' title='bbox 2581 982 2700 1023; x_wconf 88' lang='lat' dir='ltr'><strong>esse</strong></span> <span class='ocrx_word' id='word_1_526' title='bbox 2735 971 3044 1039; x_wconf 88' lang='lat' dir='ltr'><strong>missurum,</strong></span> <span class='ocrx_word' id='word_1_527' title='bbox 3076 971 3196 1026; x_wconf 87' lang='lat' dir='ltr'><strong>Non</strong></span> <span class='ocrx_word' id='word_1_528' title='bbox 3218 980 3373 1044; x_wconf 84' lang='lat' dir='ltr'><strong>potest</strong></span> <span class='ocrx_word' id='word_1_529' title='bbox 3400 974 3487 1028; x_wconf 86' lang='lat' dir='ltr'><strong>ille</strong></span> <span class='ocrx_word' id='word_1_530' title='bbox 3512 990 3595 1028; x_wconf 81' lang='lat' dir='ltr'><strong>ve-</strong></span> 
     </span>
    </p>
   </div>
   <div class='ocr_carea' id='block_1_69' title="bbox 2012 1049 3592 1130">
    <p class='ocr_par' dir='ltr' id='par_1_69' title="bbox 2012 1049 3592 1130">
     <span class='ocr_line' id='line_1_70' title="bbox 2012 1049 3592 1130; baseline 0.012 -29"><span class='ocrx_word' id='word_1_531' title='bbox 2012 1049 2138 1114; x_wconf 85' lang='lat' dir='ltr'><strong>nire,</strong></span> <span class='ocrx_word' id='word_1_532' title='bbox 2158 1052 2252 1119; x_wconf 84' lang='lat' dir='ltr'><strong>ait,</strong></span> <span class='ocrx_word' id='word_1_533' title='bbox 2282 1054 2384 1107; x_wconf 84' lang='lat' dir='ltr'><strong>nisi</strong></span> <span class='ocrx_word' id='word_1_534' title='bbox 2407 1071 2496 1125; x_wconf 81' lang='lat' dir='ltr'><strong>ego</strong></span> <span class='ocrx_word' id='word_1_535' title='bbox 2523 1057 2691 1112; x_wconf 83' lang='lat' dir='ltr'><strong>abiero</strong></span> <span class='ocrx_word' id='word_1_536' title='bbox 2711 1076 2731 1124; x_wconf 90' lang='lat'><strong><em>;</em></strong></span> <span class='ocrx_word' id='word_1_537' title='bbox 2755 1060 2874 1113; x_wconf 88' lang='lat' dir='ltr'><strong>dum</strong></span> <span class='ocrx_word' id='word_1_538' title='bbox 2903 1072 3067 1116; x_wconf 86' lang='lat' dir='ltr'><strong>autem</strong></span> <span class='ocrx_word' id='word_1_539' title='bbox 3087 1063 3286 1130; x_wconf 82' lang='lat' dir='ltr'><strong>abiero,</strong></span> <span class='ocrx_word' id='word_1_540' title='bbox 3314 1066 3509 1118; x_wconf 86' lang='lat' dir='ltr'><strong>mittam</strong></span> <span class='ocrx_word' id='word_1_541' title='bbox 3531 1067 3592 1120; x_wconf 89' lang='lat' dir='ltr'><strong>il-</strong></span> 
     </span>
    </p>
   </div>
   <div class='ocr_carea' id='block_1_70' title="bbox 2012 1140 3586 1223">
    <p class='ocr_par' dir='ltr' id='par_1_70' title="bbox 2012 1140 3586 1223">
     <span class='ocr_line' id='line_1_71' title="bbox 2012 1140 3586 1223; baseline 0.013 -30"><span class='ocrx_word' id='word_1_542' title='bbox 2012 1140 2118 1194; x_wconf 88' lang='lat' dir='ltr'><strong>lum</strong></span> <span class='ocrx_word' id='word_1_543' title='bbox 2146 1143 2212 1196; x_wconf 84' lang='lat' dir='ltr'><strong>ad</strong></span> <span class='ocrx_word' id='word_1_544' title='bbox 2240 1161 2323 1199; x_wconf 85' lang='lat' dir='ltr'><strong>vos</strong></span> <span class='ocrx_word' id='word_1_545' title='bbox 2351 1145 2546 1219; x_wconf 87' lang='lat' dir='ltr'><strong>(Joan.</strong></span> <span class='ocrx_word' id='word_1_546' title='bbox 2573 1165 2679 1218; x_wconf 73' lang='lat' dir='ltr'><strong>xw,</strong></span> <span class='ocrx_word' id='word_1_547' title='bbox 2712 1151 2811 1222; x_wconf 90' lang='lat'><strong>7);</strong></span> <span class='ocrx_word' id='word_1_548' title='bbox 2840 1168 3026 1223; x_wconf 88' lang='lat' dir='ltr'><strong>passus</strong></span> <span class='ocrx_word' id='word_1_549' title='bbox 3049 1165 3129 1210; x_wconf 89' lang='lat' dir='ltr'><strong>est</strong></span> <span class='ocrx_word' id='word_1_550' title='bbox 3148 1197 3163 1223; x_wconf 92' lang='lat'><strong>,</strong></span> <span class='ocrx_word' id='word_1_551' title='bbox 3205 1167 3445 1213; x_wconf 88' lang='lat' dir='ltr'><strong>mortuus</strong></span> <span class='ocrx_word' id='word_1_552' title='bbox 3470 1168 3586 1223; x_wconf 68' lang='lat' dir='ltr'><strong>est,</strong></span> 
     </span>
    </p>
   </div>
   <div class='ocr_carea' id='block_1_71' title="bbox 2011 1238 3586 1323">
    <p class='ocr_par' dir='ltr' id='par_1_71' title="bbox 2011 1238 3586 1323">
     <span class='ocr_line' id='line_1_72' title="bbox 2011 1238 3586 1323; baseline 0.011 -34"><span class='ocrx_word' id='word_1_553' title='bbox 2011 1238 2321 1323; x_wconf 83' lang='lat' dir='ltr'><strong>resurrexit,</strong></span> <span class='ocrx_word' id='word_1_554' title='bbox 2355 1243 2593 1297; x_wconf 90' lang='lat' dir='ltr'><strong>ascendit</strong></span> <span class='ocrx_word' id='word_1_555' title='bbox 2618 1262 2631 1298; x_wconf 88' lang='lat'><strong>:</strong></span> <span class='ocrx_word' id='word_1_556' title='bbox 2658 1247 2891 1301; x_wconf 89' lang='lat' dir='ltr'><strong>restabat</strong></span> <span class='ocrx_word' id='word_1_557' title='bbox 2914 1257 2972 1302; x_wconf 90' lang='lat' dir='ltr'><strong>ut</strong></span> <span class='ocrx_word' id='word_1_558' title='bbox 2996 1250 3238 1320; x_wconf 87' lang='lat' dir='ltr'><strong>impleret</strong></span> <span class='ocrx_word' id='word_1_559' title='bbox 3274 1252 3415 1322; x_wconf 90' lang='lat' dir='ltr'><strong>quod</strong></span> <span class='ocrx_word' id='word_1_560' title='bbox 3462 1267 3586 1323; x_wconf 88' lang='lat' dir='ltr'><strong>pro-</strong></span> 
     </span>
    </p>
   </div>
   <div class='ocr_carea' id='block_1_72' title="bbox 2011 1324 3592 1413">
    <p class='ocr_par' dir='ltr' id='par_1_72' title="bbox 2011 1324 3592 1413">
     <span class='ocr_line' id='line_1_73' title="bbox 2011 1324 3592 1413; baseline 0.013 -33"><span class='ocrx_word' id='word_1_561' title='bbox 2011 1327 2174 1382; x_wconf 88' lang='lat' dir='ltr'><strong>misit.</strong></span> <span class='ocrx_word' id='word_1_562' title='bbox 2226 1324 2337 1387; x_wconf 79' lang='lat' dir='ltr'><strong>Hoc</strong></span> <span class='ocrx_word' id='word_1_563' title='bbox 2384 1342 2759 1405; x_wconf 73' lang='lat' dir='ltr'><strong>exspectantes</strong></span> <span class='ocrx_word' id='word_1_564' title='bbox 2788 1338 3032 1410; x_wconf 88' lang='lat' dir='ltr'><strong>discipuli</strong></span> <span class='ocrx_word' id='word_1_565' title='bbox 3074 1343 3222 1413; x_wconf 86' lang='lat' dir='ltr'><strong>ejus,</strong></span> <span class='ocrx_word' id='word_1_566' title='bbox 3251 1345 3441 1400; x_wconf 70' lang='lat' dir='ltr'><strong>ultima:</strong></span> <span class='ocrx_word' id='word_1_567' title='bbox 3467 1385 3486 1413; x_wconf 90' lang='lat'><strong>,</strong></span> <span class='ocrx_word' id='word_1_568' title='bbox 3532 1355 3592 1401; x_wconf 92' lang='lat' dir='ltr'><strong>ut</strong></span> 
     </span>
    </p>
   </div>
   <div class='ocr_carea' id='block_1_73' title="bbox 2010 1420 3590 1509">
    <p class='ocr_par' dir='ltr' id='par_1_73' title="bbox 2010 1420 3590 1509">
     <span class='ocr_line' id='line_1_74' title="bbox 2010 1420 3590 1509; baseline 0.015 -38"><span class='ocrx_word' id='word_1_569' title='bbox 2010 1420 2263 1489; x_wconf 87' lang='lat' dir='ltr'><strong>scriptum</strong></span> <span class='ocrx_word' id='word_1_570' title='bbox 2289 1433 2392 1492; x_wconf 89' lang='lat' dir='ltr'><strong>est,</strong></span> <span class='ocrx_word' id='word_1_571' title='bbox 2416 1436 2628 1482; x_wconf 89' lang='lat' dir='ltr'><strong>centum</strong></span> <span class='ocrx_word' id='word_1_572' title='bbox 2654 1430 2842 1501; x_wconf 80' lang='lat' dir='ltr'><strong>viginti</strong></span> <span class='ocrx_word' id='word_1_573' title='bbox 2872 1432 3018 1502; x_wconf 85' lang='lat' dir='ltr'><strong>(Act.</strong></span> <span class='ocrx_word' id='word_1_574' title='bbox 3048 1445 3096 1501; x_wconf 67' lang='grc' dir='ltr'>ι,</span> <span class='ocrx_word' id='word_1_575' title='bbox 3126 1431 3226 1507; x_wconf 78' lang='grc'><strong>15)</strong></span> <span class='ocrx_word' id='word_1_576' title='bbox 3246 1476 3261 1503; x_wconf 88' lang='grc'><em>,</em></span> <span class='ocrx_word' id='word_1_577' title='bbox 3310 1436 3590 1509; x_wconf 86' lang='lat' dir='ltr'><strong>decuplato</strong></span> 
     </span>
    </p>
   </div>
   <div class='ocr_carea' id='block_1_74' title="bbox 2011 1515 3587 1599">
    <p class='ocr_par' dir='ltr' id='par_1_74' title="bbox 2011 1515 3587 1599">
     <span class='ocr_line' id='line_1_75' title="bbox 2011 1515 3587 1599; baseline 0.015 -37"><span class='ocrx_word' id='word_1_578' title='bbox 2011 1524 2233 1567; x_wconf 90' lang='lat' dir='ltr'><strong>numero</strong></span> <span class='ocrx_word' id='word_1_579' title='bbox 2280 1515 2692 1586; x_wconf 87' lang='lat' dir='ltr'><strong>Apostolorum;</strong></span> <span class='ocrx_word' id='word_1_580' title='bbox 2741 1521 3020 1578; x_wconf 91' lang='lat' dir='ltr'><strong>duodecim</strong></span> <span class='ocrx_word' id='word_1_581' title='bbox 3054 1525 3196 1580; x_wconf 88' lang='lat' dir='ltr'><strong>enim</strong></span> <span class='ocrx_word' id='word_1_582' title='bbox 3230 1526 3418 1599; x_wconf 79' lang='lat' dir='ltr'><strong>elegit,</strong></span> <span class='ocrx_word' id='word_1_583' title='bbox 3441 1538 3497 1585; x_wconf 88' lang='lat' dir='ltr'><strong>et</strong></span> <span class='ocrx_word' id='word_1_584' title='bbox 3535 1531 3587 1585; x_wconf 92' lang='lat' dir='ltr'><strong>in</strong></span> 
     </span>
    </p>
   </div>
   <div class='ocr_carea' id='block_1_75' title="bbox 2011 1604 3588 1688">
    <p class='ocr_par' dir='ltr' id='par_1_75' title="bbox 2011 1604 3588 1688">
     <span class='ocr_line' id='line_1_76' title="bbox 2011 1604 3588 1688; baseline 0.014 -34"><span class='ocrx_word' id='word_1_585' title='bbox 2011 1604 2224 1657; x_wconf 83' lang='lat' dir='ltr'><strong>centum</strong></span> <span class='ocrx_word' id='word_1_586' title='bbox 2247 1604 2434 1676; x_wconf 85' lang='lat' dir='ltr'><strong>viginti</strong></span> <span class='ocrx_word' id='word_1_587' title='bbox 2455 1607 2708 1679; x_wconf 92' lang='lat' dir='ltr'><strong>Spiritum</strong></span> <span class='ocrx_word' id='word_1_588' title='bbox 2731 1613 2873 1668; x_wconf 89' lang='lat' dir='ltr'><strong>misit</strong></span> <span class='ocrx_word' id='word_1_589' title='bbox 2903 1630 2919 1668; x_wconf 88' lang='lat'><strong>:</strong></span> <span class='ocrx_word' id='word_1_590' title='bbox 2949 1614 3051 1670; x_wconf 91' lang='lat' dir='ltr'><strong>hoc</strong></span> <span class='ocrx_word' id='word_1_591' title='bbox 3096 1624 3225 1687; x_wconf 82' lang='lat' dir='ltr'><strong>ergo</strong></span> <span class='ocrx_word' id='word_1_592' title='bbox 3269 1620 3588 1688; x_wconf 83' lang='lat' dir='ltr'><strong>promissum</strong></span> 
     </span>
    </p>
   </div>
   <div class='ocr_carea' id='block_1_76' title="bbox 2010 1698 3591 1778">
    <p class='ocr_par' dir='ltr' id='par_1_76' title="bbox 2010 1698 3591 1778">
     <span class='ocr_line' id='line_1_77' title="bbox 2010 1698 3591 1778; baseline 0.014 -33"><span class='ocrx_word' id='word_1_593' title='bbox 2010 1704 2380 1763; x_wconf 82' lang='lat' dir='ltr'><strong>exSpectantes</strong></span> <span class='ocrx_word' id='word_1_594' title='bbox 2406 1698 2460 1753; x_wconf 90' lang='lat' dir='ltr'><strong>in</strong></span> <span class='ocrx_word' id='word_1_595' title='bbox 2482 1715 2582 1754; x_wconf 91' lang='lat' dir='ltr'><strong>una</strong></span> <span class='ocrx_word' id='word_1_596' title='bbox 2608 1700 2771 1759; x_wconf 91' lang='lat' dir='ltr'><strong>domo</strong></span> <span class='ocrx_word' id='word_1_597' title='bbox 2791 1708 2964 1772; x_wconf 86' lang='lat' dir='ltr'><strong>erant,</strong></span> <span class='ocrx_word' id='word_1_598' title='bbox 2997 1706 3221 1762; x_wconf 90' lang='lat' dir='ltr'><strong>orabant</strong></span> <span class='ocrx_word' id='word_1_599' title='bbox 3247 1715 3262 1763; x_wconf 71' lang='grc' dir='ltr'><strong>ξ</strong></span> <span class='ocrx_word' id='word_1_600' title='bbox 3290 1710 3412 1778; x_wconf 89' lang='lat' dir='ltr'><strong>quia</strong></span> <span class='ocrx_word' id='word_1_601' title='bbox 3448 1709 3591 1766; x_wconf 88' lang='lat' dir='ltr'><strong>desi-</strong></span> 
     </span>
    </p>
   </div>
   <div class='ocr_carea' id='block_1_77' title="bbox 2010 1781 3591 1873">
    <p class='ocr_par' dir='ltr' id='par_1_77' title="bbox 2010 1781 3591 1873">
     <span class='ocr_line' id='line_1_78' title="bbox 2010 1781 3591 1873; baseline 0.014 -38"><span class='ocrx_word' id='word_1_602' title='bbox 2010 1781 2387 1873; x_wconf 88' lang='lat' dir='ltr'><strong>derabantjam</strong></span> <span class='ocrx_word' id='word_1_603' title='bbox 2416 1789 2527 1859; x_wconf 91' lang='lat' dir='ltr'><strong>ipsa</strong></span> <span class='ocrx_word' id='word_1_604' title='bbox 2544 1790 2668 1859; x_wconf 90' lang='lat' dir='ltr'><strong>ﬁde,</strong></span> <span class='ocrx_word' id='word_1_605' title='bbox 2700 1794 2841 1865; x_wconf 88' lang='lat' dir='ltr'><strong>quod</strong></span> <span class='ocrx_word' id='word_1_606' title='bbox 2878 1796 2988 1867; x_wconf 91' lang='lat' dir='ltr'><strong>ipsa</strong></span> <span class='ocrx_word' id='word_1_607' title='bbox 3016 1798 3294 1868; x_wconf 79' lang='lat' dir='ltr'><strong>Oratione,</strong></span> <span class='ocrx_word' id='word_1_608' title='bbox 3324 1799 3440 1871; x_wconf 90' lang='lat' dir='ltr'><strong>ipso</strong></span> <span class='ocrx_word' id='word_1_609' title='bbox 3483 1803 3591 1873; x_wconf 88' lang='lat' dir='ltr'><strong>spi-</strong></span> 
     </span>
    </p>
   </div>
   <div class='ocr_carea' id='block_1_78' title="bbox 2010 1872 3590 1957">
    <p class='ocr_par' dir='ltr' id='par_1_78' title="bbox 2010 1872 3590 1957">
     <span class='ocr_line' id='line_1_79' title="bbox 2010 1872 3590 1957; baseline 0.015 -31"><span class='ocrx_word' id='word_1_610' title='bbox 2010 1872 2185 1928; x_wconf 88' lang='lat' dir='ltr'><strong>rituali</strong></span> <span class='ocrx_word' id='word_1_611' title='bbox 2206 1876 2509 1948; x_wconf 87' lang='lat' dir='ltr'><strong>desiderio;</strong></span> <span class='ocrx_word' id='word_1_612' title='bbox 2542 1891 2687 1939; x_wconf 91' lang='lat' dir='ltr'><strong>utres</strong></span> <span class='ocrx_word' id='word_1_613' title='bbox 2725 1886 2848 1940; x_wconf 91' lang='lat' dir='ltr'><strong>novi</strong></span> <span class='ocrx_word' id='word_1_614' title='bbox 2873 1899 3047 1957; x_wconf 90' lang='lat' dir='ltr'><strong>erant,</strong></span> <span class='ocrx_word' id='word_1_615' title='bbox 3078 1889 3261 1945; x_wconf 85' lang='lat' dir='ltr'><strong>vintlm</strong></span> <span class='ocrx_word' id='word_1_616' title='bbox 3300 1896 3493 1947; x_wconf 68' lang='lat' dir='ltr'><strong>noVunt</strong></span> <span class='ocrx_word' id='word_1_617' title='bbox 3516 1872 3590 1949; x_wconf 15' lang='lat' dir='ltr'><strong>ide</strong></span> 
     </span>
    </p>
   </div>
   <div class='ocr_carea' id='block_1_79' title="bbox 2010 1964 3602 2039">
    <p class='ocr_par' dir='ltr' id='par_1_79' title="bbox 2010 1964 3602 2039">
     <span class='ocr_line' id='line_1_80' title="bbox 2010 1964 3602 2039; baseline 0.014 -22"><span class='ocrx_word' id='word_1_618' title='bbox 2010 1964 2149 2019; x_wconf 68' lang='lat' dir='ltr'><strong>caelo</strong></span> <span class='ocrx_word' id='word_1_619' title='bbox 2174 1969 2603 2039; x_wconf 71' lang='lat' dir='ltr'><strong>eXSpectabattlr,</strong></span> <span class='ocrx_word' id='word_1_620' title='bbox 2631 1974 2869 2031; x_wconf 87' lang='lat' dir='ltr'><strong>etvenit.</strong></span> <span class='ocrx_word' id='word_1_621' title='bbox 2909 1976 3027 2031; x_wconf 86' lang='lat' dir='ltr'><strong>Jam</strong></span> <span class='ocrx_word' id='word_1_622' title='bbox 3070 1980 3209 2034; x_wconf 89' lang='lat' dir='ltr'><strong>enim</strong></span> <span class='ocrx_word' id='word_1_623' title='bbox 3258 1979 3430 2037; x_wconf 89' lang='lat' dir='ltr'><strong>fuerat</strong></span> <span class='ocrx_word' id='word_1_624' title='bbox 3480 1964 3602 2038; x_wconf 46' lang='lat' dir='ltr'><strong>ma?</strong></span> 
     </span>
    </p>
   </div>
   <div class='ocr_carea' id='block_1_80' title="bbox 2008 2057 3591 2143">
    <p class='ocr_par' dir='ltr' id='par_1_80' title="bbox 2008 2057 3591 2143">
     <span class='ocr_line' id='line_1_81' title="bbox 2008 2057 3591 2143; baseline 0.014 -34"><span class='ocrx_word' id='word_1_625' title='bbox 2008 2070 2143 2126; x_wconf 88' lang='lat' dir='ltr'><strong>gnus</strong></span> <span class='ocrx_word' id='word_1_626' title='bbox 2157 2057 2342 2114; x_wconf 88' lang='lat' dir='ltr'><strong>botrus</strong></span> <span class='ocrx_word' id='word_1_627' title='bbox 2368 2060 2455 2117; x_wconf 89' lang='lat' dir='ltr'><strong>ille</strong></span> <span class='ocrx_word' id='word_1_628' title='bbox 2470 2063 2703 2119; x_wconf 86' lang='lat' dir='ltr'><strong>calcatus</strong></span> <span class='ocrx_word' id='word_1_629' title='bbox 2727 2073 2782 2121; x_wconf 86' lang='lat' dir='ltr'><strong>et</strong></span> <span class='ocrx_word' id='word_1_630' title='bbox 2800 2067 3148 2138; x_wconf 76' lang='lat' dir='ltr'><strong>gloriﬁcatus.</strong></span> <span class='ocrx_word' id='word_1_631' title='bbox 3173 2071 3423 2143; x_wconf 79' lang='lat' dir='ltr'><strong>Legimus</strong></span> <span class='ocrx_word' id='word_1_632' title='bbox 3446 2075 3591 2130; x_wconf 91' lang='lat' dir='ltr'><strong>enim</strong></span> 
     </span>
    </p>
   </div>
   <div class='ocr_carea' id='block_1_81' title="bbox 2009 2148 3592 2238">
    <p class='ocr_par' dir='ltr' id='par_1_81' title="bbox 2009 2148 3592 2238">
     <span class='ocr_line' id='line_1_82' title="bbox 2009 2148 3592 2238; baseline 0.013 -37"><span class='ocrx_word' id='word_1_633' title='bbox 2009 2148 2064 2203; x_wconf 91' lang='lat' dir='ltr'><strong>in</strong></span> <span class='ocrx_word' id='word_1_634' title='bbox 2094 2149 2380 2223; x_wconf 83' lang='lat' dir='ltr'><strong>Evangelio</strong></span> <span class='ocrx_word' id='word_1_635' title='bbox 2400 2195 2413 2219; x_wconf 94' lang='lat'><strong>,</strong></span> <span class='ocrx_word' id='word_1_636' title='bbox 2445 2153 2673 2225; x_wconf 79' lang='lat' dir='ltr'><strong>Spiritus</strong></span> <span class='ocrx_word' id='word_1_637' title='bbox 2701 2159 2833 2215; x_wconf 88' lang='lat' dir='ltr'><strong>enim</strong></span> <span class='ocrx_word' id='word_1_638' title='bbox 2854 2161 3077 2216; x_wconf 83' lang='lat' dir='ltr'><strong>nondum</strong></span> <span class='ocrx_word' id='word_1_639' title='bbox 3113 2166 3219 2218; x_wconf 86' lang='lat' dir='ltr'><strong>erat</strong></span> <span class='ocrx_word' id='word_1_640' title='bbox 3250 2164 3431 2233; x_wconf 83' lang='lat' dir='ltr'><strong>datus,</strong></span> <span class='ocrx_word' id='word_1_641' title='bbox 3472 2168 3592 2238; x_wconf 85' lang='lat' dir='ltr'><strong>quia</strong></span> 
     </span>
    </p>
   </div>
   <div class='ocr_carea' id='block_1_82' title="bbox 2007 2238 3408 2325">
    <p class='ocr_par' dir='ltr' id='par_1_82' title="bbox 2007 2238 3408 2325">
     <span class='ocr_line' id='line_1_83' title="bbox 2007 2238 3408 2325; baseline 0.012 -35"><span class='ocrx_word' id='word_1_642' title='bbox 2007 2238 2157 2293; x_wconf 74' lang='lat' dir='ltr'><strong>Iesus</strong></span> <span class='ocrx_word' id='word_1_643' title='bbox 2183 2242 2405 2297; x_wconf 88' lang='lat' dir='ltr'><strong>nondum</strong></span> <span class='ocrx_word' id='word_1_644' title='bbox 2433 2248 2596 2316; x_wconf 79' lang='lat' dir='ltr'><strong>fuerat</strong></span> <span class='ocrx_word' id='word_1_645' title='bbox 2624 2248 2937 2318; x_wconf 75' lang='lat' dir='ltr'><strong>glori/iratus</strong></span> <span class='ocrx_word' id='word_1_646' title='bbox 2963 2248 3156 2324; x_wconf 77' lang='lat' dir='ltr'><strong>(Joan.</strong></span> <span class='ocrx_word' id='word_1_647' title='bbox 3183 2269 3275 2321; x_wconf 77' lang='lat' dir='ltr'><strong>VII,</strong></span> <span class='ocrx_word' id='word_1_648' title='bbox 3298 2255 3408 2325; x_wconf 84' lang='lat'><strong>39).</strong></span> 
     </span>
    </p>
   </div>
   <div class='ocr_carea' id='block_1_83' title="bbox 2079 2331 3589 2416">
    <p class='ocr_par' dir='ltr' id='par_1_83' title="bbox 2079 2331 3589 2416">
     <span class='ocr_line' id='line_1_84' title="bbox 2079 2331 3589 2416; baseline 0.011 -29"><span class='ocrx_word' id='word_1_649' title='bbox 2079 2331 2303 2389; x_wconf 85' lang='lat' dir='ltr'><strong>CAPUT</strong></span> <span class='ocrx_word' id='word_1_650' title='bbox 2327 2334 2519 2390; x_wconf 65' lang='lat' dir='ltr'><strong>lit—3.</strong></span> <span class='ocrx_word' id='word_1_651' title='bbox 2535 2336 2736 2393; x_wconf 88' lang='lat' dir='ltr'><strong>Donum</strong></span> <span class='ocrx_word' id='word_1_652' title='bbox 2758 2338 3062 2413; x_wconf 82' lang='lat' dir='ltr'><strong>linguarum.</strong></span> <span class='ocrx_word' id='word_1_653' title='bbox 3083 2341 3197 2399; x_wconf 85' lang='lat' dir='ltr'><strong>.Iam</strong></span> <span class='ocrx_word' id='word_1_654' title='bbox 3216 2345 3340 2415; x_wconf 86' lang='lat' dir='ltr'><strong>quid</strong></span> <span class='ocrx_word' id='word_1_655' title='bbox 3365 2362 3589 2416; x_wconf 85' lang='lat' dir='ltr'><strong>respon-</strong></span> 
     </span>
    </p>
   </div>
   <div class='ocr_carea' id='block_1_84' title="bbox 2009 2421 3589 2507">
    <p class='ocr_par' dir='ltr' id='par_1_84' title="bbox 2009 2421 3589 2507">
     <span class='ocr_line' id='line_1_85' title="bbox 2009 2421 3589 2507; baseline 0.012 -32"><span class='ocrx_word' id='word_1_656' title='bbox 2009 2421 2105 2489; x_wconf 93' lang='lat' dir='ltr'><strong>dit,</strong></span> <span class='ocrx_word' id='word_1_657' title='bbox 2124 2424 2365 2493; x_wconf 85' lang='lat' dir='ltr'><strong>audistis,</strong></span> <span class='ocrx_word' id='word_1_658' title='bbox 2386 2434 2635 2499; x_wconf 87' lang='lat' dir='ltr'><strong>magnum</strong></span> <span class='ocrx_word' id='word_1_659' title='bbox 2665 2431 2996 2489; x_wconf 88' lang='lat' dir='ltr'><strong>miraculum.</strong></span> <span class='ocrx_word' id='word_1_660' title='bbox 3010 2434 3211 2491; x_wconf 73' lang='lat' dir='ltr'><strong>Omnes</strong></span> <span class='ocrx_word' id='word_1_661' title='bbox 3230 2438 3319 2507; x_wconf 89' lang='lat' dir='ltr'><strong>qui</strong></span> <span class='ocrx_word' id='word_1_662' title='bbox 3347 2438 3589 2506; x_wconf 90' lang='lat' dir='ltr'><strong>aderant,</strong></span> 
     </span>
    </p>
   </div>
   <div class='ocr_carea' id='block_1_85' title="bbox 2009 2516 3593 2599">
    <p class='ocr_par' dir='ltr' id='par_1_85' title="bbox 2009 2516 3593 2599">
     <span class='ocr_line' id='line_1_86' title="bbox 2009 2516 3593 2599; baseline 0.015 -33"><span class='ocrx_word' id='word_1_663' title='bbox 2009 2528 2168 2569; x_wconf 88' lang='lat' dir='ltr'><strong>unam</strong></span> <span class='ocrx_word' id='word_1_664' title='bbox 2199 2516 2429 2588; x_wconf 83' lang='lat' dir='ltr'><strong>linguam</strong></span> <span class='ocrx_word' id='word_1_665' title='bbox 2456 2520 2772 2579; x_wconf 90' lang='lat' dir='ltr'><strong>didicerant.</strong></span> <span class='ocrx_word' id='word_1_666' title='bbox 2800 2525 2955 2582; x_wconf 74' lang='lat' dir='ltr'><strong>Venit</strong></span> <span class='ocrx_word' id='word_1_667' title='bbox 2991 2526 3220 2599; x_wconf 88' lang='lat' dir='ltr'><strong>Spiritus</strong></span> <span class='ocrx_word' id='word_1_668' title='bbox 3247 2532 3593 2599; x_wconf 86' lang='lat' dir='ltr'><strong>sanctus;im-</strong></span> 
     </span>
    </p>
   </div>
   <div class='ocr_carea' id='block_1_86' title="bbox 2010 2606 3592 2695">
    <p class='ocr_par' dir='ltr' id='par_1_86' title="bbox 2010 2606 3592 2695">
     <span class='ocr_line' id='line_1_87' title="bbox 2010 2606 3592 2695; baseline 0.013 -36"><span class='ocrx_word' id='word_1_669' title='bbox 2010 2606 2135 2675; x_wconf 90' lang='lat' dir='ltr'><strong>pleti</strong></span> <span class='ocrx_word' id='word_1_670' title='bbox 2156 2616 2298 2674; x_wconf 90' lang='lat' dir='ltr'><strong>sunt,</strong></span> <span class='ocrx_word' id='word_1_671' title='bbox 2318 2623 2595 2681; x_wconf 63' lang='lat' dir='ltr'><strong>coeperunt</strong></span> <span class='ocrx_word' id='word_1_672' title='bbox 2624 2615 2767 2686; x_wconf 89' lang='lat' dir='ltr'><strong>loqui</strong></span> <span class='ocrx_word' id='word_1_673' title='bbox 2794 2617 2988 2689; x_wconf 90' lang='lat' dir='ltr'><strong>linguis</strong></span> <span class='ocrx_word' id='word_1_674' title='bbox 3013 2621 3171 2675; x_wconf 83' lang='lat' dir='ltr'><strong>variis</strong></span> <span class='ocrx_word' id='word_1_675' title='bbox 3193 2622 3429 2677; x_wconf 92' lang='lat' dir='ltr'><strong>omnium</strong></span> <span class='ocrx_word' id='word_1_676' title='bbox 3459 2607 3592 2695; x_wconf 51' lang='lat' dir='ltr'><strong>gen?</strong></span> 
     </span>
    </p>
   </div>
   <div class='ocr_carea' id='block_1_87' title="bbox 2010 2696 3596 2775">
    <p class='ocr_par' dir='ltr' id='par_1_87' title="bbox 2010 2696 3596 2775">
     <span class='ocr_line' id='line_1_88' title="bbox 2010 2696 3596 2775; baseline 0.014 -25"><span class='ocrx_word' id='word_1_677' title='bbox 2010 2696 2161 2763; x_wconf 92' lang='lat' dir='ltr'><strong>tium,</strong></span> <span class='ocrx_word' id='word_1_678' title='bbox 2194 2708 2327 2769; x_wconf 79' lang='lat' dir='ltr'><strong>qttas</strong></span> <span class='ocrx_word' id='word_1_679' title='bbox 2355 2718 2460 2756; x_wconf 92' lang='lat' dir='ltr'><strong>non</strong></span> <span class='ocrx_word' id='word_1_680' title='bbox 2511 2717 2809 2775; x_wconf 89' lang='lat' dir='ltr'><strong>noverant,</strong></span> <span class='ocrx_word' id='word_1_681' title='bbox 2838 2722 2937 2764; x_wconf 90' lang='lat' dir='ltr'><strong>nec</strong></span> <span class='ocrx_word' id='word_1_682' title='bbox 2962 2709 3295 2768; x_wconf 83' lang='lat' dir='ltr'><strong>didicerant:</strong></span> <span class='ocrx_word' id='word_1_683' title='bbox 3320 2713 3415 2769; x_wconf 90' lang='lat' dir='ltr'><strong>sed</strong></span> <span class='ocrx_word' id='word_1_684' title='bbox 3437 2714 3596 2771; x_wconf 87' lang='lat' dir='ltr'><strong>doce-</strong></span> 
     </span>
    </p>
   </div>
   <div class='ocr_carea' id='block_1_88' title="bbox 2010 2788 3596 2872">
    <p class='ocr_par' dir='ltr' id='par_1_88' title="bbox 2010 2788 3596 2872">
     <span class='ocr_line' id='line_1_89' title="bbox 2010 2788 3596 2872; baseline 0.013 -29"><span class='ocrx_word' id='word_1_685' title='bbox 2010 2788 2102 2843; x_wconf 92' lang='lat' dir='ltr'><strong>bat</strong></span> <span class='ocrx_word' id='word_1_686' title='bbox 2122 2791 2211 2847; x_wconf 90' lang='lat' dir='ltr'><strong>ille</strong></span> <span class='ocrx_word' id='word_1_687' title='bbox 2236 2794 2325 2863; x_wconf 91' lang='lat' dir='ltr'><strong>qui</strong></span> <span class='ocrx_word' id='word_1_688' title='bbox 2352 2806 2612 2863; x_wconf 83' lang='lat' dir='ltr'><strong>venerat;</strong></span> <span class='ocrx_word' id='word_1_689' title='bbox 2642 2798 2882 2868; x_wconf 84' lang='lat' dir='ltr'><strong>intravit,</strong></span> <span class='ocrx_word' id='word_1_690' title='bbox 2933 2801 3137 2872; x_wconf 91' lang='lat' dir='ltr'><strong>impleti</strong></span> <span class='ocrx_word' id='word_1_691' title='bbox 3165 2813 3305 2870; x_wconf 88' lang='lat' dir='ltr'><strong>sunt,</strong></span> <span class='ocrx_word' id='word_1_692' title='bbox 3338 2805 3491 2861; x_wconf 89' lang='lat' dir='ltr'><strong>fudit.</strong></span> <span class='ocrx_word' id='word_1_693' title='bbox 3527 2808 3596 2863; x_wconf 81' lang='lat' dir='ltr'><strong>Et</strong></span> 
     </span>
    </p>
   </div>
   <div class='ocr_carea' id='block_1_89' title="bbox 2012 2882 3589 2966">
    <p class='ocr_par' dir='ltr' id='par_1_89' title="bbox 2012 2882 3589 2966">
     <span class='ocr_line' id='line_1_90' title="bbox 2012 2882 3589 2966; baseline 0.011 -33"><span class='ocrx_word' id='word_1_694' title='bbox 2012 2890 2138 2935; x_wconf 87' lang='lat' dir='ltr'><strong>tunc</strong></span> <span class='ocrx_word' id='word_1_695' title='bbox 2160 2882 2261 2938; x_wconf 89' lang='lat' dir='ltr'><strong>hoc</strong></span> <span class='ocrx_word' id='word_1_696' title='bbox 2283 2894 2397 2939; x_wconf 90' lang='lat' dir='ltr'><strong>erat</strong></span> <span class='ocrx_word' id='word_1_697' title='bbox 2421 2887 2662 2956; x_wconf 82' lang='lat' dir='ltr'><strong>signum,</strong></span> <span class='ocrx_word' id='word_1_698' title='bbox 2695 2891 3014 2962; x_wconf 88' lang='lat' dir='ltr'><strong>quicumque</strong></span> <span class='ocrx_word' id='word_1_699' title='bbox 3067 2894 3364 2964; x_wconf 84' lang='lat' dir='ltr'><strong>accipiebat</strong></span> <span class='ocrx_word' id='word_1_700' title='bbox 3415 2895 3589 2966; x_wconf 89' lang='lat' dir='ltr'><strong>Spiri-</strong></span> 
     </span>
    </p>
   </div>
   <div class='ocr_carea' id='block_1_90' title="bbox 2009 2977 3595 3055">
    <p class='ocr_par' dir='ltr' id='par_1_90' title="bbox 2009 2977 3595 3055">
     <span class='ocr_line' id='line_1_91' title="bbox 2009 2977 3595 3055; baseline 0.011 -30"><span class='ocrx_word' id='word_1_701' title='bbox 2009 2981 2118 3027; x_wconf 92' lang='lat' dir='ltr'><strong>tum</strong></span> <span class='ocrx_word' id='word_1_702' title='bbox 2160 2982 2424 3043; x_wconf 86' lang='lat' dir='ltr'><strong>sanctum,</strong></span> <span class='ocrx_word' id='word_1_703' title='bbox 2452 2977 2628 3033; x_wconf 87' lang='lat' dir='ltr'><strong>subito</strong></span> <span class='ocrx_word' id='word_1_704' title='bbox 2654 2980 2900 3050; x_wconf 90' lang='lat' dir='ltr'><strong>impletus</strong></span> <span class='ocrx_word' id='word_1_705' title='bbox 2921 2982 3120 3053; x_wconf 80' lang='lat' dir='ltr'><strong>Spiritu</strong></span> <span class='ocrx_word' id='word_1_706' title='bbox 3142 2982 3332 3055; x_wconf 88' lang='lat' dir='ltr'><strong>linguis</strong></span> <span class='ocrx_word' id='word_1_707' title='bbox 3353 2986 3595 3042; x_wconf 88' lang='lat' dir='ltr'><strong>omnium</strong></span> 
     </span>
    </p>
   </div>
   <div class='ocr_carea' id='block_1_91' title="bbox 2008 3064 3597 3144">
    <p class='ocr_par' dir='ltr' id='par_1_91' title="bbox 2008 3064 3597 3144">
     <span class='ocr_line' id='line_1_92' title="bbox 2008 3064 3597 3144; baseline 0.011 -26"><span class='ocrx_word' id='word_1_708' title='bbox 2008 3064 2323 3135; x_wconf 77' lang='lat' dir='ltr'><strong>loquebatur</strong></span> <span class='ocrx_word' id='word_1_709' title='bbox 2376 3069 2527 3140; x_wconf 81' lang='lat' dir='ltr'><strong>(Act.</strong></span> <span class='ocrx_word' id='word_1_710' title='bbox 2576 3089 2633 3139; x_wconf 85' lang='lat' dir='ltr'><strong>x,</strong></span> <span class='ocrx_word' id='word_1_711' title='bbox 2682 3072 2821 3144; x_wconf 67' lang='lat'><strong>46);</strong></span> <span class='ocrx_word' id='word_1_712' title='bbox 2869 3091 2975 3130; x_wconf 90' lang='lat' dir='ltr'><strong>non</strong></span> <span class='ocrx_word' id='word_1_713' title='bbox 3026 3076 3102 3131; x_wconf 92' lang='lat' dir='ltr'><strong>illi</strong></span> <span class='ocrx_word' id='word_1_714' title='bbox 3149 3079 3322 3133; x_wconf 91' lang='lat' dir='ltr'><strong>solum</strong></span> <span class='ocrx_word' id='word_1_715' title='bbox 3382 3089 3597 3136; x_wconf 85' lang='lat' dir='ltr'><strong>centum</strong></span> 
     </span>
    </p>
   </div>
   <div class='ocr_carea' id='block_1_92' title="bbox 2008 3157 3601 3244">
    <p class='ocr_par' dir='ltr' id='par_1_92' title="bbox 2008 3157 3601 3244">
     <span class='ocr_line' id='line_1_93' title="bbox 2008 3157 3601 3244; baseline 0.012 -34"><span class='ocrx_word' id='word_1_716' title='bbox 2008 3157 2214 3229; x_wconf 84' lang='lat' dir='ltr'><strong>viginti.</strong></span> <span class='ocrx_word' id='word_1_717' title='bbox 2250 3162 2454 3218; x_wconf 82' lang='lat' dir='ltr'><strong>Doceat</strong></span> <span class='ocrx_word' id='word_1_718' title='bbox 2479 3179 2574 3220; x_wconf 92' lang='lat' dir='ltr'><strong>nos</strong></span> <span class='ocrx_word' id='word_1_719' title='bbox 2600 3164 2812 3221; x_wconf 69' lang='lat' dir='ltr'><strong>Littera:</strong></span> <span class='ocrx_word' id='word_1_720' title='bbox 2843 3167 3001 3237; x_wconf 78' lang='lat' dir='ltr'><strong>ipszc,</strong></span> <span class='ocrx_word' id='word_1_721' title='bbox 3047 3177 3230 3238; x_wconf 82' lang='lat' dir='ltr'><strong>postea</strong></span> <span class='ocrx_word' id='word_1_722' title='bbox 3257 3170 3601 3244; x_wconf 21' lang='lat' dir='ltr'><strong>crediderunt,</strong></span> 
     </span>
    </p>
   </div>
   <div class='ocr_carea' id='block_1_93' title="bbox 2008 3247 3599 3332">
    <p class='ocr_par' dir='ltr' id='par_1_93' title="bbox 2008 3247 3599 3332">
     <span class='ocr_line' id='line_1_94' title="bbox 2008 3247 3599 3332; baseline 0.012 -30"><span class='ocrx_word' id='word_1_723' title='bbox 2008 3247 2274 3319; x_wconf 83' lang='lat' dir='ltr'><strong>homines,</strong></span> <span class='ocrx_word' id='word_1_724' title='bbox 2325 3253 2575 3325; x_wconf 88' lang='lat' dir='ltr'><strong>baptizati</strong></span> <span class='ocrx_word' id='word_1_725' title='bbox 2619 3266 2770 3323; x_wconf 90' lang='lat' dir='ltr'><strong>sunt,</strong></span> <span class='ocrx_word' id='word_1_726' title='bbox 2815 3266 3139 3330; x_wconf 87' lang='lat' dir='ltr'><strong>acceperunt</strong></span> <span class='ocrx_word' id='word_1_727' title='bbox 3183 3262 3437 3332; x_wconf 79' lang='lat' dir='ltr'><strong>Spiritﬁm</strong></span> <span class='ocrx_word' id='word_1_728' title='bbox 3476 3280 3599 3321; x_wconf 81' lang='lat' dir='ltr'><strong>san-</strong></span> 
     </span>
    </p>
   </div>
   <div class='ocr_carea' id='block_1_94' title="bbox 2007 3349 3597 3427">
    <p class='ocr_par' dir='ltr' id='par_1_94' title="bbox 2007 3349 3597 3427">
     <span class='ocr_line' id='line_1_95' title="bbox 2007 3349 3597 3427; baseline 0.008 -26"><span class='ocrx_word' id='word_1_729' title='bbox 2007 3356 2174 3416; x_wconf 91' lang='lat' dir='ltr'><strong>ctum,</strong></span> <span class='ocrx_word' id='word_1_730' title='bbox 2198 3349 2389 3419; x_wconf 88' lang='lat' dir='ltr'><strong>linguis</strong></span> <span class='ocrx_word' id='word_1_731' title='bbox 2418 3351 2655 3405; x_wconf 90' lang='lat' dir='ltr'><strong>omnium</strong></span> <span class='ocrx_word' id='word_1_732' title='bbox 2686 3353 2921 3423; x_wconf 84' lang='lat' dir='ltr'><strong>gentium</strong></span> <span class='ocrx_word' id='word_1_733' title='bbox 2963 3354 3127 3410; x_wconf 91' lang='lat' dir='ltr'><strong>locuti</strong></span> <span class='ocrx_word' id='word_1_734' title='bbox 3156 3363 3299 3410; x_wconf 90' lang='lat' dir='ltr'><strong>sunt.</strong></span> <span class='ocrx_word' id='word_1_735' title='bbox 3350 3350 3597 3427; x_wconf 79' lang='lat' dir='ltr'><strong>Expave-</strong></span> 
     </span>
    </p>
   </div>
   <div class='ocr_carea' id='block_1_95' title="bbox 2008 3441 3595 3513">
    <p class='ocr_par' dir='ltr' id='par_1_95' title="bbox 2008 3441 3595 3513">
     <span class='ocr_line' id='line_1_96' title="bbox 2008 3441 3595 3513; baseline 0.008 -19"><span class='ocrx_word' id='word_1_736' title='bbox 2008 3441 2240 3511; x_wconf 89' lang='lat' dir='ltr'><strong>runtqui</strong></span> <span class='ocrx_word' id='word_1_737' title='bbox 2267 3441 2510 3509; x_wconf 78' lang='lat' dir='ltr'><strong>aderant,</strong></span> <span class='ocrx_word' id='word_1_738' title='bbox 2540 3443 2629 3497; x_wconf 87' lang='lat' dir='ltr'><strong>alii</strong></span> <span class='ocrx_word' id='word_1_739' title='bbox 2649 3443 3001 3513; x_wconf 82' lang='lat' dir='ltr'><strong>admirantes,</strong></span> <span class='ocrx_word' id='word_1_740' title='bbox 3031 3447 3122 3502; x_wconf 87' lang='lat' dir='ltr'><strong>alii</strong></span> <span class='ocrx_word' id='word_1_741' title='bbox 3167 3447 3491 3505; x_wconf 88' lang='lat' dir='ltr'><strong>irridentes:</strong></span> <span class='ocrx_word' id='word_1_742' title='bbox 3521 3451 3595 3507; x_wconf 82' lang='lat' dir='ltr'><strong>ita</strong></span> 
     </span>
    </p>
   </div>
   <div class='ocr_carea' id='block_1_96' title="bbox 2010 3529 3593 3609">
    <p class='ocr_par' dir='ltr' id='par_1_96' title="bbox 2010 3529 3593 3609">
     <span class='ocr_line' id='line_1_97' title="bbox 2010 3529 3593 3609; baseline 0.009 -26"><span class='ocrx_word' id='word_1_743' title='bbox 2010 3534 2067 3583; x_wconf 93' lang='lat' dir='ltr'><strong>ut</strong></span> <span class='ocrx_word' id='word_1_744' title='bbox 2094 3530 2352 3586; x_wconf 90' lang='lat' dir='ltr'><strong>dicerent.</strong></span> <span class='ocrx_word' id='word_1_745' title='bbox 2384 3529 2479 3585; x_wconf 89' lang='lat' dir='ltr'><strong>Isti</strong></span> <span class='ocrx_word' id='word_1_746' title='bbox 2509 3532 2632 3587; x_wconf 88' lang='lat' dir='ltr'><strong>ebrii</strong></span> <span class='ocrx_word' id='word_1_747' title='bbox 2658 3543 2797 3600; x_wconf 77' lang='lat' dir='ltr'><strong>sunt,</strong></span> <span class='ocrx_word' id='word_1_748' title='bbox 2827 3546 2993 3590; x_wconf 81' lang='lat' dir='ltr'><strong>musto</strong></span> <span class='ocrx_word' id='word_1_749' title='bbox 3022 3537 3163 3607; x_wconf 84' lang='lat' dir='ltr'><strong>pleni</strong></span> <span class='ocrx_word' id='word_1_750' title='bbox 3200 3547 3317 3593; x_wconf 85' lang='lat' dir='ltr'><strong>sunt</strong></span> <span class='ocrx_word' id='word_1_751' title='bbox 3358 3538 3487 3609; x_wconf 81' lang='lat' dir='ltr'><strong>(Id.</strong></span> <span class='ocrx_word' id='word_1_752' title='bbox 3520 3557 3593 3608; x_wconf 85' lang='lat' dir='ltr'><strong>tt,</strong></span> 
     </span>
    </p>
   </div>
   <div class='ocr_carea' id='block_1_97' title="bbox 2011 3615 3597 3705">
    <p class='ocr_par' dir='ltr' id='par_1_97' title="bbox 2011 3615 3597 3705">
     <span class='ocr_line' id='line_1_98' title="bbox 2011 3615 3597 3705; baseline 0.011 -29"><span class='ocrx_word' id='word_1_753' title='bbox 2011 3620 2185 3692; x_wconf 69' lang='lat'><strong>1-15).</strong></span> <span class='ocrx_word' id='word_1_754' title='bbox 2218 3615 2500 3691; x_wconf 70' lang='lat' dir='ltr'><strong>Hidebant,</strong></span> <span class='ocrx_word' id='word_1_755' title='bbox 2529 3635 2583 3681; x_wconf 90' lang='lat' dir='ltr'><strong>et</strong></span> <span class='ocrx_word' id='word_1_756' title='bbox 2601 3628 2800 3698; x_wconf 90' lang='lat' dir='ltr'><strong>aliquid</strong></span> <span class='ocrx_word' id='word_1_757' title='bbox 2839 3645 3024 3705; x_wconf 89' lang='lat' dir='ltr'><strong>verum</strong></span> <span class='ocrx_word' id='word_1_758' title='bbox 3070 3630 3338 3688; x_wconf 83' lang='lat' dir='ltr'><strong>dicebant.</strong></span> <span class='ocrx_word' id='word_1_759' title='bbox 3390 3633 3597 3705; x_wconf 88' lang='lat' dir='ltr'><strong>lmpleti</strong></span> 
     </span>
    </p>
   </div>
   <div class='ocr_carea' id='block_1_98' title="bbox 2010 3702 3599 3797">
    <p class='ocr_par' dir='ltr' id='par_1_98' title="bbox 2010 3702 3599 3797">
     <span class='ocr_line' id='line_1_99' title="bbox 2010 3702 3599 3797; baseline 0.007 -26"><span class='ocrx_word' id='word_1_760' title='bbox 2010 3716 2151 3771; x_wconf 86' lang='lat' dir='ltr'><strong>enim</strong></span> <span class='ocrx_word' id='word_1_761' title='bbox 2178 3717 2332 3772; x_wconf 85' lang='lat' dir='ltr'><strong>erant</strong></span> <span class='ocrx_word' id='word_1_762' title='bbox 2360 3727 2505 3772; x_wconf 90' lang='lat' dir='ltr'><strong>utres</strong></span> <span class='ocrx_word' id='word_1_763' title='bbox 2543 3734 2680 3775; x_wconf 91' lang='lat' dir='ltr'><strong>novo</strong></span> <span class='ocrx_word' id='word_1_764' title='bbox 2728 3721 2871 3776; x_wconf 83' lang='lat' dir='ltr'><strong>vino.</strong></span> <span class='ocrx_word' id='word_1_765' title='bbox 2906 3702 3143 3777; x_wconf 63' lang='lat' dir='ltr'><strong>Audistis</strong></span> <span class='ocrx_word' id='word_1_766' title='bbox 3174 3738 3295 3779; x_wconf 91' lang='lat' dir='ltr'><strong>cum</strong></span> <span class='ocrx_word' id='word_1_767' title='bbox 3353 3702 3599 3797; x_wconf 79' lang='lat' dir='ltr'><strong>Evange-</strong></span> 
     </span>
    </p>
   </div>
   <div class='ocr_carea' id='block_1_99' title="bbox 2011 3805 3599 3875">
    <p class='ocr_par' dir='ltr' id='par_1_99' title="bbox 2011 3805 3599 3875">
     <span class='ocr_line' id='line_1_100' title="bbox 2011 3805 3599 3875; baseline 0.008 -16"><span class='ocrx_word' id='word_1_768' title='bbox 2011 3805 2137 3860; x_wconf 90' lang='lat' dir='ltr'><strong>lium</strong></span> <span class='ocrx_word' id='word_1_769' title='bbox 2161 3806 2445 3875; x_wconf 89' lang='lat' dir='ltr'><strong>legeretur,</strong></span> <span class='ocrx_word' id='word_1_770' title='bbox 2468 3807 2632 3863; x_wconf 86' lang='lat' dir='ltr'><strong>Nemo</strong></span> <span class='ocrx_word' id='word_1_771' title='bbox 2660 3809 2808 3863; x_wconf 87' lang='lat' dir='ltr'><strong>mittit</strong></span> <span class='ocrx_word' id='word_1_772' title='bbox 2833 3812 3003 3865; x_wconf 69' lang='lat' dir='ltr'><strong>uinum</strong></span> <span class='ocrx_word' id='word_1_773' title='bbox 3030 3820 3213 3867; x_wconf 75' lang='lat' dir='ltr'><strong>novum</strong></span> <span class='ocrx_word' id='word_1_774' title='bbox 3255 3813 3309 3868; x_wconf 84' lang='lat' dir='ltr'><strong>in</strong></span> <span class='ocrx_word' id='word_1_775' title='bbox 3337 3822 3475 3870; x_wconf 78' lang='lat' dir='ltr'><strong>utres</strong></span> <span class='ocrx_word' id='word_1_776' title='bbox 3516 3832 3599 3871; x_wconf 82' lang='lat' dir='ltr'><strong>ve-</strong></span> 
     </span>
    </p>
   </div>
   <div class='ocr_carea' id='block_1_100' title="bbox 2012 3895 3595 3974">
    <p class='ocr_par' dir='ltr' id='par_1_100' title="bbox 2012 3895 3595 3974">
     <span class='ocr_line' id='line_1_101' title="bbox 2012 3895 3595 3974; baseline 0.008 -24"><span class='ocrx_word' id='word_1_777' title='bbox 2012 3906 2137 3951; x_wconf 79' lang='lat' dir='ltr'><strong>teres</strong></span> <span class='ocrx_word' id='word_1_778' title='bbox 2158 3895 2374 3968; x_wconf 83' lang='lat' dir='ltr'><strong>(Matth.</strong></span> <span class='ocrx_word' id='word_1_779' title='bbox 2405 3898 2479 3963; x_wconf 80' lang='lat' dir='ltr'><strong>ix,</strong></span> <span class='ocrx_word' id='word_1_780' title='bbox 2505 3899 2592 3971; x_wconf 83' lang='lat' dir='ltr'><strong>l7)</strong></span> <span class='ocrx_word' id='word_1_781' title='bbox 2631 3901 2956 3971; x_wconf 89' lang='lat' dir='ltr'><strong>:spirit&#39;ualia</strong></span> <span class='ocrx_word' id='word_1_782' title='bbox 3008 3918 3113 3958; x_wconf 90' lang='lat' dir='ltr'><strong>non</strong></span> <span class='ocrx_word' id='word_1_783' title='bbox 3157 3905 3298 3974; x_wconf 77' lang='lat' dir='ltr'><strong>capit</strong></span> <span class='ocrx_word' id='word_1_784' title='bbox 3342 3906 3595 3964; x_wconf 77' lang='lat' dir='ltr'><strong>carnalis.</strong></span> 
     </span>
    </p>
   </div>
   <div class='ocr_carea' id='block_1_101' title="bbox 2009 3985 3601 4063">
    <p class='ocr_par' dir='ltr' id='par_1_101' title="bbox 2009 3985 3601 4063">
     <span class='ocr_line' id='line_1_102' title="bbox 2009 3985 3601 4063; baseline 0.006 -20"><span class='ocrx_word' id='word_1_785' title='bbox 2009 3985 2306 4044; x_wconf 88' lang='lat' dir='ltr'><strong>Carnalitas</strong></span> <span class='ocrx_word' id='word_1_786' title='bbox 2320 3996 2555 4046; x_wconf 74' lang='lat' dir='ltr'><strong>vetustas</strong></span> <span class='ocrx_word' id='word_1_787' title='bbox 2573 3994 2675 4058; x_wconf 88' lang='lat' dir='ltr'><strong>est,</strong></span> <span class='ocrx_word' id='word_1_788' title='bbox 2698 3993 2865 4063; x_wconf 85' lang='lat' dir='ltr'><strong>gratia</strong></span> <span class='ocrx_word' id='word_1_789' title='bbox 2891 3994 3099 4050; x_wconf 73' lang='lat' dir='ltr'><strong>novitas</strong></span> <span class='ocrx_word' id='word_1_790' title='bbox 3117 4003 3218 4050; x_wconf 89' lang='lat' dir='ltr'><strong>est.</strong></span> <span class='ocrx_word' id='word_1_791' title='bbox 3240 3994 3601 4063; x_wconf 84' lang='lat' dir='ltr'><strong>Quantocum-</strong></span> 
     </span>
    </p>
   </div>
   <div class='ocr_carea' id='block_1_102' title="bbox 2010 4082 3602 4159">
    <p class='ocr_par' dir='ltr' id='par_1_102' title="bbox 2010 4082 3602 4159">
     <span class='ocr_line' id='line_1_103' title="bbox 2010 4082 3602 4159; baseline 0.006 -23"><span class='ocrx_word' id='word_1_792' title='bbox 2010 4088 2115 4151; x_wconf 86' lang='lat' dir='ltr'><strong>que</strong></span> <span class='ocrx_word' id='word_1_793' title='bbox 2135 4082 2295 4137; x_wconf 86' lang='lat' dir='ltr'><strong>homo</strong></span> <span class='ocrx_word' id='word_1_794' title='bbox 2324 4082 2376 4136; x_wconf 93' lang='lat' dir='ltr'><strong>in</strong></span> <span class='ocrx_word' id='word_1_795' title='bbox 2429 4083 2619 4138; x_wconf 90' lang='lat' dir='ltr'><strong>melius</strong></span> <span class='ocrx_word' id='word_1_796' title='bbox 2644 4083 2801 4138; x_wconf 80' lang='lat' dir='ltr'><strong>fuerit</strong></span> <span class='ocrx_word' id='word_1_797' title='bbox 2848 4084 3150 4153; x_wconf 79' lang='lat' dir='ltr'><strong>innavatus,</strong></span> <span class='ocrx_word' id='word_1_798' title='bbox 3178 4094 3326 4143; x_wconf 89' lang='lat' dir='ltr'><strong>tanto</strong></span> <span class='ocrx_word' id='word_1_799' title='bbox 3370 4089 3602 4159; x_wconf 85' lang='lat' dir='ltr'><strong>amplius</strong></span> 
     </span>
    </p>
   </div>
   <div class='ocr_carea' id='block_1_103' title="bbox 2013 4173 3603 4246">
    <p class='ocr_par' dir='ltr' id='par_1_103' title="bbox 2013 4173 3603 4246">
     <span class='ocr_line' id='line_1_104' title="bbox 2013 4173 3603 4246; baseline 0.005 -19"><span class='ocrx_word' id='word_1_800' title='bbox 2013 4173 2174 4242; x_wconf 88' lang='lat' dir='ltr'><strong>capit,</strong></span> <span class='ocrx_word' id='word_1_801' title='bbox 2200 4174 2339 4243; x_wconf 91' lang='lat' dir='ltr'><strong>quod</strong></span> <span class='ocrx_word' id='word_1_802' title='bbox 2368 4180 2551 4230; x_wconf 78' lang='lat' dir='ltr'><strong>verum</strong></span> <span class='ocrx_word' id='word_1_803' title='bbox 2576 4176 2733 4246; x_wconf 89' lang='lat' dir='ltr'><strong>sapit.</strong></span> <span class='ocrx_word' id='word_1_804' title='bbox 2765 4176 3029 4231; x_wconf 87' lang='lat' dir='ltr'><strong>Bulliebat</strong></span> <span class='ocrx_word' id='word_1_805' title='bbox 3056 4187 3317 4245; x_wconf 89' lang='lat' dir='ltr'><strong>mustum,</strong></span> <span class='ocrx_word' id='word_1_806' title='bbox 3345 4187 3400 4234; x_wconf 90' lang='lat' dir='ltr'><strong>et</strong></span> <span class='ocrx_word' id='word_1_807' title='bbox 3424 4190 3603 4236; x_wconf 85' lang='lat' dir='ltr'><strong>musto</strong></span> 
     </span>
    </p>
   </div>
   <div class='ocr_carea' id='block_1_104' title="bbox 2012 4260 3148 4336">
    <p class='ocr_par' dir='ltr' id='par_1_104' title="bbox 2012 4260 3148 4336">
     <span class='ocr_line' id='line_1_105' title="bbox 2012 4260 3148 4336; baseline 0.003 -17"><span class='ocrx_word' id='word_1_808' title='bbox 2012 4262 2268 4320; x_wconf 89' lang='lat' dir='ltr'><strong>bulliente</strong></span> <span class='ocrx_word' id='word_1_809' title='bbox 2309 4264 2500 4336; x_wconf 78' lang='lat' dir='ltr'><strong>lingua:</strong></span> <span class='ocrx_word' id='word_1_810' title='bbox 2533 4266 2768 4336; x_wconf 89' lang='lat' dir='ltr'><strong>gentium</strong></span> <span class='ocrx_word' id='word_1_811' title='bbox 2797 4260 3148 4336; x_wconf 85' lang='lat' dir='ltr'><strong>proﬁuebant.</strong></span> 
     </span>
    </p>
   </div>
   <div class='ocr_carea' id='block_1_105' title="bbox 2083 4352 3597 4432">
    <p class='ocr_par' dir='ltr' id='par_1_105' title="bbox 2083 4352 3597 4432">
     <span class='ocr_line' id='line_1_106' title="bbox 2083 4352 3597 4432; baseline 0.001 -18"><span class='ocrx_word' id='word_1_812' title='bbox 2083 4352 2307 4416; x_wconf 85' lang='lat' dir='ltr'><strong>CAPUT</strong></span> <span class='ocrx_word' id='word_1_813' title='bbox 2332 4353 2507 4415; x_wconf 86' lang='lat' dir='ltr'><strong>Ili.—</strong></span> <span class='ocrx_word' id='word_1_814' title='bbox 2527 4360 2579 4414; x_wconf 78' lang='grc'><strong>5.</strong></span> <span class='ocrx_word' id='word_1_815' title='bbox 2611 4357 2713 4415; x_wconf 88' lang='lat' dir='ltr'><strong>Cur</strong></span> <span class='ocrx_word' id='word_1_816' title='bbox 2744 4359 2933 4413; x_wconf 86' lang='lat' dir='ltr'><strong>ddnum</strong></span> <span class='ocrx_word' id='word_1_817' title='bbox 2975 4360 3265 4432; x_wconf 80' lang='lat' dir='ltr'><strong>linguarum</strong></span> <span class='ocrx_word' id='word_1_818' title='bbox 3300 4377 3402 4416; x_wconf 85' lang='lat' dir='ltr'><strong>non</strong></span> <span class='ocrx_word' id='word_1_819' title='bbox 3444 4362 3597 4416; x_wconf 83' lang='lat' dir='ltr'><strong>modo</strong></span> 
     </span>
    </p>
   </div>
   <div class='ocr_carea' id='block_1_106' title="bbox 2012 4449 3602 4521">
    <p class='ocr_par' dir='ltr' id='par_1_106' title="bbox 2012 4449 3602 4521">
     <span class='ocr_line' id='line_1_107' title="bbox 2012 4449 3602 4521; baseline 0.001 -17"><span class='ocrx_word' id='word_1_820' title='bbox 2012 4450 2324 4505; x_wconf 85' lang='lat' dir='ltr'><strong>conceditur.</strong></span> <span class='ocrx_word' id='word_1_821' title='bbox 2354 4450 2618 4520; x_wconf 83' lang='lat' dir='ltr'><strong>Numquid</strong></span> <span class='ocrx_word' id='word_1_822' title='bbox 2650 4450 2831 4516; x_wconf 88' lang='lat' dir='ltr'><strong>modo,</strong></span> <span class='ocrx_word' id='word_1_823' title='bbox 2854 4449 3047 4505; x_wconf 88' lang='lat' dir='ltr'><strong>fratres</strong></span> <span class='ocrx_word' id='word_1_824' title='bbox 3067 4491 3081 4517; x_wconf 96' lang='lat'><strong>,</strong></span> <span class='ocrx_word' id='word_1_825' title='bbox 3106 4460 3215 4506; x_wconf 89' lang='lat' dir='ltr'><strong>non</strong></span> <span class='ocrx_word' id='word_1_826' title='bbox 3243 4450 3399 4506; x_wconf 88' lang='lat' dir='ltr'><strong>datur</strong></span> <span class='ocrx_word' id='word_1_827' title='bbox 3429 4450 3602 4521; x_wconf 86' lang='lat' dir='ltr'><strong>Spiri-</strong></span> 
     </span>
    </p>
   </div>
   <div class='ocr_carea' id='block_1_107' title="bbox 2014 4540 3601 4612">
    <p class='ocr_par' dir='ltr' id='par_1_107' title="bbox 2014 4540 3601 4612">
     <span class='ocr_line' id='line_1_108' title="bbox 2014 4540 3601 4612; baseline 0.003 -19"><span class='ocrx_word' id='word_1_828' title='bbox 2014 4548 2100 4594; x_wconf 90' lang='lat' dir='ltr'><strong>tns</strong></span> <span class='ocrx_word' id='word_1_829' title='bbox 2124 4541 2377 4595; x_wconf 88' lang='lat' dir='ltr'><strong>sanctus?</strong></span> <span class='ocrx_word' id='word_1_830' title='bbox 2405 4540 2654 4611; x_wconf 85' lang='lat' dir='ltr'><strong>Quisquis</strong></span> <span class='ocrx_word' id='word_1_831' title='bbox 2677 4540 2779 4595; x_wconf 87' lang='lat' dir='ltr'><strong>hoc</strong></span> <span class='ocrx_word' id='word_1_832' title='bbox 2804 4548 2974 4612; x_wconf 85' lang='lat' dir='ltr'><strong>putat,</strong></span> <span class='ocrx_word' id='word_1_833' title='bbox 3000 4555 3108 4596; x_wconf 91' lang='lat' dir='ltr'><strong>non</strong></span> <span class='ocrx_word' id='word_1_834' title='bbox 3148 4548 3234 4598; x_wconf 89' lang='lat' dir='ltr'><strong>est</strong></span> <span class='ocrx_word' id='word_1_835' title='bbox 3275 4540 3464 4612; x_wconf 87' lang='lat' dir='ltr'><strong>dignus</strong></span> <span class='ocrx_word' id='word_1_836' title='bbox 3509 4557 3601 4597; x_wconf 65' lang='lat' dir='ltr'><strong>ac~‘</strong></span> 
     </span>
    </p>
   </div>
   <div class='ocr_carea' id='block_1_108' title="bbox 2015 4632 3601 4703">
    <p class='ocr_par' dir='ltr' id='par_1_108' title="bbox 2015 4632 3601 4703">
     <span class='ocr_line' id='line_1_109' title="bbox 2015 4632 3601 4703; baseline 0.003 -18"><span class='ocrx_word' id='word_1_837' title='bbox 2015 4634 2218 4701; x_wconf 60' lang='lat' dir='ltr'><strong>ciperet</strong></span> <span class='ocrx_word' id='word_1_838' title='bbox 2249 4633 2412 4687; x_wconf 91' lang='lat' dir='ltr'><strong>Datur</strong></span> <span class='ocrx_word' id='word_1_839' title='bbox 2450 4632 2708 4687; x_wconf 86' lang='lat' dir='ltr'><strong>etmodo.</strong></span> <span class='ocrx_word' id='word_1_840' title='bbox 2763 4632 2940 4699; x_wconf 83' lang='lat' dir='ltr'><strong>Quare</strong></span> <span class='ocrx_word' id='word_1_841' title='bbox 2982 4644 3109 4703; x_wconf 80' lang='lat' dir='ltr'><strong>ergo</strong></span> <span class='ocrx_word' id='word_1_842' title='bbox 3159 4647 3317 4687; x_wconf 90' lang='lat' dir='ltr'><strong>nemo</strong></span> <span class='ocrx_word' id='word_1_843' title='bbox 3367 4633 3601 4703; x_wconf 83' lang='lat' dir='ltr'><strong>loquitur</strong></span> 
     </span>
    </p>
   </div>
   <div class='ocr_carea' id='block_1_109' title="bbox 2014 4712 3659 4805">
    <p class='ocr_par' dir='ltr' id='par_1_109' title="bbox 2014 4712 3659 4805">
     <span class='ocr_line' id='line_1_110' title="bbox 2014 4712 3659 4805; baseline -0.002 -27"><span class='ocrx_word' id='word_1_844' title='bbox 2014 4723 2207 4795; x_wconf 83' lang='lat' dir='ltr'><strong>linguis</strong></span> <span class='ocrx_word' id='word_1_845' title='bbox 2231 4724 2469 4779; x_wconf 89' lang='lat' dir='ltr'><strong>omnium</strong></span> <span class='ocrx_word' id='word_1_846' title='bbox 2519 4724 2753 4805; x_wconf 82' lang='lat' dir='ltr'><strong>gentium</strong></span> <span class='ocrx_word' id='word_1_847' title='bbox 2783 4766 2798 4790; x_wconf 89' lang='lat'><strong>,</strong></span> <span class='ocrx_word' id='word_1_848' title='bbox 2843 4724 2978 4778; x_wconf 87' lang='lat' dir='ltr'><strong>sicut</strong></span> <span class='ocrx_word' id='word_1_849' title='bbox 3012 4712 3324 4793; x_wconf 84' lang='lat' dir='ltr'><strong>loquebatur</strong></span> <span class='ocrx_word' id='word_1_850' title='bbox 3353 4724 3442 4793; x_wconf 92' lang='lat' dir='ltr'><strong>qui</strong></span> <span class='ocrx_word' id='word_1_851' title='bbox 3473 4730 3602 4781; x_wconf 84' lang='lat' dir='ltr'><strong>tunc</strong></span> <span class='ocrx_word' id='word_1_852' title='bbox 3651 4769 3659 4805; x_wconf 38' lang='grc' dir='ltr'>,Ι</span> 
     </span>
    </p>
   </div>
   <div class='ocr_carea' id='block_1_110' title="bbox 2015 4798 3601 4885">
    <p class='ocr_par' dir='ltr' id='par_1_110' title="bbox 2015 4798 3601 4885">
     <span class='ocr_line' id='line_1_111' title="bbox 2015 4798 3601 4885; baseline -0.001 -16"><span class='ocrx_word' id='word_1_853' title='bbox 2015 4814 2216 4884; x_wconf 87' lang='lat' dir='ltr'><strong>Spiritu</strong></span> <span class='ocrx_word' id='word_1_854' title='bbox 2241 4798 2804 4885; x_wconf 84' lang='lat' dir='ltr'><strong>sanctoimplebatur?</strong></span> <span class='ocrx_word' id='word_1_855' title='bbox 2845 4814 3056 4881; x_wconf 82' lang='lat' dir='ltr'><strong>Quare?</strong></span> <span class='ocrx_word' id='word_1_856' title='bbox 3100 4814 3233 4882; x_wconf 87' lang='lat' dir='ltr'><strong>Quia</strong></span> <span class='ocrx_word' id='word_1_857' title='bbox 3284 4812 3426 4883; x_wconf 89' lang='lat' dir='ltr'><strong>quod</strong></span> <span class='ocrx_word' id='word_1_858' title='bbox 3471 4814 3601 4869; x_wconf 90' lang='lat' dir='ltr'><strong>illud</strong></span> 
     </span>
    </p>
   </div>
   <div class='ocr_carea' id='block_1_111' title="bbox 2014 4900 3602 4976">
    <p class='ocr_par' dir='ltr' id='par_1_111' title="bbox 2014 4900 3602 4976">
     <span class='ocr_line' id='line_1_112' title="bbox 2014 4900 3602 4976; baseline 0.001 -16"><span class='ocrx_word' id='word_1_859' title='bbox 2014 4905 2378 4976; x_wconf 88' lang='lat' dir='ltr'><strong>signiﬁcabat,</strong></span> <span class='ocrx_word' id='word_1_860' title='bbox 2404 4900 2681 4976; x_wconf 86' lang='lat' dir='ltr'><strong>impletum</strong></span> <span class='ocrx_word' id='word_1_861' title='bbox 2723 4914 2825 4961; x_wconf 91' lang='lat' dir='ltr'><strong>est.</strong></span> <span class='ocrx_word' id='word_1_862' title='bbox 2875 4904 3009 4973; x_wconf 88' lang='lat' dir='ltr'><strong>Quid</strong></span> <span class='ocrx_word' id='word_1_863' title='bbox 3059 4914 3141 4959; x_wconf 89' lang='lat' dir='ltr'><strong>est</strong></span> <span class='ocrx_word' id='word_1_864' title='bbox 3174 4902 3338 4958; x_wconf 90' lang='lat' dir='ltr'><strong>illud?</strong></span> <span class='ocrx_word' id='word_1_865' title='bbox 3376 4903 3602 4973; x_wconf 83' lang='lat' dir='ltr'><strong>Quando</strong></span> 
     </span>
    </p>
   </div>
   <div class='ocr_carea' id='block_1_112' title="bbox 2015 4988 3603 5068">
    <p class='ocr_par' dir='ltr' id='par_1_112' title="bbox 2015 4988 3603 5068">
     <span class='ocr_line' id='line_1_113' title="bbox 2015 4988 3603 5068; baseline -0.001 -16"><span class='ocrx_word' id='word_1_866' title='bbox 2015 4998 2400 5053; x_wconf 90' lang='lat' dir='ltr'><strong>celebravimus</strong></span> <span class='ocrx_word' id='word_1_867' title='bbox 2433 4988 2906 5068; x_wconf 88' lang='lat' dir='ltr'><strong>Quadragesimam</strong></span> <span class='ocrx_word' id='word_1_868' title='bbox 2930 4998 2970 5064; x_wconf 73' lang='grc' dir='ltr'><strong>ί,</strong></span> <span class='ocrx_word' id='word_1_869' title='bbox 3012 4996 3263 5062; x_wconf 86' lang='lat' dir='ltr'><strong>recolite,</strong></span> <span class='ocrx_word' id='word_1_870' title='bbox 3299 4995 3420 5065; x_wconf 91' lang='lat' dir='ltr'><strong>quia</strong></span> <span class='ocrx_word' id='word_1_871' title='bbox 3454 5009 3603 5050; x_wconf 81' lang='lat' dir='ltr'><strong>com-</strong></span> 
     </span>
    </p>
   </div>
   <div class='ocr_carea' id='block_1_113' title="bbox 2014 5087 3595 5144">
    <p class='ocr_par' dir='ltr' id='par_1_113' title="bbox 2014 5087 3595 5144">
     <span class='ocr_line' id='line_1_114' title="bbox 2014 5087 3595 5144; baseline 0.001 -2"><span class='ocrx_word' id='word_1_872' title='bbox 2014 5087 2380 5143; x_wconf 74' lang='lat' dir='ltr'><strong>mandavimus</strong></span> <span class='ocrx_word' id='word_1_873' title='bbox 2407 5088 2558 5144; x_wconf 87' lang='lat' dir='ltr'><strong>vobis</strong></span> <span class='ocrx_word' id='word_1_874' title='bbox 2582 5089 2857 5142; x_wconf 90' lang='lat' dir='ltr'><strong>Dominum</strong></span> <span class='ocrx_word' id='word_1_875' title='bbox 2885 5087 3064 5142; x_wconf 86' lang='lat' dir='ltr'><strong>Jesnm</strong></span> <span class='ocrx_word' id='word_1_876' title='bbox 3105 5087 3374 5142; x_wconf 88' lang='lat' dir='ltr'><strong>Christum</strong></span> <span class='ocrx_word' id='word_1_877' title='bbox 3406 5087 3595 5143; x_wconf 81' lang='lat' dir='ltr'><strong>Eccle—</strong></span> 
     </span>
    </p>
   </div>
   <div class='ocr_carea' id='block_1_114' title="bbox 2015 5178 3601 5252">
    <p class='ocr_par' dir='ltr' id='par_1_114' title="bbox 2015 5178 3601 5252">
     <span class='ocr_line' id='line_1_115' title="bbox 2015 5178 3601 5252; baseline 0.001 -19"><span class='ocrx_word' id='word_1_878' title='bbox 2015 5180 2147 5234; x_wconf 90' lang='lat' dir='ltr'><strong>siam</strong></span> <span class='ocrx_word' id='word_1_879' title='bbox 2177 5196 2328 5237; x_wconf 87' lang='lat' dir='ltr'><strong>suam</strong></span> <span class='ocrx_word' id='word_1_880' title='bbox 2355 5181 2759 5237; x_wconf 86' lang='lat' dir='ltr'><strong>commendasse</strong></span> <span class='ocrx_word' id='word_1_881' title='bbox 2797 5190 2851 5234; x_wconf 89' lang='lat' dir='ltr'><strong>et</strong></span> <span class='ocrx_word' id='word_1_882' title='bbox 2898 5179 3203 5235; x_wconf 84' lang='lat' dir='ltr'><strong>ascendisse</strong></span> <span class='ocrx_word' id='word_1_883' title='bbox 3249 5178 3345 5252; x_wconf 75' lang='grc' dir='ltr'><strong>(τι).</strong></span> <span class='ocrx_word' id='word_1_884' title='bbox 3382 5181 3601 5248; x_wconf 64' lang='lat' dir='ltr'><strong>Quaere-</strong></span> 
     </span>
    </p>
   </div>
   <div class='ocr_carea' id='block_1_115' title="bbox 2014 5271 3673 5344">
    <p class='ocr_par' dir='ltr' id='par_1_115' title="bbox 2014 5271 3673 5344">
     <span class='ocr_line' id='line_1_116' title="bbox 2014 5271 3673 5344; baseline -0.001 -16"><span class='ocrx_word' id='word_1_885' title='bbox 2014 5274 2144 5328; x_wconf 87' lang='lat' dir='ltr'><strong>bant</strong></span> <span class='ocrx_word' id='word_1_886' title='bbox 2192 5273 2470 5344; x_wconf 91' lang='lat' dir='ltr'><strong>discipuli,</strong></span> <span class='ocrx_word' id='word_1_887' title='bbox 2527 5272 2749 5342; x_wconf 86' lang='lat' dir='ltr'><strong>Quando</strong></span> <span class='ocrx_word' id='word_1_888' title='bbox 2798 5271 2901 5327; x_wconf 87' lang='lat' dir='ltr'><strong>erit</strong></span> <span class='ocrx_word' id='word_1_889' title='bbox 2945 5272 3065 5327; x_wconf 89' lang='lat' dir='ltr'><strong>ﬁnis</strong></span> <span class='ocrx_word' id='word_1_890' title='bbox 3102 5272 3317 5327; x_wconf 65' lang='lat' dir='ltr'><strong>saeculi?</strong></span> <span class='ocrx_word' id='word_1_891' title='bbox 3367 5271 3434 5326; x_wconf 87' lang='lat' dir='ltr'><strong>Et</strong></span> <span class='ocrx_word' id='word_1_892' title='bbox 3470 5271 3600 5327; x_wconf 89' lang='lat' dir='ltr'><strong>ille:</strong></span> <span class='ocrx_word' id='word_1_893' title='bbox 3670 5298 3673 5299; x_wconf 52' lang='grc' dir='ltr'><em>ν</em></span> 
     </span>
    </p>
   </div>
   <div class='ocr_carea' id='block_1_116' title="bbox 2022 5362 3599 5433">
    <p class='ocr_par' dir='ltr' id='par_1_116' title="bbox 2022 5362 3599 5433">
     <span class='ocr_line' id='line_1_117' title="bbox 2022 5362 3599 5433; baseline 0.001 -18"><span class='ocrx_word' id='word_1_894' title='bbox 2022 5380 2041 5415; x_wconf 82' lang='grc' dir='ltr'><strong>ι</strong></span> <span class='ocrx_word' id='word_1_895' title='bbox 2077 5362 2193 5420; x_wconf 87' lang='grc' dir='ltr'>Νοιι</span> <span class='ocrx_word' id='word_1_896' title='bbox 2217 5371 2300 5419; x_wconf 90' lang='lat' dir='ltr'><strong>est</strong></span> <span class='ocrx_word' id='word_1_897' title='bbox 2322 5373 2555 5419; x_wconf 84' lang='lat' dir='ltr'><strong>vestrum</strong></span> <span class='ocrx_word' id='word_1_898' title='bbox 2586 5364 2724 5419; x_wconf 88' lang='lat' dir='ltr'><strong>scire</strong></span> <span class='ocrx_word' id='word_1_899' title='bbox 2747 5371 2984 5433; x_wconf 87' lang='lat' dir='ltr'><strong>tempora</strong></span> <span class='ocrx_word' id='word_1_900' title='bbox 3012 5363 3095 5418; x_wconf 78' lang='lat' dir='ltr'><strong>Vol</strong></span> <span class='ocrx_word' id='word_1_901' title='bbox 3146 5371 3413 5418; x_wconf 87' lang='lat' dir='ltr'><strong>momenta</strong></span> <span class='ocrx_word' id='word_1_902' title='bbox 3433 5404 3449 5429; x_wconf 94' lang='lat'><strong>,</strong></span> <span class='ocrx_word' id='word_1_903' title='bbox 3476 5378 3599 5433; x_wconf 67' lang='lat' dir='ltr'><strong>quae</strong></span> 
     </span>
    </p>
   </div>
   <div class='ocr_carea' id='block_1_117' title="bbox 2017 5452 3600 5525">
    <p class='ocr_par' dir='ltr' id='par_1_117' title="bbox 2017 5452 3600 5525">
     <span class='ocr_line' id='line_1_118' title="bbox 2017 5452 3600 5525; baseline 0.001 -17"><span class='ocrx_word' id='word_1_904' title='bbox 2017 5452 2172 5508; x_wconf 88' lang='lat' dir='ltr'><strong>Pater</strong></span> <span class='ocrx_word' id='word_1_905' title='bbox 2191 5455 2365 5523; x_wconf 90' lang='lat' dir='ltr'><strong>posuit</strong></span> <span class='ocrx_word' id='word_1_906' title='bbox 2411 5454 2463 5507; x_wconf 93' lang='lat' dir='ltr'><strong>in</strong></span> <span class='ocrx_word' id='word_1_907' title='bbox 2506 5468 2599 5508; x_wconf 86' lang='lat' dir='ltr'><strong>sua</strong></span> <span class='ocrx_word' id='word_1_908' title='bbox 2652 5459 2931 5523; x_wconf 89' lang='lat' dir='ltr'><strong>potestate.</strong></span> <span class='ocrx_word' id='word_1_909' title='bbox 2969 5472 2988 5506; x_wconf 84' lang='grc' dir='ltr'><strong>ι</strong></span> <span class='ocrx_word' id='word_1_910' title='bbox 3024 5453 3211 5509; x_wconf 84' lang='lat' dir='ltr'><strong>Adhuc</strong></span> <span class='ocrx_word' id='word_1_911' title='bbox 3257 5453 3600 5525; x_wconf 86' lang='lat' dir='ltr'><strong>promittebat</strong></span> 
     </span>
    </p>
   </div>
   <div class='ocr_carea' id='block_1_118' title="bbox 2018 5541 3596 5617">
    <p class='ocr_par' dir='ltr' id='par_1_118' title="bbox 2018 5541 3596 5617">
     <span class='ocr_line' id='line_1_119' title="bbox 2018 5541 3596 5617; baseline -0.001 -18"><span class='ocrx_word' id='word_1_912' title='bbox 2018 5545 2156 5616; x_wconf 90' lang='lat' dir='ltr'><strong>quod</strong></span> <span class='ocrx_word' id='word_1_913' title='bbox 2182 5545 2341 5599; x_wconf 88' lang='lat' dir='ltr'><strong>hodie</strong></span> <span class='ocrx_word' id='word_1_914' title='bbox 2376 5544 2662 5613; x_wconf 81' lang='lat' dir='ltr'><strong>complevit</strong></span> <span class='ocrx_word' id='word_1_915' title='bbox 2691 5560 2704 5597; x_wconf 88' lang='lat'><strong>:</strong></span> <span class='ocrx_word' id='word_1_916' title='bbox 2738 5562 2757 5597; x_wconf 78' lang='grc' dir='ltr'><strong>ι</strong></span> <span class='ocrx_word' id='word_1_917' title='bbox 2797 5544 3085 5617; x_wconf 87' lang='lat' dir='ltr'><strong>Accipietis</strong></span> <span class='ocrx_word' id='word_1_918' title='bbox 3125 5545 3371 5601; x_wconf 81' lang='lat' dir='ltr'><strong>virtutem</strong></span> <span class='ocrx_word' id='word_1_919' title='bbox 3421 5541 3596 5616; x_wconf 79' lang='lat' dir='ltr'><strong>Spiri-</strong></span> 
     </span>
    </p>
   </div>
   <div class='ocr_carea' id='block_1_119' title="bbox 2080 5665 2890 5733">
    <p class='ocr_par' dir='ltr' id='par_1_119' title="bbox 2080 5665 2890 5733">
     <span class='ocr_line' id='line_1_120' title="bbox 2080 5665 2890 5733; baseline 0.001 -15"><span class='ocrx_word' id='word_1_920' title='bbox 2080 5671 2274 5733; x_wconf 54' lang='lat' dir='ltr'><strong>{rorte,</strong></span> <span class='ocrx_word' id='word_1_921' title='bbox 2302 5667 2430 5719; x_wconf 82' lang='lat' dir='ltr'><strong>diem</strong></span> <span class='ocrx_word' id='word_1_922' title='bbox 2453 5665 2890 5733; x_wconf 63' lang='lat' dir='ltr'><strong>migrlragccinunn.</strong></span> 
     </span>
    </p>
   </div>
   <div class='ocr_carea' id='block_1_120' title="bbox 2081 5729 2612 5795">
    <p class='ocr_par' dir='ltr' id='par_1_120' title="bbox 2081 5729 2612 5795">
     <span class='ocr_line' id='line_1_121' title="bbox 2081 5729 2612 5795; baseline -0.002 -14"><span class='ocrx_word' id='word_1_923' title='bbox 2081 5731 2156 5795; x_wconf 82' lang='grc' dir='ltr'>(ιι)</span> <span class='ocrx_word' id='word_1_924' title='bbox 2188 5735 2237 5780; x_wconf 87' lang='grc' dir='ltr'><strong>ιιι</strong></span> <span class='ocrx_word' id='word_1_925' title='bbox 2255 5729 2482 5782; x_wconf 80' lang='lat' dir='ltr'><strong>sermone</strong></span> 
     </span>
    </p>
   </div>
  </div>
