4102 6326
542 377 675 436 1231

542 494 630 548 tus
649 488 816 547 sancti
845 483 1269 557 supervenie‘ntis
1305 481 1358 537 in
1389 494 1504 544 vos,
1534 488 1589 533 et
1642 476 1790 533 eritis
1816 474 1943 530 mihi
1969 484 2133 529 testes

546 584 600 639 in
627 579 941 643 Jerusalem,
970 575 1098 632 etin
1126 580 1232 629 tota
1256 568 1439 629 Judaea
1466 581 1520 627 et
1541 569 1783 626 Samaria
1803 610 1819 634 ,
1860 577 1911 623 et
1962 580 2131 636 usque

542 675 595 728 in
620 671 750 726 lines
779 679 936 725 terra:
994 686 1013 721 ι
1050 666 1197 741 (Art.
1236 681 1274 730 I,
1303 665 1355 730 7,
1386 664 1466 734 8).
1507 660 1744 717 Ecclesia
1789 668 1912 714 tunc
1942 659 1993 713 in
2024 673 2127 713 una

540 763 701 818 domo
729 772 864 823 erat,
895 759 1101 829 accepit
1127 757 1381 828 Spiritum
1404 764 1645 811 sanctum
1671 770 1684 808 :
1716 753 1771 807 in
1817 750 2123 806 hominibus

543 856 728 927 paucis
753 864 890 920 erat,
920 852 973 909 in
1002 852 1197 923 linguis
1250 850 1413 905 totius
1450 847 1596 903 orbis
1640 854 1775 903 erat.
1816 845 1956 900 Ecce
1983 842 2124 913 quod

541 946 904 1019 praetendebat
933 942 1114 1001 modo.
1134 942 1266 998 Nam
1291 940 1429 1012 quod
1446 938 1537 995 illa
1562 930 1799 995 Ecclesia
1822 951 1981 1009 parva
2016 935 2122 989 lin-

544 1040 665 1110 guis
705 1037 942 1095 omnium
987 1034 1224 1106 gentium
1282 1031 1618 1103 loquebatur,
1674 1028 1803 1100 quid
1853 1038 1968 1094 est,
2021 1025 2121 1081 nisi

535 1120 678 1201 quod
706 1128 942 1184 Ecclesia
968 1124 1068 1182 ista
1098 1138 1285 1196 magna
1314 1132 1345 1178 a
1371 1122 1500 1179 solis
1528 1130 1648 1176 ortu
1677 1130 1847 1189 usque
1874 1118 1940 1173 ad
1966 1132 2123 1173 occa-

536 1222 656 1278 sum
690 1220 882 1291 linguis
912 1218 1153 1274 omnium
1180 1216 1418 1289 “gentium
1446 1215 1710 1299 loquitur?
1745 1212 1899 1268 Modo
1930 1212 2121 1282 imple-

537 1323 624 1369 tur
651 1311 791 1383 quod
838 1318 967 1366 tunc
1021 1308 1448 1380 promittebatur.
1488 1304 1819 1371 Audivimus,
1854 1303 2135 1385 videmusr

540 1407 693 1471 Audi,
722 1398 1251 1475 ﬁlia,etvidc,(Psal.
1282 1414 1425 1465 xuv,
1455 1397 1902 1468 tl):ipsiregina’e
1918 1396 2119 1451 dictum

531 1505 636 1563 cst,
662 1494 817 1561 Audi,
856 1494 987 1564 ﬁlia,
1015 1501 1061 1546 et
1081 1493 1214 1556 vide;
1234 1490 1355 1546 audi
1377 1489 1718 1560 promissum,
1738 1490 1854 1545 vide
1879 1489 2117 1558 comple-

534 1598 667 1643 tum.
701 1586 814 1642 Non
842 1595 894 1641 te
918 1583 1109 1640 fefellit
1137 1584 1279 1638 Dens
1306 1588 1445 1647 tuus,
1480 1596 1583 1636 non
1608 1590 1658 1636 te
1683 1579 1865 1635 fefellit
1888 1595 2116 1651 Sponsus

529 1689 674 1743 tuus,
698 1693 803 1731 non
827 1686 879 1732 te
905 1666 1088 1731 fefellit
1112 1675 1201 1746 qui
1239 1689 1339 1731 suo
1373 1674 1632 1744 sanguine
1660 1682 1711 1729 te
1735 1673 1934 1728 dutavit
1964 1690 1977 1727 :
2009 1688 2116 1727 non

533 1779 587 1825 te
637 1768 823 1823 fefellit
853 1769 941 1839 qui
986 1766 1053 1823 tle
1100 1765 1239 1823 larda
1292 1762 1591 1837 pulchram,
1619 1764 1686 1819 de
1713 1757 1983 1819 immunda
2003 1765 2115 1818 vir-

529 1857 708 1930 ginem
738 1860 876 1914 fecit.
891 1859 970 1913 Tn
998 1854 1090 1913 tibi
1116 1857 1372 1929 promissa
1393 1871 1452 1913 es
1472 1873 1484 1911 :
1506 1856 1599 1913 sed
1620 1857 1879 1928 promissa
1907 1856 1957 1911 in
1982 1872 2114 1928 pau-

528 1950 623 2015 cis,
644 1950 856 2019 impleta
888 1949 939 2003 in
970 1949 1169 2005 multis.
1584 1948 1587 1955 '
2116 1942 2119 1949 ’

602 2040 831 2098 CAPUT
853 2039 1067 2095 ιν.-ι.
1092 2039 1317 2111 Spiritus
1337 2048 1559 2105 sanctus,
1575 2048 1809 2107 tanquam
1821 2038 1989 2092 anima
2001 2055 2116 2092 cor-

528 2134 667 2203 poris
698 2131 961 2198 Ecclesite,
992 2141 1135 2186 extra
1161 2148 1271 2185 eam
1296 2146 1396 2185 non
1421 2130 1652 2185 habetur.
1679 2130 1849 2185 Nemo
1876 2145 2003 2202 ergo
2032 2122 2113 2185 (li-

526 2234 613 2282 cat
640 2243 653 2280 :
684 2224 877 2294 Accepi
904 2223 1156 2295 Spiritum
1184 2230 1423 2278 sanctum
1442 2222 1648 2293 {quare
1676 2237 1779 2276 non
1804 2219 1993 2291 loquor
2012 2221 2112 2275 lin-

524 2318 645 2390 guis
684 2318 925 2372 omnium
967 2318 1201 2388 gentium
1230 2316 1256 2370 Ἰ
1301 2315 1358 2371 Si
1400 2315 1564 2370 vultis
1613 2314 1810 2370 habere
1853 2313 2109 2384 Spiritum

524 2418 799 2475 sanctum,
828 2406 1117 2474 intendite,
1147 2405 1337 2462 fratres
1363 2404 1466 2461 mei
1494 2424 1505 2459 :
1529 2406 1744 2476 spiritus
1784 2413 1968 2461 noster
2007 2422 2112 2475 quo

525 2500 656 2556 vivit
680 2501 853 2555 omnis
877 2500 1058 2565 homo,
1081 2499 1257 2555 anima
1284 2503 1533 2565 vocatur;
1559 2499 1775 2569 spiritus
1804 2510 1984 2554 noster
2005 2514 2112 2569 quo

524 2590 656 2644 vivit
696 2591 934 2659 singulus
976 2592 1205 2662 quiSque
1250 2590 1431 2657 homo,
1460 2584 1636 2646 anima
1666 2600 1927 2646 vocatur:
1955 2601 2008 2646 et
2034 2591 2112 2645 vi-

524 2680 666 2735 detis
700 2679 824 2752 quid
868 2680 1025 2736 faciat
1065 2682 1239 2735 anima
1282 2681 1334 2735 in
1378 2688 1622 2752 corpore.
1654 2673 1842 2736 Omnia
1874 2682 2109 2736 membra

528 2781 773 2842 vegetat;
800 2788 894 2842 per
916 2772 1100 2827 oculos
1129 2772 1292 2839 videt,
1326 2786 1422 2845 per
1444 2786 1601 2828 aures
1630 2772 1797 2839 audit,
1829 2786 1924 2842 per
1952 2786 2110 2827 nares

526 2866 725 2929 olfacit,
751 2882 846 2937 per
866 2866 1097 2938 linguam
1120 2867 1374 2936 loquitur,
1390 2882 1483 2938 per
1504 2880 1691 2922 manus
1719 2877 1989 2937 operatur,
2016 2878 2109 2937 per

527 2956 693 3028 pedes
726 2958 963 3013 ambulat
990 2974 1003 3011 :
1037 2958 1285 3014 omnibus
1301 2959 1454 3013 simul
1475 2956 1627 3015 adest
1648 2952 1920 3027 membris,
1940 2969 1996 3014 ut
2026 2960 2105 3013 vi:

526 3058 689 3116 vant;
720 3049 881 3103 vitam
909 3048 1001 3104 dat
1043 3050 1324 3117 omnibus,
1351 3050 1522 3105 officia
1552 3047 1792 3123 singulis.
1822 3043 1938 3106 Non
1963 3051 2112 3107 audit

526 3139 737 3207 oculus,
767 3155 872 3195 non
898 3141 1043 3195 videt
1066 3142 1230 3207 auris,
1251 3157 1354 3197 non
1372 3141 1516 3197 videt
1544 3141 1738 3212 lingua,
1754 3158 1853 3199 nec
1880 3134 2111 3214 loquitur

524 3231 670 3286 auris
682 3239 735 3287 et
754 3231 968 3297 oculus;
988 3231 1082 3287 sed
1098 3240 1271 3287 tamen
1294 3231 1420 3287 vivit
1435 3251 1447 3286 :
1462 3232 1590 3288 vivit
1602 3232 1745 3289 auris
1760 3233 1887 3289 vivit
1900 3231 2109 3305 lingua;

527 3316 703 3377 officia
729 3321 938 3378 diversa
968 3333 1094 3380 sunt
1115 3366 1130 3390 ,
1160 3323 1266 3379 vita
1290 3324 1606 3380 communis.
1642 3324 1729 3381 Sic
1762 3336 1843 3381 est
1869 3318 2105 3382 Ecclesia

526 3407 623 3463 Dei
651 3426 664 3463 :
693 3409 745 3463 in
790 3409 908 3465 aliis
955 3411 1156 3465 sanctis
1203 3410 1332 3465 facit
1370 3410 1655 3477 miracula,
1686 3411 1740 3466 in
1768 3411 1887 3467 aliis
1911 3412 2106 3469 sanctis

525 3498 762 3573 loquitur
787 3504 1089 3569 veritatem,
1122 3503 1175 3558 in
1206 3503 1324 3558 aliis
1350 3503 1548 3559 sanctis
1577 3504 1808 3560 custodit
1833 3505 2104 3575 virginita-

525 3600 632 3648 tem
655 3634 670 3658 ,
701 3593 754 3649 in
781 3593 899 3649 aliis
928 3596 1126 3649 sanctis
1150 3594 1379 3650 custodit
1407 3594 1709 3666 pudicitiam
1738 3596 2067 3667 conjugalem
2086 3638 2103 3667 ,

523 3683 577 3739 in
607 3684 725 3740 aliis
756 3685 877 3751 huc,
913 3686 964 3741 in
996 3682 1113 3741 aliis
1142 3684 1269 3741 illud
1294 3706 1306 3741 :
1332 3686 1523 3757 singuli
1553 3670 1762 3758 propria
1793 3699 2102 3759 operantur,

523 3774 620 3832 sed
645 3777 851 3849 pariter.
866 3778 1066 3833 vivunt.
1092 3776 1242 3847 Quod
1268 3789 1446 3834 antem
1473 3787 1555 3834 est
1574 3780 1746 3833 anima
1770 3780 1978 3849 corpori
2005 3774 2105 3835 hoJ

523 3868 703 3935 minis,
732 3868 832 3924 hoc
856 3876 938 3924 est
963 3869 1194 3939 Spiritus
1219 3879 1434 3925 sanctus
1462 3873 1673 3942 corpori
1700 3870 1932 3937 Christi,
1961 3869 2104 3942 quod

482 4004 486 4008 .
521 3969 604 4015 est
636 3958 874 4015 Ecclesia
901 3977 916 4015 :
943 3959 1044 4017 hoc
1071 3962 1179 4032 agit
1206 3960 1436 4032 Spiritus
1463 3950 1676 4018 sanctus
1703 3962 1754 4016 ln
1787 3972 1892 4017 leta
1924 3963 2102 4017 Ecclel

519 4049 619 4115 ‘sia,
646 4050 787 4120 quod
815 4052 920 4122 agit
948 4053 1121 4107 anima
1153 4052 1204 4107 in
1231 4054 1476 4109 omnibus
1518 4050 1772 4109 membris
1797 4053 1953 4107 anius
1982 4069 2077 4108 cor

520 4142 682 4211 poris.
717 4142 824 4198 Sed
851 4143 1026 4198 videte
1055 4144 1179 4214 quid
1204 4145 1463 4210 caveatis,
1491 4144 1665 4201 videte
1694 4146 1819 4215 quid
1844 4145 2098 4200 observe-

519 4222 840 4297 tis,vidcte'
882 4232 1006 4302 quid
1065 4234 1312 4289 timentis.
1362 4235 1632 4307 Contingit
1673 4245 1730 4290 ut
1777 4237 1829 4290 in
1874 4245 2098 4313 corpore

518 4322 782 4388 humano,
809 4324 916 4379 imo
943 4323 1008 4380 de
1038 4340 1261 4396 corpore
1301 4325 1521 4401 aliquod
1565 4322 1884 4399 praecidatur
1926 4344 2096 4383 mem-

516 4412 695 4480 brum,
719 4429 927 4483 manus,
956 4415 1170 4487 digitus,
1188 4428 1316 4499 pes;
1343 4404 1594 4499 numquid
1616 4420 1893 4489 praecisum
1924 4420 2073 4490 sequi

515 4512 604 4560 tur
628 4506 845 4562 anima?
872 4507 1002 4563 Cum
1033 4509 1083 4563 in
1108 4486 1518 4587 corpereiesset,
1549 4510 1790 4576 vivebat;
1821 4511 2097 4581 praecisum

515 4592 712 4653 amittit
740 4597 921 4654 vitam.
950 4599 1038 4656 Sic
1059 4588 1111 4655 et
1141 4586 1305 4657 ho‘rnd
1319 4586 1637 4657 Christianus
1658 4602 1952 4658 catholicus
1980 4609 2061 4656 est
2079 4643 2095 4669 ,

514 4676 641 4743 dum
670 4689 722 4744 in
751 4684 976 4761 corpore
1004 4668 1448 4761 vivitapraécisus
1482 4682 1762 4747 haereticus
1790 4691 1959 4746 factus
1982 4668 2094 4757 est,

514 4781 811 4836 membrum
853 4792 1179 4854 amputatum
1209 4770 1591 4852 non‘sequitur‘:
1617 4782 1853 4852 spiritus.
1885 4782 1942 4836 Si
1968 4796 2097 4852 ergo

514 4870 677 4925 vultis
722 4871 903 4928 vivere
943 4873 1010 4927 de
1050 4859 1250 4943 Spiritu
1288 4883 1503 4938 sancto,
1536 4880 1711 4927 tenete
1739 4872 2051 4927 charitatem
2076 4914 2093 4941 ,

513 4970 689 5017 amate
717 4962 1012 5029 veritatem,
1042 4963 1340 5020 desiderate
1364 4953 1655 5030 unitatem,
1679 4972 1738 5020 ut
1773 4965 2099 5035 perveniatis

513 5051 580 5107 ad
606 5054 975 5109 aeternitatem.
1003 5044 1194 5110 Anien.

935 5146 1164 5248 suane
1200 5190 1494 5249 CCLXVIII
1527 5196 1539 5217 -
1571 5193 1668 5268 (a).

940 5326 990 5369 tn
1021 5320 1102 5372 die
1134 5329 1470 5387 Peutecostes,
1501 5339 1538 5375 ιι
1570 5323 1662 5389 (b).

583 5426 637 5481 1.
680 5426 905 5499 Spiritus
941 5438 1143 5523 sanctus
1172 5433 1305 5488 dono
1331 5434 1619 5509 linguarum
1647 5439 1888 5495 unitatem
1922 5437 2093 5498 Eccle-

511 5519 602 5574 sire
623 5520 885 5576 catholicae
911 5519 1243 5595 commendat.
1288 5523 1513 5599 Propter
1553 5527 1838 5588 adventum
1866 5532 2094 5606 Spiritus

574 5654 865 5718 ﬁget-rectus
893 5657 952 5706 ad
979 5655 1042 5708 cl.
1067 5658 1117 5708 d.
1142 5672 1184 5708 r.
1212 5668 1247 5710 t.
1267 5668 1366 5712 vat.
1391 5677 1440 5714 v.
1468 5671 1521 5715 et
1540 5665 1599 5714 ad
1630 5668 1767 5718 sirm.

573 5713 647 5772 ta)
681 5714 820 5771 Alias.
849 5731 912 5767 ex
938 5720 1274 5771 sirmoudianis
1293 5723 1370 5772 20.

571 5775 644 5827 (ω
675 5784 707 5823 Α
731 5778 856 5827 Beda
880 5787 931 5830 et
952 5781 1088 5831 Floro
1109 5786 1282 5834 citatur
1305 5787 1363 5834 ad
1387 5786 1555 5836 Hebes.
1582 5800 1646 5839 tv.

1756 362 1813 449 εἰ
1839 353 2201 416 ACGlT-STINI
2244 355 2542 417 EPlSCOPl

3679 367 3818 424 1232

2242 474 2409 527 sancti
2442 472 2730 532 hodiernus
2759 476 2872 532 dies
2901 477 3156 534 solemnis
3190 488 3273 533 est
3308 479 3481 545 nobis,
3502 494 3814 538 aresurre-

2234 570 2409 621 ctione
2440 560 2648 623 Domini
2688 569 3195 640 quinquagesimns,
3241 579 3447 641 septem
3497 571 3811 640 septimanis

2234 657 2628 728 multiplicatus.
2655 657 2763 715 Sed
2803 669 3171 730 computantes
3210 670 3415 730 septem
3460 663 3808 731 septimanas,

2230 747 2572 820 quadraginta
2598 765 2790 807 novem
2816 752 3131 808 invenietis':
3160 768 3295 807 unus
3318 752 3550 818 additur,
3573 762 3633 808 ut
3652 754 3809 808 nobis

2229 844 2403 897 unitas
2426 846 2844 900 commendetur.
2863 845 2999 915 Quid
3022 841 3409 916 ipse'adventus
3435 845 3664 914 Spiritus
3684 860 3811 901 san-

2227 934 2296 988 cti
2320 975 2333 997 ,
2365 933 2489 1003 quid
2515 935 2660 1005 egit?
2700 935 3043 991 Pursentiam
3078 948 3231 992 suam
3257 937 3397 993 unde
3429 937 3647 993 docuit?
3666 936 3811 993 unde

2225 1028 2582 1094 menstravit?
2625 1027 2844 1099 Linguis
2890 1031 3126 1083 omnium
3174 1030 3409 1100 gentium
3463 1029 3631 1084 locuti
3678 1039 3810 1085 sunt

2224 1134 2434 1175 omnes.
2480 1119 2645 1174 Erant
2670 1131 2845 1175 autem
2875 1121 2927 1174 in
2950 1136 3054 1175 uno
3080 1120 3197 1176 loco
3220 1128 3437 1176 centum
3464 1119 3645 1192 viginti
3670 1136 3684 1173 :
3710 1135 3809 1189 per

2222 1210 2406 1267 decem
2448 1211 2803 1267 duodenarius
2867 1213 3245 1282 Apostolorum
3287 1227 3540 1267 numerus
3564 1219 3810 1267 sacratus

2224 1304 2478 1375 mysterio
2502 1314 2585 1358 est
2612 1303 2946 1373 decuplatus.
2976 1302 3112 1372 Quid
3155 1318 3303 1373 ergo,
3335 1303 3524 1373 singuli
3572 1304 3625 1357 in
3669 1316 3809 1372 quos

2220 1396 2366 1451 venit
2388 1396 2619 1465 Spiritus
2643 1404 2860 1451 sanctus
2879 1437 2892 1458 ,
2919 1396 3140 1467 singulis
3169 1388 3361 1465 linguis
3399 1394 3636 1449 omnium
3664 1408 3801 1462 gen-

2222 1490 2351 1542 tium
2378 1495 2502 1541 sunt
2530 1486 2721 1553 locuti,
2747 1487 2819 1542 illi
2855 1487 2956 1541 alia
2987 1487 3194 1557 lingua,
3223 1497 3277 1541 et
3299 1486 3373 1540 illi
3397 1486 3498 1540 alia
3517 1526 3532 1549 ,
3559 1496 3613 1540 et
3650 1484 3804 1554 ψωεί

2218 1576 2513 1634 diviserunt
2536 1578 2675 1633 inter
2692 1592 2752 1634 se
2772 1578 2974 1648 linguas
2996 1577 3231 1632 omnium
3256 1576 3526 1648 gentium?
3547 1576 3661 1630 Non
3683 1576 3802 1630 sic:

2219 1670 2314 1725 sed
2364 1671 2726 1741 unusquisiiue
2774 1670 2955 1737 homo,
2981 1684 3115 1725 unus
3145 1669 3307 1725 homo
3331 1669 3526 1740 linguis
3559 1669 3803 1723 onmium

2218 1763 2451 1834 gentium
2481 1764 2812 1834 loquebatur.
2844 1763 3183 1833 Loquebatur
3221 1777 3358 1817 unus
3397 1762 3560 1816 homo
3607 1761 3806 1829 linguis

2217 1858 2455 1911 Omnium
2482 1857 2716 1927 gentium
2747 1873 2761 1910 :
2793 1856 2967 1911 unitas
2994 1855 3249 1910 Ecclesiae
3269 1855 3325 1908 in
3349 1853 3539 1924 linguis
3557 1853 3803 1909 omnium

2216 1948 2471 2015 gentium.
2498 1947 2633 2002 Ecce
2658 1955 2711 2002 et
2741 1946 2826 2001 hic
2857 1951 3029 2001 unitas
3063 1944 3321 2001 Ecclesiae
3347 1944 3625 2000 catholicas
3648 1959 3807 1997 coma

2216 2039 2500 2094 mendatur
2527 2048 2641 2094 toto
2664 2040 2793 2095 orbe
2818 2039 3044 2095 diffusae.

2284 2126 2339 2185 2.
2383 2130 2610 2201 Spiritus
2654 2120 2858 2186 sanctus
2906 2141 3051 2187 extra
3096 2130 3373 2186 Ecclesium
3418 2147 3521 2185 non
3566 2130 3801 2184 habetur.

2215 2208 2315 2291 Qui
2357 2236 2483 2292 ergo
2524 2219 2686 2277 habet
2726 2222 2979 2293 Spiritum
3005 2225 3310 2288 sanetum",
3341 2222 3390 2276 iu
3412 2222 3650 2277 Ecclesia
3679 2231 3765 2276 est
3787 2252 3804 2284 δ

2215 2330 2333 2385 quae
2354 2314 2586 2385 loquitur
2602 2316 2837 2369 omnium
2859 2315 3068 2386 linguis.
3091 2315 3426 2386 Quicumque
3449 2324 3642 2385 praeter
3661 2313 3804 2368 hanc

2215 2402 2508 2462 Ecclesiam
2552 2416 2663 2476 est,
2708 2423 2813 2463 non
2854 2407 3014 2463 habet
3059 2408 3311 2479 Spiritum
3360 2416 3624 2463 sanctum.
3673 2407 3806 2462 Ideo

2213 2498 2355 2554 enim
2385 2497 2614 2568 Spiritus
2641 2504 2854 2554 sanctus
2884 2499 2937 2554 in
2964 2500 3200 2554 omnium
3230 2499 3425 2570 linguis
3456 2499 3694 2570 gentium
3742 2508 3804 2553 se

2216 2589 2585 2646 demonstrare
2609 2591 2852 2661 dignatus
2880 2599 2991 2657 est,
3020 2600 3074 2646 ut
3110 2591 3197 2646 ille
3224 2606 3286 2646 se
3312 2591 3568 2660 intelligat
3593 2589 3800 2647 habere

2215 2678 2463 2751 Spiritum
2486 2690 2747 2747 sanctum,
2776 2682 2865 2752 qui
2896 2682 2948 2736 in
2969 2682 3169 2737 unitate
3193 2682 3447 2736 Ecclesiae
3468 2683 3795 2744 continetur,

2216 2784 2333 2845 quae
2360 2773 2552 2843 linguis
2593 2774 2839 2830 omnibus
2880 2774 3133 2845 loquitur.
3166 2774 3336 2845 Unam:
3364 2790 3569 2844 corpus,
3597 2772 3801 2828 Paulus

2214 2866 2342 2923 dicit
2369 2869 2654 2939 Apostolus
2681 2889 2696 2924 :
2725 2886 2880 2924 unum
2905 2886 3113 2940 corpus,
3137 2878 3182 2924 et
3202 2880 3332 2925 unus
3350 2869 3556 2939 spiritus
3574 2866 3797 2938 (Ephes.

2214 2972 2287 3027 Iv,
2318 2959 2399 3033 4).
2428 2957 2660 3015 Membra
2683 2970 2864 3016 nostra
2891 2961 3167 3017 attendite.
3193 2961 3370 3018 Multis
3395 2960 3651 3016 membris
3673 2973 3802 3014 con-

2212 3050 2455 3107 stitutum
2483 3061 2567 3107 est
2603 3064 2826 3123 corpus,
2852 3061 2907 3109 et
2931 3060 3139 3125 vegetat
3185 3052 3422 3108 membra
3449 3051 3627 3106 omnia
3656 3059 3796 3104 unus

2212 3142 2448 3211 spiritus.
2479 3142 2879 3199 Ecce‘humano
2908 3145 3117 3214 spiritu,
3146 3152 3253 3214 quo
3279 3157 3394 3199 sum
3422 3158 3522 3212 ego
3548 3142 3662 3212 ipse
3690 3141 3793 3194 ho-

2184 3228 2339 3301 'mo,
2388 3235 2628 3291 membra
2678 3237 2855 3291 omnia
2903 3237 3144 3308 colligo:
3189 3237 3392 3306 impero
3434 3234 3688 3290 membris
3738 3242 3798 3289 ut

2211 3335 2546 3395 moveantur,
2596 3327 2816 3383 intendo
2858 3329 3045 3383 oculos
3081 3328 3148 3383 ad
3188 3327 3511 3395 videndum,
3540 3341 3699 3381 aures
3727 3320 3794 3379 ad

2210 3419 2555 3485 audiendum,
2590 3420 2823 3491 linguam
2849 3419 2914 3475 ad
2944 3418 3298 3489 loquendum,
3328 3434 3518 3473 manus
3560 3418 3627 3473 ad
3662 3432 3798 3488 ope-

2209 3512 2465 3579 randam,
2494 3512 2657 3583 pedes
2682 3513 2747 3568 ad
2777 3513 3174 3568 ambulandum.
3201 3511 3384 3569 Officia
3429 3513 3792 3567 membrorum

2208 3606 2482 3675 dispertita
2498 3614 2641 3673 sunt,
2656 3605 2748 3661 sed
2763 3621 2896 3660 unus
2911 3606 3126 3677 spiritus
3139 3607 3162 3637 ’
3175 3604 3618 3659 continetomnia.
3634 3602 3791 3656 Multa

2203 3700 2478 3771 jubentur,
2512 3700 2672 3755 multa
2692 3700 2861 3755 fiunt:
2893 3714 3027 3753 unus
3044 3699 3213 3769 jubet,
3251 3698 3341 3753 uni
3364 3698 3611 3752 servitur.
3639 3694 3792 3763 Quod

2208 3803 2292 3850 est
2334 3792 2550 3864 spiritus
2576 3786 2780 3857 noster,
2805 3790 2855 3847 id
2886 3800 2969 3848 est
2996 3792 3169 3846 anima
3210 3800 3411 3856 nostra,
3440 3789 3507 3844 ad
3549 3788 3790 3843 membra

2207 3896 2418 3953 nostra;
2450 3880 2551 3941 hoc
2584 3886 2811 3957 Spiritus
2837 3895 3051 3940 sanctus
3089 3878 3156 3940 ad
3196 3885 3429 3939 membra
3457 3880 3691 3945 Christi,
3726 3877 3792 3934 ad

2206 3994 2400 4049 corpus
2428 3976 2665 4043 Christi,
2696 3976 2838 4049 quod
2883 3962 2967 4035 est
3011 3970 3271 4031 Ecclesia.
3307 3975 3430 4028 ldeo
3457 3971 3744 4043 Apostolus
3772 4012 3787 4035 ,

2205 4084 2325 4126 cum
2355 4085 2546 4141 corpus
2568 4085 2727 4124 unum
2752 4069 3097 4134 nominasset,
3118 4082 3183 4122 ne
3205 4052 3619 4137 inteiligeremus
3646 4076 3791 4115 mor-

2208 4170 2351 4216 tuum
2378 4175 2570 4231 corpus
2594 4178 2606 4213 :
2637 4156 2826 4227 Unum,
2857 4159 3046 4229 inquit,
3068 4175 3269 4229 corpus.
3294 4157 3395 4213 Sed
3418 4169 3548 4226 rogo
3569 4164 3641 4217 te,
3661 4148 3792 4207 vivit

2205 4250 2307 4308 hoc
2345 4252 2580 4322 corpus?
2603 4251 2761 4307 Vivit.
2807 4242 2999 4307 Unde?
3042 4250 3114 4305 De
3151 4263 3260 4304 uno
3301 4249 3509 4317 spiritu.
3555 4246 3618 4300 Et
3657 4261 3791 4299 unus

2202 4340 2429 4417 spiritus.
2460 4339 2729 4400 Attendite
2758 4358 2907 4415 ergo,
2940 4340 3150 4409 fratres,
3175 4339 3225 4397 in
3250 4346 3432 4397 nostro
3455 4352 3704 4409 corpore,
3735 4347 3787 4392 et

2203 4435 2381 4492 dolete
2417 4451 2507 4491 eos
2536 4436 2623 4506 qui
2653 4431 2720 4491 de
2758 4434 2989 4490 Ecclesia
3024 4428 3399 4505 praecidantur.
3444 4429 3497 4486 in
3528 4430 3787 4486 membris

2203 4525 2420 4592 nostris,
2446 4520 2696 4598 quamdiu
2728 4527 2980 4594 vivimus,
3004 4541 3122 4581 cum
3165 4525 3279 4580 sani
3318 4539 3531 4588 sumus,
3561 4524 3787 4593 implent

2202 4619 2379 4673 omnia
2408 4618 2646 4673 membra
2675 4617 2848 4673 ofﬁcia
2878 4633 2993 4673 sua.
3025 4618 3081 4673 Si
3119 4632 3279 4671 unum
3312 4615 3609 4670 membrum
3640 4612 3787 4667 dolet

2201 4712 2470 4774 alieutnlc,
2502 4713 2898 4782 compatiuntur
2920 4711 3099 4766 Omnia
3138 4710 3395 4765 membra.
3431 4708 3633 4762 Tamen
3658 4705 3781 4776 quia

2202 4802 2255 4858 in
2285 4817 2511 4872 corpore
2528 4872 2533 4877 ο
2550 4811 2665 4869 est,
2692 4802 2877 4858 dolere
2910 4810 3123 4873 potest,
3153 4799 3425 4870 exspirare
3449 4814 3554 4852 non
3582 4802 3779 4865 potest.

2200 4894 2336 4964 Quid
2362 4903 2444 4950 est
2471 4894 2612 4949 enim
2642 4894 2931 4964 exspirare,
2958 4893 3057 4967 nisi
3079 4892 3323 4964 spiritum
3352 4890 3636 4945 amittere?
3663 4887 3780 4943 Jam

2200 5002 2329 5043 vero
2358 4987 2403 5041 si
2447 4986 2742 5040 membrum
2772 4983 3089 5055 praecidatur
3122 4982 3191 5038 de
3227 4990 3480 5051 corpore,
3526 4977 3779 5047 numquid

2201 5076 2439 5151 Sequitur
2483 5074 2750 5146 spiritus?
2797 5075 2865 5129 Et
2914 5082 3088 5129 tamen
3133 5071 3429 5128 membrum
3472 5068 3780 5141 agnoscitur

2200 5171 2327 5241 quid
2354 5180 2464 5235 est;
2493 5169 2690 5239 digitus
2718 5176 2819 5231 est,
2852 5182 3040 5222 manus
3064 5174 3166 5232 est,
3196 5163 3470 5219 brachium
3501 5169 3603 5226 est,
3633 5159 3778 5215 auris

2200 5268 2283 5315 est
2298 5278 2310 5312 :
2332 5270 2524 5330 praeter
2539 5273 2730 5330 corpus
2744 5258 2901 5312 habet
2915 5257 3157 5319 formam,
3172 5254 3265 5311 sed
3280 5269 3387 5309 non
3410 5252 3571 5308 habet
3595 5251 3775 5305 vitam.

2200 5349 2290 5407 Sic
2332 5362 2386 5406 et
2427 5349 2587 5406 homo
2632 5350 2701 5404 ab
2748 5348 2982 5403 Ecclesia
3013 5355 3311 5417 separatus.
3335 5343 3541 5411 Quaeris
3590 5342 3646 5397 tb
3690 5340 3780 5395 illo

2200 5454 2628 5508 sacramentum,
2655 5443 2859 5497 invenis
2883 5461 2896 5496 :
2920 5441 3113 5512 quaeris
3141 5439 3466 5510 Baptismum
3485 5478 3503 5505 ,
3531 5435 3738 5491 iuvenis
3768 5452 3782 5491 :

2199 5538 2396 5607 quaeris
2438 5536 2772 5607 symbolum,
2799 5533 3025 5588 invenis.
3068 5530 3259 5587 Forma
3305 5539 3392 5585 est
3427 5546 3443 5583 :
3488 5527 3591 5583 nisi
3638 5527 3781 5581 intus

2264 5676 2280 5708 ι
2306 5682 2402 5724 Hoc
2426 5681 2477 5723 et
2498 5673 2592 5722 alio
2614 5672 2821 5736 quodam
2844 5671 2964 5736 intra
2984 5670 3087 5721 loco
3112 5671 3261 5723 verba
3278 5683 3306 5722 a
3322 5668 3570 5722 sumendo
3585 5677 3768 5733 prater

2200 5739 2343 5790 missa
2364 5736 2576 5786 restituit
2600 5734 2754 5783 codex
2782 5734 3046 5783 Vaticanus.

2264 5803 2283 5832 ²
2310 5809 2358 5851 ιιι
2376 5809 2502 5852 \tss..
2523 5800 2609 5849 sed
2633 5798 2786 5851 unitas
2805 5796 3017 5856 spiritus.
