4102 6326
332 223 474 278 1-2ζῦ

330 339 521 409 spiritu
549 337 826 408 vegeteris,
861 335 1051 390 frustm
1081 334 1207 390 foris
1228 333 1296 388 de
1323 332 1493 387 forma
1517 328 1768 400 gloriaris
1798 328 1838 378 ‘.

403 433 457 488 5.
502 428 683 492 Unttas
708 429 1056 484 commendata
1083 429 1135 480 in
1155 426 1404 480 creatione
1421 439 1591 478 rerum
1625 431 1671 476 et
1699 421 1750 474 in
1771 417 1918 474 Chri-

331 525 396 577 sli
426 532 560 576 ortu.
591 520 926 586 Charissimi,
955 519 1181 573 multum
1205 517 1345 573 Deus
1373 513 1714 571 commendat
1741 511 1918 564 unita-

333 623 462 667 tem.
493 611 608 672 Iloc
647 611 818 681 ipsum
847 626 940 666 vos
964 617 1196 673 moveat,
1219 606 1360 677 quod
1407 607 1457 660 in
1494 603 1750 674 principio
1769 615 1921 656 crea-

333 713 594 764 turarum,
622 700 832 771 quando
862 700 1002 757 Deus
1034 706 1222 754 cuncta
1249 697 1555 762 constituit,
1585 694 1710 750 fecit
1745 691 1920 747 sidera

334 793 387 847 in
419 792 574 857 cado,
608 791 659 846 in
689 799 828 845 terra
867 799 1045 844 autem
1086 789 1275 844 herbas
1301 797 1356 842 et
1383 787 1523 858 ligna
1543 827 1560 852 ,
1589 785 1752 850 dixit,
1784 781 1918 836 Pro-

333 884 484 938 ducat
509 893 658 946 terra,
692 891 747 936 et
785 879 1034 950 producta
1076 888 1198 934 sunt
1239 879 1415 949 ligna,
1444 886 1499 932 et
1521 885 1713 932 cuncta
1743 873 1922 928 viren-

334 975 406 1028 tia
431 991 447 1037 ζ
470 973 633 1037 dixit,
683 970 978 1032 Producant
1025 986 1171 1039 aqua:
1215 969 1440 1023 natantia
1483 976 1528 1022 et
1573 965 1836 1028 volatilia,
1867 971 1922 1018 et

337 1065 541 1120 factum
567 1073 648 1118 est
673 1063 748 1117 sic
774 1080 786 1116 :
815 1061 1074 1115 Producat
1102 1072 1234 1114 terra
1261 1061 1483 1114 animum
1509 1057 1922 1112 vivant-omnium

337 1171 569 1223 pecorum
600 1164 645 1208 et
666 1153 956 1216 bestiarum,
975 1163 1027 1206 et
1054 1151 1248 1205 factum
1275 1159 1353 1205 est
1377 1151 1474 1205 sic.
1494 1147 1758 1218 Numquid
1782 1149 1921 1202 Deus

335 1247 402 1301 de
426 1262 524 1302 ave
555 1262 655 1299 una
683 1243 804 1298 fecit
832 1252 1052 1298 cmtcras
1072 1243 1236 1296 aves?
1267 1239 1520 1310 numquid
1549 1238 1616 1294 de
1645 1254 1752 1292 uno
1778 1239 1922 1308 pisce

336 1351 526 1390 omnes
557 1335 765 1405 pisces?
793 1333 859 1388 de
902 1347 1008 1387 uno
1049 1347 1186 1401 equo
1226 1345 1414 1386 omnes
1460 1329 1662 1399 equos?
1703 1328 1771 1384 de
1819 1344 1919 1383 una

341 1426 508 1481 bestia
525 1439 712 1479 omnes
738 1423 971 1478 bestias?
987 1420 1254 1492 Numquid
1279 1435 1385 1475 non
1409 1421 1573 1474 multa
1601 1419 1754 1473 simul
1782 1427 1920 1473 terra

338 1516 618 1588 produxit,
651 1525 702 1570 et
746 1513 1125 1584 multiplicibus
1169 1513 1360 1576 fetibus
1401 1512 1565 1566 multa
1595 1511 1921 1581 complevit?

339 1611 567 1665 Ventum
613 1618 695 1664 est
738 1607 806 1662 ad
851 1608 1123 1664 hominem
1174 1606 1508 1674 faciendum,
1537 1615 1592 1662 et
1631 1608 1801 1662 factus
1840 1616 1923 1662 est

339 1717 473 1755 unus
489 1741 503 1767 ,
533 1699 599 1754 de
626 1714 731 1754 uno
750 1714 916 1770 genus
940 1699 1247 1753 humanum.
1269 1699 1379 1754 Nec
1397 1699 1532 1754 duos
1556 1696 1736 1754 Iacere
1757 1699 1923 1754 voluit

339 1792 644 1862 separatim,
673 1790 963 1845 masculum
981 1798 1035 1844 ct
1052 1790 1299 1845 feminam
1326 1808 1339 1844 :
1359 1790 1453 1845 sed
1471 1805 1653 1856 unum,
1669 1797 1722 1842 et
1736 1788 1803 1843 de
1817 1800 1922 1842 uno

338 1898 497 1944 unam
519 1881 668 1955 (Gen.
694 1880 866 1953 tetu),
887 1881 1064 1948 Quare
1088 1883 1197 1937 sic?
1214 1881 1386 1949 Quare
1414 1881 1481 1936 ab
1506 1894 1611 1936 uno
1634 1894 1802 1950 genus
1821 1879 1922 1933 htt-

338 1991 552 2029 manum
572 1975 867 2038 inchoatur,
885 1974 984 2028 nisi
1015 1973 1132 2043 quia
1152 1975 1327 2043 generi
1348 1974 1577 2027 humano
1593 1976 1920 2027 unitascour-

338 2066 654 2121 mendatur?
696 2066 763 2120 Et
802 2065 1056 2122 Dominus
1085 2064 1324 2120 Christus
1351 2081 1416 2119 ex
1455 2079 1586 2128 una,
1618 2063 1792 2117 unitas
1817 2063 1925 2118 νὶττ

338 2172 405 2226 go
429 2165 538 2221 est;
564 2163 707 2212 tenet
733 2155 1106 2227 virginitatem,
1135 2164 1310 2210 servat
1339 2155 1806 2224 incorruptionem.

411 2249 464 2301 4.
511 2247 749 2305 Ecclesia:
773 2247 1031 2300 catholica:
1065 2247 1308 2299 unitatem
1342 2244 1571 2300 Christus
1609 2246 1923 2300 commendat

339 2338 616 2408 Apostolis.
634 2337 752 2408 Ipse
770 2338 1022 2394 Dominus
1039 2337 1290 2392 Ecclesia:
1314 2338 1566 2391 unitatem
1589 2337 1925 2392 commendat

339 2430 612 2499 Apostolis
637 2447 650 2483 :
678 2425 1006 2494 osthditse,
1034 2437 1222 2498 putant
1253 2429 1328 2482 illi
1348 2429 1592 2497 Spiritum
1625 2445 1681 2483 se
1701 2429 1882 2484 videre
1906 2446 1920 2484 :

340 2527 720 2589 expavescunt,
749 2521 1149 2586 conﬁrmantur,
1177 2518 1370 2574 dicitur
1394 2519 1492 2586 eis,
1517 2538 1535 2571 ι
1560 2518 1697 2587 Quid
1725 2519 1924 2574 turbati

340 2616 492 2679 estis,
521 2623 571 2669 et
599 2614 947 2684 cogitationes
975 2613 1274 2668 ascendunt
1310 2613 1363 2667 in
1405 2628 1499 2668 cor
1523 2612 1798 2674 vestrum?
1830 2611 1924 2666 Vi-

344 2707 466 2762 dete
487 2721 674 2763 manus
693 2721 840 2784 meas
871 2722 885 2759 :
917 2706 1122 2787 palpate
1137 2713 1192 2760 et
1215 2703 1407 2767 videte,
1426 2705 1548 2774 quia
1571 2704 1786 2774 spiritus
1803 2717 1926 2758 ossa

347 2809 404 2856 et
430 2791 642 2855 carnem
671 2781 777 2860 non
806 2781 984 2866 habet,
1013 2798 1151 2852 sicut
1177 2811 1262 2851 me
1291 2796 1482 2852 videtis
1511 2795 1760 2852 habere.)
1791 2796 1928 2850 Ecce

343 2890 521 2946 adhuc
544 2891 648 2946 illis
668 2891 891 2950 turbatis
910 2906 1016 2961 pro:
1033 2889 1246 2960 gaudio,
1261 2888 1452 2958 accipit
1469 2889 1666 2954 cibum,
1682 2903 1786 2942 non
1805 2902 1930 2956 ege-

343 2990 500 3049 state,
543 2981 636 3037 scd
667 2981 1170 3051 potestate;accipit
1203 2994 1384 3034 coram
1415 2979 1558 3034 illis:
1591 2978 1929 3036 commendat

345 3081 529 3125 contra
547 3066 734 3141 impios
749 3071 988 3140 corporis
1003 3070 1303 3135 veritatem,
1319 3069 1661 3125 commendat
1675 3069 1928 3124 Ecclesia)

347 3162 620 3215 unitatem.
644 3161 780 3227 Quid
797 3161 938 3214 enim
956 3161 1066 3214 ait?
1085 3179 1102 3212 ε
1127 3159 1311 3214 Nonne
1328 3160 1440 3214 hmc
1453 3159 1929 3230 suntqumlocutus

348 3266 467 3305 sum
491 3251 660 3318 vobis,
687 3266 806 3305 cum
834 3250 1006 3306 adhuc
1032 3265 1205 3305 essem
1234 3250 1528 3315 vobiscum,
1557 3250 1683 3320 quia
1709 3258 1926 3319 oporte-

349 3341 439 3395 bat
468 3341 672 3410 impleri
699 3341 876 3396 omnia
905 3357 1023 3411 qua:
1061 3341 1255 3410 scripta
1280 3348 1401 3395 sunt
1427 3342 1480 3396 in
1511 3343 1627 3412 lege
1652 3341 1817 3412 Moysi
1837 3381 1852 3408 ,
1875 3349 1930 3396 ct

350 3431 652 3502 Prophetis,
681 3440 734 3486 et
757 3419 985 3486 Psalmis
1013 3430 1080 3486 de
1106 3431 1230 3485 me?
1257 3431 1407 3486 Tunc
1434 3432 1638 3500 aperuit
1668 3432 1774 3486 illis
1810 3447 1932 3485 scn-

349 3538 489 3587 sum,
516 3542 533 3573 ι
559 3522 901 3591 Evangelium
928 3523 1176 3590 loquitur,
1202 3541 1220 3572 ‹
1241 3530 1296 3574 nt
1323 3521 1947 3592 intelligerentScriptu-_

349 3628 458 3667 ras.
484 3613 547 3666 Et
577 3611 708 3666 dixit
733 3613 832 3677 eis,
860 3612 991 3680 Quia
1017 3613 1095 3667 sic
1121 3614 1375 3683 scriptum
1404 3622 1504 3678 est,
1534 3621 1588 3668 ct
1616 3613 1694 3668 sic
1717 3621 1932 3683 oporte-

350 3705 442 3758 bat
468 3704 735 3758 Christum
762 3705 899 3774 pati,
918 3713 973 3759 et
1001 3721 1281 3776 resurgere
1301 3721 1328 3759 a
1353 3707 1574 3761 mortuis
1595 3707 1750 3762 tertio
1775 3707 1880 3762 die.
1908 3727 1927 3759 ι

353 3795 492 3849 Ecce
517 3803 677 3864 caput
704 3805 974 3861 nostrum;
1000 3812 1125 3852 ecce
1148 3805 1335 3866 caput,
1369 3797 1457 3851 ubi
1495 3806 1619 3851 sunt
1655 3798 1935 3852 membra?

354 3888 492 3943 Ecce
518 3903 746 3966 sponsus
763 3930 777 3954 ,
802 3889 893 3944 ubi
919 3899 1001 3944 est
1028 3890 1257 3960 sponsa?
1283 3889 1695 3945 Matrimonialcs
1733 3891 1936 3947 tabulas

356 3978 473 4047 lege
498 3982 792 4048 {Sponsum
819 3980 960 4034 andi.
983 3980 1254 4050 Sponsam
1291 3981 1521 4051 quaeris?
1543 3981 1623 4035 Ah
1646 3982 1762 4051 ipso
1779 3982 1931 4044 audi:

356 4087 515 4127 nemo
545 4072 620 4126 illi
650 4071 788 4128 tollit
809 4088 978 4137 suam,
1003 4087 1160 4128 nemo
1179 4073 1428 4143 supponit
1449 4072 1677 4128 alienam
1702 4092 1714 4127 :
1737 4074 1804 4128 ab
1822 4074 1938 4142 ipso

360 4163 504 4217 audi.
527 4164 624 4220 Ubi
647 4165 840 4235 qumris
861 4165 1166 4219 Christum?
1196 4164 1251 4218 In
1272 4165 1459 4220 fabulis
1485 4164 1778 4232 hominum,
1798 4181 1861 4219 an
1883 4165 1934 4220 in

357 4256 1226 4330 veritateEvangeliorum?Passus
1241 4256 1646 4328 est,resurre1_tit_
1660 4256 1944 4324 tertiodie,

359 4347 590 4402 ostendit
606 4361 664 4402 se
688 4347 957 4417 discipulis
983 4347 1112 4402 suis.
1133 4345 1249 4414 Jam
1276 4345 1449 4415 ipsum
1472 4333 1729 4414 habemus
1754 4362 1766 4398 :
1790 4345 1935 4400 illam

359 4439 450 4493 ubi
477 4430 794 4515 quaerimus?
814 4439 894 4493 Ab
916 4439 1030 4510 ipso
1051 4438 1471 4508 interrogemus:
1501 4434 1778 4506 Oportebat
1798 4435 1950 4492 Cirris.

361 4541 492 4585 stum
523 4533 628 4599 pati
669 4541 714 4585 et
753 4524 1010 4601 resurgere
1047 4548 1079 4584 a
1107 4532 1317 4585 mortuis
1356 4530 1507 4585 tertio.
1539 4530 1638 4586 die.
1670 4529 1806 4584 Ecce
1827 4530 1950 4600 jam.

364 4623 559 4677 factum
592 4631 702 4690 est,
727 4622 833 4691 jam
860 4623 1088 4678 videtur.
1121 4624 1234 4688 Dic,
1263 4639 1294 4678 ο
1322 4624 1574 4689 Domine;
1606 4631 1661 4677 tu
1687 4622 1802 4687 die,
1831 4624 1948 4680 D0,.

362 4714 528 4776 mine,
553 4727 618 4767 ne
659 4727 755 4766 nos
791 4728 1031 4767 erremus
1060 4731 1074 4767 :
1101 4712 1164 4765 Et
1193 4714 1460 4782 praedicari
1504 4715 1558 4769 in
1596 4716 1796 4769 nomine
1835 4717 1942 4785 ejus

364 4802 705 4872 paenitentiam
729 4811 774 4854 et
796 4802 1138 4855 remissionem
1168 4814 1487 4871 peccatorum
1513 4821 1602 4873 per
1631 4822 1802 4860 omnes
1821 4788 1944 4876 gen-

367 4905 458 4958 tes,
484 4892 835 4962 incipientibus
855 4894 915 4944 ab
938 4890 1221 4950 Jerusalem
1248 4892 1395 4963 (Luc.
1423 4910 1568 4959 xxtv,
1588 4893 1801 4966 56.47).
1823 4895 1955 4952 ϐω-.

367 4985 444 5053 pit
471 4986 538 5038 ab
565 4983 893 5062 Jerusalem,
918 4992 968 5039 et
1009 4985 1250 5053 pervenit
1292 4985 1356 5038 ad
1407 4999 1523 5039 nos.
1556 4985 1624 5039 Et
1654 4985 1726 5040 ibi
1750 4993 1864 5053 est,
1893 4995 1948 5042 et

371 5075 474 5130 hic.
501 5075 616 5145 Non
644 5075 784 5130 enim
814 5083 872 5129 ut
896 5073 962 5129 ad
993 5089 1091 5128 nos
1116 5075 1350 5140 veniret,
1381 5074 1502 5130 inde
1542 5075 1786 5132 discessit
1812 5093 1947 5140 :Iex-

369 5166 556 5232 crevit,
581 5181 685 5220 non
715 5164 977 5235 migravit.
1003 5163 1114 5218 Hoc
1134 5165 1524 5223 commendavit
1550 5167 1802 5236 continuo
1819 5179 1958 5238 post

372 5258 815 5312 resurrectionem
867 5269 1038 5312 suam.
1092 5255 1239 5309 Fecit
1287 5270 1408 5310 cum
1453 5256 1559 5311 illis
1602 5259 1959 5330 quadraginta

375 5346 490 5400 dies
518 5362 533 5399 :
563 5361 883 5402 ascensurus
907 5348 957 5401 in
985 5345 1177 5401 coelum
1220 5346 1387 5416 ipsam
1428 5363 1610 5402 rursus
1651 5349 1963 5407 Eeclesiam.

375 5437 783 5493 commendavit.
830 5439 1068 5508 Sponsus
1121 5436 1454 5508 profecturus
1501 5451 1751 5508 sponsam
1799 5453 1950 5494 suam

445 5571 457 5600 ³
485 5571 617 5637 Sirm_.
626 5605 640 5628 ,
663 5579 834 5637 [forma
847 5585 915 5632 es,
934 5569 1145 5637 quisquis
1158 5584 1209 5637 es
1229 5584 1246 5622 :
1265 5569 1358 5622 nisi
1380 5570 1505 5622 intus
1519 5568 1693 5636 spiritu
1706 5572 1952 5637 vegeteris,

379 5631 560 5695 frustra
579 5632 697 5694 foris
717 5633 779 5682 tle
802 5631 956 5695 formo
973 5631 1217 5698 gloriaris.
1237 5677 1240 5680 ι
1283 5640 1339 5686 It.

1685 208 1912 292 SERMO
1950 205 2227 264 CCLXIX.

3474 219 3608 276 1251

2023 325 2208 379 amicis
2232 323 2340 378 suis
2367 326 2756 382 commendavit
2781 345 2792 380 ε
2817 341 2921 382 non
2952 336 3008 382 ut
3028 337 3169 382 amet
3193 329 3424 400 aliquem
3463 331 3610 402 ipso-

2024 432 2178 479 rum;
2220 415 2313 470 scd
2362 417 2531 486 ipsum
2578 428 2827 488 tanquam
2875 433 3170 488 Sponsum,
3199 417 3316 475 illos
3357 427 3610 491 tanquam

2023 506 2224 560 amicos
2269 508 2450 575 sponsi
2473 551 2485 569 ,
2519 509 2790 563 neminem
2821 523 3005 563 eorum
3047 519 3294 579 tanquam
3331 525 3610 580 sponsum.

2025 597 2137 652 lloc
2159 597 2334 652 zelant
2352 598 2507 652 amici
2528 598 2730 668 sponsi,
2757 607 2936 654 etnon
2962 614 3079 654 eam
3099 599 3386 656 admittunt
3413 603 3615 659 lascivo

2022 701 2204 741 amore
2229 688 2520 757 corrumpi.
2555 689 2796 744 Oderunt
2830 689 3046 760 quando
3087 691 3165 745 sic
3201 702 3476 748 amantur.
3515 697 3613 750 At-

2025 778 2226 834 tendite
2250 780 2506 836 solantem
2533 783 2760 837 amicum
2789 783 2970 852 Sponsi
3002 798 3162 839 zeum
3208 784 3416 840 videret
3449 801 3612 857 spon-

2022 885 2138 926 sam
2166 887 2261 941 per
2285 872 2485 927 amicos
2510 875 2694 944 sponsi
2719 876 2948 944 quodam
2992 876 3152 931 modo
3194 876 3479 943 fornicari,
3509 879 3610 939 ait.

2029 982 2049 1015 ι
2074 964 2248 1019 Audio
2273 963 2326 1019 in
2351 966 2502 1020 vobis
2531 966 2819 1020 schismata
2846 969 2966 1022 esse
2984 1009 2999 1035 ,
3028 977 3082 1024 et
3115 982 3180 1023 ex
3211 978 3360 1038 parte
3398 970 3560 1025 credo
3589 990 3608 1022 s

2025 1057 2070 1121 (Ι
2099 1054 2216 1122 Cor,
2251 1073 2326 1123 ιι,
2359 1056 2468 1128 18).
2494 1077 2512 1109 ε
2533 1057 2838 1112 Nuntiatum
2863 1066 2948 1112 est
2967 1058 3107 1112 mihi-
3119 1059 3186 1114 de
3205 1059 3378 1124 vobis,
3399 1059 3610 1125 fratres,

2025 1149 2094 1203 ab
2129 1148 2213 1202 his
2249 1150 2339 1218 qui
2383 1150 2775 1225 ειιηιχϐιιιθθε,
2818 1153 2941 1220 quia
2985 1154 3355 1208 contentiones
3390 1162 3514 1207 sunt
3562 1155 3612 1207 in

2024 1241 2176 1295 vobis
2196 1281 2210 1306 ,
2240 1252 2294 1296 et
2312 1243 2676 1312 unusquiSqne
2693 1252 2927 1297 vestrum
2954 1243 3100 1310 dicit,
3131 1243 3242 1316 Ego
3261 1246 3472 1316 quidem
3497 1261 3613 1300 sum

2023 1332 2204 1400 Pauli;
2231 1349 2330 1404 ego
2350 1351 2478 1389 vero
2499 1335 2714 1406 Apollo;
2740 1351 2840 1405 ego
2865 1344 3041 1390 autem
3063 1337 3288 1407 Cephm;
3315 1354 3415 1409 ego
3434 1347 3614 1394 autem

2021 1427 2239 1482 Christi.
2277 1428 2484 1485 Divisus
2517 1438 2602 1484 est
2630 1428 2920 1483 Christus?
2959 1427 3226 1499 Numquid
3272 1429 3468 1485 Paulus
3518 1445 3615 1501 pro

2027 1518 2176 1573 vobis
2217 1519 2496 1574 cruciﬁxus
2537 1529 2654 1588 est,
2686 1515 2777 1574 aut
2821 1521 2873 1575 in
2917 1521 3134 1576 nomine
3177 1521 3325 1576 Pauli
3367 1513 3614 1592 baptizati

2024 1610 2154 1664 estis
2181 1628 2199 1661 ι
2235 1609 2343 1680 (Id.
2374 1627 2411 1675 I,
2443 1610 2672 1682 1143)?
2707 1611 2753 1666 0
2791 1611 3062 1666 amicum!
3109 1611 3358 1666 Amorem
3405 1625 3616 1681 sponsas

2025 1700 2213 1755 aliena:
2241 1700 2452 1770 repellit
2479 1716 2514 1756 a-
2540 1716 2617 1756 se.
2648 1700 2763 1756 Non
2791 1702 2902 1755 vult
2927 1717 2986 1756 se
3007 1701 3172 1756 amari
3212 1715 3310 1771 pro
3347 1714 3540 1771 sponsa
3571 1703 3615 1766 ",

2028 1802 2079 1846 ut
2096 1793 2260 1861 possit
2281 1808 2504 1863 regnare
2522 1809 2640 1848 cum
2661 1809 2878 1864 sponso.
2895 1793 3269 1849 Commendata
3287 1786 3507 1862 estergo
3516 1794 3618 1846 Ec-

2023 1881 2186 1936 clesia
2220 1899 2234 1934 :
2258 1891 2312 1936 et
2330 1881 2542 1952 quando
2562 1883 2800 1938 ascendit
2817 1884 2866 1937 in
2886 1884 3100 1950 cwlum,
3125 1880 3203 1938 sic
3223 1883 3327 1938 illis
3349 1882 3501 1948 dixit,
3525 1882 3616 1952 qui

2025 1972 2334 2040 qumrehant
2348 1971 2414 2026 de
2443 1972 2546 2027 fine
2558 1973 2758 2037 saeculi,
2781 1972 2876 2026 Dic
2896 1973 3056 2038 nobis,
3079 1973 3280 2044 quando
3299 1975 3394 2028 ista
3411 1975 3550 2043 ﬁent.
3571 1983 3618 2028 et

2025 2062 2227 2133 quando
2250 2071 2444 2132 tempus
2459 2063 2700 2118 adventus
2714 2064 2788 2116 tui
2795 2062 3005 2136 (Matth.
3027 2080 3167 2131 vstv,
3181 2064 3264 2132 5)?
3281 2063 3348 2118 Et
3366 2065 3476 2130 ille,
3488 2063 3542 2117 Ν
3544 2080 3610 2119 on

2026 2160 2098 2210 est
2123 2161 2336 2206 vestrum
2359 2153 2489 2206 scire
2515 2161 2762 2227 tempora,
2783 2168 2898 2224 qua:
2925 2151 3083 2206 Patrr
3111 2155 3274 2222 posuit
3291 2154 3343 2207 in
3363 2171 3456 2208 sua
3476 2163 3618 2225 pote—

2026 2254 2170 2301 state.
2189 2245 2324 2300 Audi
2338 2246 2465 2315 quid
2489 2247 2701 2302 noveris
2716 2262 2744 2300 a
2760 2248 3032 2317 magistro,
3049 2247 3306 2317 discipule
3329 2265 3342 2301 :
3369 2248 3477 2304 Sed
3491 2249 3619 2302 arci.

2028 2341 2174 2410 pictis
2188 2340 2418 2393 virtutem
2432 2339 2658 2410 Spiritus
2675 2341 2837 2393 sancti
2858 2341 3282 2411 superrenientem
3302 2341 3356 2394 in
3375 2357 3460 2395 vos
3472 2341 3613 2411 (Art.

2029 2447 2077 2498 ι,
2098 2431 2152 2496 ϐ,
2183 2431 2263 2503 8).
2285 2431 2352 2486 Et
2373 2429 2567 2486 factum
2585 2438 2677 2486 'est
2705 2450 2720 2487 :
2748 2431 3154 2502 quadragesimo
3182 2433 3268 2488 die
3297 2433 3539 2489 ascendit
3562 2434 3615 2488 in

2027 2524 2222 2580 malum
2246 2565 2261 2589 ,
2287 2532 2342 2578 et
2364 2538 2490 2578 ecce
2517 2521 2782 2578 hodierno
2809 2522 2895 2577 die
2923 2522 3240 2579 adveniente
3263 2523 3462 2594 Spiritu
3489 2539 3615 2579 sane

2027 2626 2116 2670 cto
2147 2615 2435 2688 implentur
2463 2629 2651 2670 omnes
2688 2613 2776 2684 qui
2807 2612 3062 2682 aderant,
3092 2615 3378 2684 loquuntur
3422 2615 3616 2684 linguis

2030 2705 2544 2776 omnium-gentium.
2563 2703 2691 2760 Item
2715 2706 2826 2774 ipsa
2849 2704 3020 2763 unitas
3043 2719 3136 2774 per
3155 2706 3358 2776 linguas
3377 2705 3614 2761 omnium

2029 2797 2262 2869 gentium
2303 2796 2724 2851 commendatur.
2762 2795 3176 2851 Commendatur
3209 2811 3239 2851 a
3268 2797 3494 2852 Domino
3525 2811 3616 2851 rec

2030 2898 2298 2958 surgente,
2328 2887 2729 2944 commendatur
2747 2903 2777 2940 a
2797 2885 3012 2942 Christo
3031 2885 3380 2953 ascendente;
3410 2885 3612 2941 conﬁr-

2031 2991 2208 3037 matur
2235 2981 2303 3036 ah
2326 2979 2524 3051 Spiritu
2552 2989 2736 3036 sancto
2762 2979 2923 3036 hodie
2940 2980 3208 3036 veniente.

2303 3101 2306 3104 λ
2387 3107 2392 3112 '
2471 3087 2700 3168 scnno
2736 3083 3162 3186 cci.xrx'(a).

2513 3208 2560 3250 tn
2592 3201 2674 3252 die
2706 3209 3037 3264 Pentecostes,
3071 3218 3144 3252 ut.

2103 3303 2328 3360 CAPUT
2365 3303 2648 3360 PRIMUM.
2691 3291 2762 3345 4
2802 3305 2853 3360 1.
2893 3306 3148 3360 Adventus
3191 3306 3413 3378 Spiritus
3457 3310 3618 3364 sancti

2035 3387 2148 3450 cum
2174 3396 2306 3450 dono
2333 3397 2619 3468 linguarum
2650 3398 2954 3466 praenuntiat
2988 3399 3228 3454 unitatem
3265 3400 3503 3456 Ecclesia:
3532 3419 3624 3472 per

2035 3491 2205 3543 amnes
2243 3498 2432 3560 gentes.
2471 3486 2660 3543 Contra
2700 3487 3014 3544 Donatislas.
3060 3491 3354 3546 Adventum
3392 3491 3625 3562 Spiritus

2035 3579 2201 3633 sancti
2243 3579 2601 3633 anniversaria
2647 3578 2930 3634 festivitate
2974 3581 3326 3636 celebramus.
3359 3582 3490 3639 lluic
3529 3598 3620 3638 so-

2037 3671 2226 3725 lcmnis
2254 3671 2593 3741 congregatio
2614 3712 2628 3737 ,
2659 3672 2911 3725 solemnis
2939 3671 3093 3726 lectio
3117 3714 3132 3739 ,
3170 3673 3423 3728 solemnis
3447 3688 3624 3729 sermo

2038 3762 2280 3818 debetur.
2323 3759 2414 3816 Illa
2452 3761 2556 3816 duo
2584 3763 2852 3834 persoluta
2894 3771 3046 3828 sunt,
3077 3763 3197 3834 quia
3227 3772 3281 3819 et
3309 3763 3628 3834 frequentis-

2040 3853 2157 3906 simi
2188 3853 2509 3907 convcnistis
2530 3896 2544 3920 ,
2578 3861 2633 3908 et
2667 3869 2785 3907 cum
2818 3853 3107 3924 legeretur,
3136 3853 3378 3908 audistis.
3412 3853 3627 3930 llcddaj

2040 3957 2158 3998 mus
2183 3952 2237 3998 ct
2276 3945 2490 3997 tertium
2520 3963 2533 3998 :
2568 3960 2673 3998 non
2702 3943 2841 3998 desit
2866 3945 3180 4014 obsequium
3216 3944 3408 4015 lingua:
3433 3954 3630 3999 nostrm

2041 4035 2088 4090 ei
2119 4035 2205 4104 qui
2253 4047 2305 4088 et
2332 4036 2538 4105 linguas
2579 4050 2763 4090 omnes
2794 4034 3018 4092 indoctis
3045 4035 3265 4090 domvit
3291 4077 3304 4099 ,
3333 4044 3386 4090 et
3424 4035 3632 4105 linguas

2040 4125 2316 4180 doctorum
2343 4125 2393 4178 in
2424 4124 2670 4178 omnibus
2698 4124 2943 4193 gentibus
2967 4124 3285 4195 subjugavit,
3310 4133 3364 4180 et
3387 4123 3633 4179 diversas

2041 4218 2246 4293 linguas
2269 4217 2503 4288 gentium
2535 4216 2599 4269 ad
2627 4217 2881 4276 unitatem
2918 4216 3041 4276 ﬁdei
3077 4217 3434 4288 congregavit.
3473 4236 3491 4270 ι
3524 4215 3631 4271 Fa-

2043 4317 2160 4363 ctus
2184 4317 2266 4362 est
2299 4328 2317 4360 ›
2348 4309 2489 4362 enim
2524 4326 2540 4359 ι
2577 4308 2752 4363 subito
2778 4307 2846 4363 de
2871 4309 3011 4363 coelo
3049 4323 3232 4374 sonus,
3265 4309 3414 4380 quasi
3460 4308 3630 4363 ferre-

2045 4410 2130 4456 tur
2153 4402 2304 4459 llatus
2332 4399 2620 4455 vehemens
2649 4418 2662 4454 :
2695 4408 2748 4455 et
2789 4401 2913 4454 visa‘.
2934 4409 3056 4456 sunt
3083 4401 3184 4455 illis
3207 4400 3398 4470 linguae
3423 4399 3633 4464 diviszc,

2046 4494 2191 4547 velut
2239 4493 2407 4567 ignis,
2449 4493 2537 4562 qui
2568 4500 2623 4546 et
2663 4491 2856 4556 insedit
2895 4507 3056 4564 super
3084 4507 3512 4563 unumquemque
3537 4506 3634 4546 eo-

2045 4600 2198 4648 rum;
2228 4593 2280 4638 et
2302 4591 2576 4650 coeperunt
2595 4584 2788 4654 linguis
2815 4585 2978 4655 loqui,
2997 4582 3443 4654 quemadmodum
3468 4582 3636 4654 Spiri-I

2047 4683 2132 4730 tus
2159 4674 2318 4729 dabat
2342 4675 2419 4729 eis
2458 4677 2798 4744 pronuntiare
2828 4675 3008 4747 1(Act.
3036 4693 3091 4739 ιι,
3114 4675 3254 4746 2-4).
3284 4675 3468 4730 Flatus
3487 4677 3632 4730 enim

2049 4767 2138 4822 ille
2166 4783 2269 4820 non
2298 4766 2518 4834 inﬂavit,
2552 4766 2645 4821 sed
2677 4768 2937 4836 vegetavit
2964 4767 3148 4836 :ignis
3179 4767 3266 4820 ille
3284 4781 3398 4820 non
3431 4782 3638 4821 crema-

2049 4859 2146 4921 vit,
2185 4857 2277 4912 sed
2322 4857 2588 4911 excitavit.
2631 4856 2910 4927 Impletum
2951 4866 3034 4911 est
3072 4858 3122 4910 in
3158 4856 3236 4912 eis
3285 4857 3423 4927 quod
3468 4855 3639 4912 fuerat

2053 4957 2200 5003 tanto
2229 4958 2352 5004 ante
2379 4948 2772 5018 prophetatum,
2803 4946 2922 5001 Non
2950 4956 3067 5001 sunt
3097 4947 3326 5015 loquelw,
3358 4962 3514 5016 neque
3533 4963 3640 5000 ser-

2052 5055 2244 5104 mones,
2271 5054 2482 5108 quorum
2506 5056 2606 5093 non
2629 5039 2902 5091 audiantur
2938 5052 3078 5090 voces
3105 5053 3276 5089 eorum
3307 5052 3325 5090 :
3354 5047 3404 5090 ut
3442 5036 3638 5090 deinde

2054 5131 2119 5184 ad
2148 5130 2537 5200 praedicandum
2569 5129 2914 5199 Evangelium
2945 5126 3247 5194 distributi,
3275 5127 3416 5196 quod
3462 5129 3641 5197 sequi-

2057 5230 2159 5285 tur,
2191 5221 2544 5290 facerent,_ln
2583 5238 2780 5298 omnem
2810 5229 2994 5274 terram
3033 5219 3151 5274 exiit
3189 5235 3343 5274 sonus
3370 5236 3563 5284 eorum,
3594 5227 3642 5272 et

2056 5312 2110 5363 in
2150 5311 2275 5380 ﬁnes
2314 5313 2445 5364 orbis
2479 5320 2626 5364 terrte
2663 5312 2809 5363 verba
2843 5328 3011 5364 eorum
3040 5309 3060 5384 (
3088 5309 3230 5366 Psal.
3263 5325 3413 5377 svnt,
3445 5310 3499 5375 4,
3533 5310 3566 5364 5
3599 5311 3640 5379 )..

2058 5401 2195 5479 Quid
2207 5402 2347 5476 enim
2362 5401 2501 5455 aliud
2513 5401 2739 5471 Spiritus
2757 5411 2970 5456 sanctus
2984 5402 3370 5472 praenuntiabat
3382 5403 3434 5457 in
3448 5401 3642 5473 linguis

2081 5501 2083 5506 ’
2121 5514 2140 5575 ἕ
2168 5519 2336 5575 Forte,
2350 5524 2538 5575 sponso.

2123 5574 2144 5594 ‘
2166 5571 2525 5623 Emendatusad
2549 5571 2612 5622 cl.
2642 5573 2694 5623 d.
2729 5588 2772 5624 r.
2797 5581 2834 5626 t.
2871 5583 2966 5626 vat.
2994 5591 3039 5626 ν.
3061 5583 3112 5628 et
3135 5576 3190 5626 ad
3223 5580 3360 5627 Sit‘m.

2127 5636 2200 5700 (a)
2223 5635 2362 5697 Alias,
2387 5649 2448 5685 ex
2473 5637 2805 5688 Sirmondianis
2827 5638 2904 5688 2i.
