4102 6326
522 232 663 292 5255

520 351 757 408 omnium
782 349 1037 421 gentium,
1062 362 1195 419 quas
1218 345 1451 402 donabat
1471 344 1572 413 eis,
1599 343 1690 414 qui
1716 359 1875 411 unam
1900 352 2106 402 tantum

520 455 634 496 suae
670 439 840 511 gentis
878 439 1108 509 linguam
1152 437 1450 492 didicerant
1479 433 1648 509 (quod
1683 434 1936 495 indicium
1968 451 2107 505 pra:-

520 518 706 590 sentize
729 546 840 587 suae
862 539 988 587 tunc
1011 545 1132 587 esse
1156 527 1365 601 voluit),
1388 528 1488 585 nisi
1511 542 1699 584 omnes
1718 538 1906 599 gentes
1932 529 2107 593 Evan-

519 626 657 695 gelio
685 624 1016 691 credituros;
1045 630 1104 679 ut
1133 623 1308 693 primo
1327 620 1691 693 unusquisque
1717 620 1973 692 ﬁdeiium,
2008 635 2107 691 po-

519 728 633 775 stea
663 731 789 771 vero
811 700 924 785 ipsa
951 716 1126 771 unitas
1147 713 1401 769 Ecclesiae
1428 712 1623 782 linguis
1648 712 1896 768 omnibus
1922 712 2109 781 loquet-

519 809 706 865 retur?
731 810 869 878 Quid
895 808 960 863 ad
992 808 1108 863 haec
1138 807 1354 873 dicunt,
1394 806 1485 876 qui
1514 804 1817 870 christiana:
1841 802 2103 881 societati,

519 916 640 971 quae
665 900 717 955 in
748 901 996 959 omnibus
1023 898 1270 970 gentibus
1294 897 1577 954 i'ructilicat
1598 905 1655 951 et
1682 895 1895 961 crescit,
1918 894 2110 955 nolunt

519 990 849 1061 incorporari
893 998 1052 1061 atque
1080 987 1392 1060 *conjungi?
1438 986 1830 1059 Numquidnam
1884 992 2109 1061 possunt

520 1098 751 1154 negare,
783 1084 943 1139 etiam
990 1098 1133 1137 nunc
1169 1081 1221 1143 in
1261 1081 1593 1136 Christianos
1632 1080 1812 1137 venire
1850 1072 2105 1149 spiritum

517 1174 796 1229 sanctum?
824 1173 930 1233 Cur
957 1188 1085 1244 ergo
1106 1188 1248 1229 nunc
1276 1187 1449 1243 neque
1467 1171 1610 1242 apud
1627 1186 1744 1236 nos,
1778 1184 1949 1241 neque
1966 1169 2106 1240 apud

518 1264 641 1326 illos
668 1264 947 1335 quisquam
965 1263 1199 1335 loquitur
1222 1264 1417 1334 linguis
1432 1263 1667 1319 omnium
1684 1261 1922 1328 gentium
1940 1258 2107 1331 (quod

520 1365 647 1413 tunc
670 1363 787 1412 erat
807 1355 1065 1411 adventus
1093 1355 1211 1425 ejus
1241 1354 1513 1424 indicium)
1530 1395 1545 1419 ,
1568 1353 1668 1411 uisi
1694 1353 1814 1424 quia
1842 1368 1984 1408 nunc
2009 1352 2108 1406 im-

517 1445 696 1517 pletur
738 1446 880 1517 quod
912 1455 1038 1505 tunc
1071 1445 1506 1519 signiﬁcabatur?
1534 1444 1686 1517 Tunc
1723 1444 1865 1515 enim
1893 1452 1947 1515 et
1970 1457 2107 1499 unus

516 1535 689 1592 lidelis
722 1537 914 1607 linguis
960 1537 1206 1599 omnibus
1244 1536 1557 1606 loquebatur
1601 1552 1618 1589 :
1658 1544 1714 1591 et
1750 1551 1891 1595 nunc
1930 1535 2106 1593 unitas

516 1628 753 1691 ﬁdelium
780 1630 974 1699 linguis
1006 1629 1253 1702 omnibus
1275 1628 1523 1699 loquitur.
1553 1626 1735 1696 itaque
1766 1627 1926 1699 etiam
1962 1642 2102 1705 nunc

516 1736 705 1783 omnes
744 1720 940 1791 lingua:
976 1728 1173 1795 nostra:
1193 1726 1341 1800 sunt,
1366 1718 1620 1790 quoniam
1658 1717 1897 1777 membra
1922 1732 2106 1781 sumus

515 1812 758 1883 corporis
784 1813 835 1867 in
860 1827 967 1882 quo
995 1820 1138 1870 sunt.

586 1904 643 1967 fl.
676 1904 1059 1977 Schismaticos,
1083 1902 1175 1971 etsi
1201 1901 1523 1977 Baptismum
1548 1902 1785 1968 habeant,
1814 1917 1914 1969 non
1937 1910 2105 1974 tamen

518 1996 703 2056 habere
726 1995 977 2066 Spiritum
1009 2004 1259 2050 sanctum.
1285 1994 1515 2065 Spiritus
1546 2003 1751 2049 sanctus
1787 2010 1875 2064 per
1909 1993 2103 2047 Sacra-

517 2098 687 2147 menta
705 2097 750 2145 et
776 2088 885 2142 sine
920 2087 1264 2169 Sacramentis
1301 2086 1469 2141 datus.
1509 2086 1620 2143 Nec
1655 2086 1921 2142 immerito
1960 2094 2106 2142 recte

518 2182 850 2254 intelligitur,
878 2181 1121 2252 quamvis
1150 2181 1295 2250 ipsos
1321 2180 1649 2257 Baptismum
1680 2179 1875 2260 Christi
1906 2179 2106 2247 habere

518 2274 801 2338 fateamur,
849 2272 1129 2337 hereticos
1174 2287 1277 2326 non
1325 2271 1567 2341 accipere
1609 2271 1697 2329 vel
1739 2271 2105 2331 schismaticos

519 2365 775 2434 Spiritum
815 2373 1092 2430 sanctum,
1139 2363 1239 2417 nisi
1278 2362 1403 2418 dum
1446 2363 1747 2434 compagini
1782 2364 2107 2419 adbzcserint

520 2456 741 2518 unitatis
755 2471 849 2526 per
869 2457 1197 2519 consortium
1223 2454 1518 2525 cbaritatis.
1543 2455 1691 2511 Tunc
1708 2456 1848 2523 enim
1870 2458 2103 2525 gentium

520 2551 713 2620 lingute
740 2548 896 2621 etiam
927 2549 1163 2619 ipsorum
1205 2558 1364 2603 erunt
1396 2562 1410 2599 :
1444 2546 1566 2617 quia
1597 2548 1684 2602 ubi
1720 2558 1841 2603 sunt
1869 2549 2002 2624 illae,
2034 2550 2104 2606 ibi

519 2654 573 2701 et
598 2643 696 2713 ipsi
725 2650 901 2709 erunt,
931 2642 982 2696 iu
1004 2641 1191 2708 eodem
1219 2642 1426 2711 scilicet
1451 2641 1652 2699 Christi
1665 2656 1888 2711 corpore
1910 2643 2108 2713 ubique

519 2742 814 2799 crescente,
846 2742 1127 2803 servantes
1148 2734 1405 2797 unitatem
1435 2733 1655 2804 spiritus
1682 2734 1737 2807 in,
1764 2733 1974 2795 vinculo
2008 2750 2105 2803 pa-

519 2827 598 2885 cis
625 2825 839 2899 (Ephes.
872 2841 944 2890 ιν,
972 2824 1063 2899 5).
1109 2826 1220 2881 lloc
1257 2826 1526 2885 vinculum
1554 2841 1712 2897 quem
1756 2840 1861 2881 non
1889 2825 2103 2897 alligat,

519 2933 707 2983 servus
738 2926 841 2988 est.
872 2915 992 2970 Non
1022 2917 1155 2973 enim
1184 2918 1469 2986 accepimus
1489 2960 1503 2983 ,
1533 2918 1672 2984 sicut
1696 2918 1980 2989 Apostolus
2008 2918 2099 2983 ait,

520 3008 759 3076 spiritum
779 2994 1026 3061 servitutis
1050 3008 1230 3063 iterum
1250 3009 1304 3061 in
1337 3008 1546 3073 timore;
1566 3009 1655 3062 sed
1680 3011 1959 3080 accepimus
1983 3009 2108 3080 Spi-

518 3102 675 3161 ritum
694 3101 981 3171 adoptionis
1008 3100 1252 3170 ﬁliorum,
1281 3101 1334 3156 in
1355 3118 1452 3171 quo
1481 3102 1776 3168 clamamus,
1807 3101 1965 3170 Abba,
1999 3103 2105 3158 Pa-

520 3202 596 3253 ter
621 3192 639 3262 (
662 3193 813 3263 Rom.
841 3208 953 3269 vui,
988 3193 1049 3248 15
1070 3193 1110 3260 ).
1146 3192 1378 3251 Proinde
1403 3192 1662 3261 veraciter
1688 3194 1954 3269 sapimus,
1985 3194 2105 3251 ideo

521 3283 717 3354 linguis
746 3284 983 3362 omnium
1026 3283 1263 3354 gentium
1302 3282 1698 3339 demonstrasse
1737 3285 1828 3339 illo
1867 3294 2105 3356 tempore

517 3375 855 3443 praesentiam
894 3389 1045 3441 suam
1094 3373 1348 3449 Spiritum
1392 3382 1663 3441 sanctum,
1704 3385 1763 3431 ut
1803 3377 1962 3432 etiam
2004 3378 2106 3434 hoc

517 3476 779 3537 tempore,
809 3483 916 3538 quo
938 3482 996 3523 se
1018 3482 1122 3531 non
1147 3468 1217 3522 ita
1244 3467 1593 3536 demonstrat,
1621 3485 1731 3543 non
1757 3486 1877 3525 eum
1910 3471 2105 3539 intelli:

515 3567 673 3627 gatur
698 3557 898 3631 habere
921 3598 937 3625 ,
964 3559 1206 3629 quamvis
1248 3569 1583 3615 sacramento
1616 3560 1872 3632 Baptismi
1902 3562 2104 3619 imbua-

517 3652 623 3712 tur,
667 3648 904 3723 quisquis
939 3648 1005 3705 ab
1034 3650 1234 3729 unitate
1261 3650 1495 3704 omnium
1534 3652 1766 3720 gentium
1805 3662 2101 3724 separatur.

516 3741 583 3804 Et
617 3755 691 3807 ne,
720 3749 997 3811 putaretur
1028 3755 1364 3811 consequens
1391 3756 1510 3818 esse
1540 3750 1597 3808 ut
1624 3743 1864 3825 quisquis
1897 3745 2101 3815 Baptiso

515 3848 661 3888 mum
682 3833 955 3899 Trinitatis
986 3833 1248 3903 habuerit,
1286 3833 1476 3889 habeat
1504 3835 1664 3890 etiam
1693 3835 1947 3906 Spiritum
1974 3853 2101 3898 san-

514 3933 695 3991 ctum;
723 3934 1002 3996 propterea
1038 3925 1195 3980 etiam
1234 3925 1289 3982 in
1317 3924 1426 3996 ipsa
1455 3926 1656 3995 unitate
1682 3927 1816 3982 facta
1846 3937 1928 3983 est
1958 3938 2103 3997 tanta

515 4013 814 4080 distinctio,
844 4023 901 4070 ut
938 4015 1269 4070 inveniamus
1308 4015 1565 4086 quosdam
1606 4017 1899 4087 baptizatos
1935 4018 2101 4090 Spiri-

515 4112 627 4159 tum
656 4114 895 4178 sanctum
923 4113 1103 4175 postea
1125 4106 1401 4171 meruisse,
1430 4122 1549 4161 cum
1577 4108 1644 4162 ad
1674 4109 1793 4163 illos
1822 4096 1877 4163 in
1906 4108 2099 4165 Sama-

516 4195 653 4259 riam
698 4194 971 4249 venissent
1011 4195 1275 4271 Apostoli,
1317 4196 1508 4266 quibus
1540 4198 1849 4267 absentibus
1894 4199 2101 4257 fuerant

514 4284 767 4355 baptizati
795 4282 932 4360 (Act.
960 4299 1070 4351 vni,
1100 4285 1285 4355 14-17)
1318 4303 1329 4339 :
1359 4285 1494 4342 alios
1524 4272 1721 4353 autem,
1750 4289 1893 4360 quod
1921 4292 2099 4365 singu-

514 4378 628 4431 lare
654 4377 886 4451 occurrit
910 4376 1230 4453 exemplum,
1260 4392 1386 4447 eum,
1408 4386 1529 4433 ante
1556 4378 1882 4449 Baptismum
1916 4396 2098 4451 perce-

515 4466 685 4536 pisse;
721 4467 858 4520 sicut
890 4466 1135 4536 loquente
1158 4465 1353 4534 Petro,
1393 4467 1639 4523 Cornelio
1672 4477 1728 4524 et
1754 4470 1833 4525 eis
1859 4470 1948 4540 qui
1974 4486 2099 4539 cum

514 4557 607 4611 illo
636 4565 807 4627 erant,
830 4571 1059 4627 superna
1086 4565 1345 4627 potestate
1368 4572 1680 4613 concessum
1705 4567 1806 4625 est,
1831 4562 1912 4614 cui
1938 4560 2103 4636 homo

513 4648 879 4711 contradicere
908 4648 1037 4723 nihil
1070 4657 1241 4719 potest
1271 4646 1394 4727 (Id.
1428 4666 1492 4716 ι,
1519 4650 1732 4721 4448).
1765 4650 1939 4721 Super
1964 4653 2097 4721 alios

515 4754 636 4794 mox
665 4739 956 4810 baptizatos
980 4738 1227 4817 advenit;
1258 4740 1394 4797 sicut
1422 4748 1581 4809 super
1608 4740 1753 4794 illum
1779 4741 2092 4810 Spadonem,

513 4830 597 4884 cui
622 4830 897 4903 Philippus
926 4845 989 4907 es
1018 4830 1284 4900 propheta
1311 4829 1440 4883 Isaia
1468 4831 1923 4900 cvangelizaverat
1944 4834 2095 4903 Chri-

512 4931 652 4976 stum
699 4919 773 4993 (α)
801 4909 821 4993 (
838 4919 925 4974 Id.
957 4937 1067 4986 vin,
1097 4920 1255 4988 26-3‘9
1276 4918 1315 4999 )t.
1346 4908 1516 4991 Super
1554 4921 1685 4991 alios
1714 4938 1808 4991 per
1840 4940 2093 4987 manuum

512 5015 904 5087 impositioncm
938 5013 1310 5084 Apostolorum
1333 5055 1345 5077 ,
1390 5000 1525 5089 sicut
1554 5015 1783 5091 maxime
1812 5015 2090 5085 plurimos.

450 5093 455 5099 ’
514 5105 688 5175 Super
731 5104 883 5171 alios,
927 5104 1073 5159 nullo
1114 5119 1328 5165 manum
1373 5106 1700 5174 imponente,
1746 5105 1839 5160 sed
1887 5110 2092 5162 cunctis

442 5202 447 5206 ’
511 5196 813 5260 orantibus;
846 5195 984 5249 sicut
1009 5210 1074 5249 eo
1100 5194 1215 5263 ipso
1251 5194 1361 5258 die,
1398 5210 1557 5264 quem,
1597 5194 1909 5269 solemniter
1934 5196 2092 5253 hodie

510 5270 865 5358 celebramus,
897 5301 1017 5353 cum
1047 5294 1223 5341 essent
1259 5286 1309 5339 in
1340 5300 1446 5364 uno
1484 5284 1726 5366 conclavi
1760 5296 1972 5365 centum
2012 5289 2093 5341 vi-

506 5378 639 5449 ginti
668 5380 860 5433 animus
885 5396 1003 5435 cum
1034 5380 1319 5450 Apostolis.
1352 5378 1522 5450 Super
1542 5379 1769 5449 aliquos,
1794 5395 1891 5455 nec
1909 5380 2097 5458 aliqua

510 5485 724 5539 manum
764 5470 1100 5540 imponente,
1132 5484 1229 5524 nec
1263 5469 1439 5540 aliquo
1480 5479 1700 5535 orante,
1733 5471 1827 5526 sed
1869 5471 2087 5529 verbum

568 5584 641 5645 (α)
674 5589 741 5632 De
762 5581 1095 5651 Oorneliol‘et
1124 5580 1210 5651 de_
1228 5581 1448 5651 Eunucho
1476 5581 1698 5651 Caudacae
1737 5587 1942 5647 regine,
1976 5584 2087 5645 vide

568 5617 641 5645 νη
676 5617 741 5632 ..υ
762 5617 978 5633 φωνην
1044 5617 1095 5631 ν.
1125 5617 1187 5629 ..ν
1228 5617 1447 5631 ........ν..ν
1476 5617 1698 5651 νηπυη...
1737 5617 1849 5647 ,νιν

508 5658 670 5713 supra,
691 5658 967 5697 sermonem
988 5617 1094 5706 566,
1121 5656 1167 5691 [ι.
1197 5643 1284 5691 1-6.
1847 5653 1849 5655 ί

1755 226 1813 283 s.
1856 224 2221 284 AUGUSTINI
2261 225 2569 307 EPISCOPl

3660 239 3684 295 Ι
3697 238 3800 296 ἒδϐ

2220 344 2313 400 Dei
2343 348 2546 403 cunctis
2573 347 2937 413 audientibus;
2966 350 3104 406 sicut
3128 364 3288 422 super
3308 351 3448 419 illos,
3480 368 3620 424 quos
3646 359 3807 426 paulo

2217 447 2340 491 ante
2384 441 2818 507 commemoravi,
2859 441 3162 497 Cornelium
3202 454 3257 499 et
3298 445 3622 507 domesticos
3664 447 3796 517 ejus.

2215 527 2322 581 Cur
2342 528 2500 598 igitur
2522 530 2683 593 modo
2711 532 2807 594 sic,
2839 533 3000 588 modo
3034 544 3212 599 autem
3235 535 3343 601 sic,
3374 537 3473 591 nisi
3508 553 3574 593 ne
3603 523 3801 609 aliquid

2216 616 2344 687 hinc
2373 618 2617 675 humana:
2642 622 2903 691 superbia:
2919 664 2932 687 ,
2956 624 3050 677 sed
3077 632 3245 681 totum
3272 625 3466 681 divinzr.
3491 629 3676 698 gratia:
3702 644 3802 700 po-

2215 710 2501 780 testatique
2537 712 2831 781 tribuatur?
2869 715 2993 775 ilice
3028 716 3207 786 itaque
3244 718 3512 775 distinctio
3546 722 3687 777 inter
3711 739 3801 777 ac-

2214 801 2511 873 ceptionem
2553 804 2834 874 Baptismi,
2861 815 2914 861 et
2944 809 3307 877 acceptionem
3342 810 3570 882 Spiritus
3606 815 3799 879 sancti,

2213 893 2343 948 satis
2380 908 2477 948 nos
2517 895 2754 963 instruit,
2787 912 2853 969 ne
2884 897 3081 955 habere
3125 899 3223 954 bos
3265 902 3516 957 continuo
3541 900 3800 972 Spiritum

2212 992 2453 1053 sanctum
2480 994 2743 1055 putemus,
2769 1004 2904 1059 quos
2932 989 3129 1046 habere
3154 990 3483 1060 Baptismum
3510 1009 3615 1047 non
3638 1010 3803 1065 nega-

2212 1091 2351 1131 mus.
2383 1076 2592 1153 Quanto
2618 1082 2785 1151 magis
2813 1082 2930 1145 iilos
2949 1125 2963 1149 ,
2995 1098 3133 1153 quos
3156 1098 3260 1143 non
3290 1086 3462 1149 solum
3501 1088 3645 1157 nulla
3671 1088 3801 1152 Cha-,-

2212 1167 2343 1221 ritas
2386 1168 2689 1227 christiana:
2714 1174 2929 1229 unitatis
2953 1176 3243 1231 armavit‘!
3276 1177 3511 1233 Charitas
3538 1180 3671 1233 enim
3704 1180 3803 1243 Dei

2210 1256 2402 1327 diﬂusa
2419 1272 2494 1319 est
2512 1264 2564 1318 in
2585 1264 2817 1320 cordibus
2836 1267 3052 1331 nostris;
3077 1282 3178 1323 non
3203 1269 3382 1339 utique
3399 1285 3494 1339 per
3509 1287 3606 1326 nos
3628 1272 3794 1341 ipsos,

2209 1353 2309 1415 seti
2330 1355 2468 1410 sicut
2494 1357 2750 1427 sequitur,
2781 1374 2869 1427 per
2899 1358 3149 1428 Spiritum
3182 1369 3411 1414 sanctum
3442 1363 3529 1431 qui
3552 1364 3701 1417 datus
3726 1374 3801 1421 est

2211 1445 2354 1509 nobis
2381 1445 2557 1516 (Rom.
2591 1463 2643 1511 ν,
2674 1448 2753 1523 5).
2794 1448 3151 1521 Quamobrem
3179 1450 3316 1508 sicut
3343 1462 3467 1507 tunc
3496 1453 3801 1525 indicabant

2211 1535 2401 1600 adesse
2452 1526 2710 1606 Spiritum
2773 1549 3014 1595 sanctum
3073 1541 3125 1602 in
3180 1557 3287 1596 uno
3337 1542 3552 1598 homine
3603 1545 3800 1619 lingua:

2210 1628 2447 1695 omnium
2474 1630 2739 1699 gentium;
2769 1631 2849 1702 sic
2883 1646 3005 1686 eum
3033 1647 3174 1695 nunc
3201 1632 3434 1709 Charitas
3462 1632 3660 1710 indicat
3678 1635 3801 1701 uni:

2212 1720 2336 1789 tatis
2362 1722 2598 1789 omnium
2630 1723 2888 1795 gentium.

2280 1813 2335 1875 5,.
2379 1812 2739 1875 Schismaticos
2772 1814 3015 1869 animales
3051 1830 3177 1879 esse,
3212 1831 3305 1873 nec
3342 1815 3523 1873 habere
3546 1815 3798 1887 Spiritum

2208 1912 2456 1975 sanctum.
2487 1902 2783 1959 Donatistus
2796 1920 2968 1973 carere
2985 1905 3247 1960 charitate.
3265 1935 3337 1946 —
3357 1906 3604 1963 Animalia
3628 1916 3798 1967 mitem

2210 1997 2379 2061 homo,
2415 1997 2656 2067 Apostoli
2681 1998 2842 2053 verba
2868 2007 3010 2063 sunt,
3037 2014 3138 2052 non
3162 1997 3377 2069 percipit
3395 2015 3508 2069 qua:
3528 2008 3646 2052 sunt
3668 1998 3797 2067 Spi-

2209 2088 2335 2142 ritus
2360 2087 2457 2142 Dei
2478 2087 2533 2158 (l
2557 2088 2675 2142 Cor.
2698 2104 2755 2151 ιι,
2785 2087 2908 2157 ll).
2946 2088 3015 2142 Et
3038 2088 3219 2159 utique
3240 2089 3500 2143 animales
3526 2088 3788 2159 increpat,

2209 2181 2399 2249 quibus
2414 2180 2487 2235 ait
2511 2197 2524 2233 :
2557 2179 2908 2252 Unusquisque
2932 2190 3149 2253 uestrum
3169 2180 3309 2247 dicit,
3334 2180 3443 2251 Ego
3463 2181 3664 2254 quidem
3685 2196 3799 2245 sum

2210 2270 2387 2349 Pauli,
2419 2287 2511 2342 ego
2538 2281 2704 2325 autem
2751 2270 2953 2343 Apollo,
2984 2288 3076 2342 ego
3103 2287 3215 2339 uero
3250 2270 3469 2342 Cephar,
3509 2287 3599 2342 ego
3627 2280 3798 2325 autem

2211 2363 2418 2417 Christi.
2444 2364 2649 2419 Divisus
2673 2374 2744 2418 est
2771 2363 3039 2419 Christus?
3062 2363 3331 2433 Numquid
3339 2363 3564 2434 _Paulus
3590 2380 3681 2434 pro
3704 2380 3792 2433 vo-

2209 2455 2284 2508 bis
2309 2456 2581 2525 crueifixus
2627 2456 2738 2509 est?
2762 2463 2847 2518 aut
2880 2456 2933 2509 in
2968 2456 3168 2509 nomine
3201 2426 3375 2527 Pauli,
3396 2426 3643 2525 baptizdti
3680 2430 3798 2518 estis

2211 2544 2324 2623 (id.
2347 2562 2385 2613 ι,
2412 2546 2499 2613 12,
2525 2546 2613 2617 15)
2630 2548 2652 2600 ?
2668 2545 2816 2603 Sicut
2836 2547 2976 2600 enim
2999 2546 3298 2617 spirituales
3321 2546 3520 2601 unitate
3540 2545 3795 2619 gaudent,

2209 2640 2286 2693 sic
2309 2639 2565 2709 animales
2593 2637 3015 2694 dissensionibus
3042 2632 3292 2715 student.
3322 2639 3397 2693 De
3424 2638 3507 2692 his
3554 2647 3608 2692 et
3632 2637 3801 2703 ludas

2209 2730 2480 2799 apostolus
2507 2728 2841 2798 apertissime
2868 2728 3109 2783 scribens
3139 2747 3153 2782 :
3197 2728 3267 2782 Hi
3292 2738 3409 2800 sunt
3430 2770 3444 2795 ,
3480 2729 3682 2801 inquit,
3711 2732 3799 2797 qui

2208 2830 2468 2893 segregant
2507 2821 2828 2893 semetipsos,
2856 2822 3123 2899 animales,
3157 2822 3389 2892 spiritum
3429 2838 3528 2875 non
3563 2821 3799 2875 habentes

2209 2900 2401 2984 (ludis
2426 2911 2549 2983 l9).
2582 2912 2716 2981 Quid
2756 2911 3089 2987 evidentius?
3118 2912 3245 2982 quid
3273 2912 3609 2981 expressius?
3650 2913 3801 2986 Desi-

2209 3011 2339 3059 nant
2364 3005 2542 3074 itaque
2570 3003 2878 3077 insipientes
2904 3004 3005 3059 sibi
3025 3004 3273 3079 blandiri,
3297 3004 3554 3078 nobisque
3580 3004 3795 3060 dicere:

2208 3093 2345 3163 Quid
2364 3093 2632 3163 accepturi
2658 3110 2863 3159 sumus,
2891 3109 3011 3149 cum
3035 3094 3103 3149 ad
3127 3111 3223 3150 vos
3243 3096 3649 3175 accesserimus,
3674 3110 3797 3151 cum

2204 3187 2314 3255 jam
2344 3200 2443 3240 nos
2484 3185 2813 3255 Baptismum
2855 3186 3055 3241 Christi
3104 3188 3302 3243 habere
3339 3187 3655 3243 fateamini?
3685 3188 3799 3244 Be-

2208 3279 2532 3351 spondemus
2570 3280 2652 3346 eis
2682 3298 2694 3334 :
2726 3279 2942 3349 Habetis
2979 3280 3304 3350 Baptismum
3344 3281 3572 3355 Christi;
3612 3282 3797 3338 venite

2209 3379 2267 3425 ut
2292 3370 2530 3427 habeatis
2548 3381 2599 3427 et
2619 3371 2873 3442 Spiritum
2892 3372 3109 3429 Christi.
3136 3374 3345 3429 Timete
3368 3374 3510 3445 quod
3539 3376 3797 3445 scriptum

2208 3471 2290 3517 est
2319 3480 2331 3516 :
2367 3462 2607 3531 Quisquis
2633 3474 2799 3517 autem
2820 3464 3070 3539 Spiritum
3089 3463 3275 3520 Citriin
3295 3482 3393 3519 non
3411 3465 3575 3533 habet,
3598 3466 3680 3519 hic
3695 3484 3797 3521 non

2207 3563 2279 3611 est
2304 3546 2413 3626 ejus
2433 3555 2607 3629 (liam.
2633 3571 2743 3619 uu,
2767 3555 2842 3627 9).
2872 3556 3120 3611 Induistis
3139 3556 3413 3615 Christum
3432 3556 3600 3612 forma
3618 3573 3799 3613 sacra-

2206 3648 2498 3713 cramcnti;
2531 3648 2732 3704 induite
2752 3648 3047 3713 imitatione
3069 3650 3326 3724 exempli.
3362 3650 3616 3718 Quoniam
3645 3650 3797 3706 Chri-

2204 3747 2310 3792 stus
2338 3756 2431 3809 pro
2460 3739 2601 3793 nobis
2625 3756 2804 3810 passus
2824 3748 2914 3803 est,
2936 3741 3223 3811 relinquens
3248 3742 3390 3795 nobis
3410 3741 3719 3812 exemplum,
3742 3752 3797 3796 ut

2204 3846 2470 3907 sequantur
2498 3832 2702 3903 uestigia
2727 3833 2838 3903 ejus
2869 3830 2912 3904 (Ι
2940 3830 3079 3886 Petr.
3104 3848 3162 3899 ιι,
3189 3831 3305 3903 21).
3342 3833 3520 3888 Nolite
3557 3848 3677 3888 esse
3704 3834 3797 3887 ha-

2205 3918 2373 3982 bentes
2399 3923 2617 3991 formam
2646 3910 2844 3991 pietatis
2865 3963 2879 3985 ,
2921 3922 3151 3995 virtutem
3175 3933 3342 3976 autem
3365 3925 3473 3997 ejus
3494 3924 3796 3994 abnegantes

2206 4009 2267 4080 (ιι
2285 4009 2415 4064 Tim.
2429 4026 2506 4078 ιιι,
2525 4011 2599 4081 5).
2616 4011 2742 4087 Qum
2753 4021 2927 4067 autem
2942 4012 3379 4083 majorestvirtus
3392 4013 3616 4083 pictatis,
3634 4029 3792 4084 quam

2204 4102 2435 4158 cbaritas
2467 4090 2715 4158 unitatis?
2750 4104 2949 4159 Dicitur
2979 4105 3030 4159 in
3061 4104 3314 4171 Psalmis,
3342 4105 3518 4159 Omnis
3556 4122 3791 4159 consum-

2206 4194 2436 4249 mationis
2461 4194 2562 4247 vidi
2592 4195 2745 4263 ﬁnem
2768 4211 2786 4248 :
2806 4193 2961 4249 latum
2982 4196 3273 4263 mandatum
3291 4205 3429 4249 tuum
3446 4196 3591 4250 valde
3606 4194 3784 4265 (Psal.

2203 4300 2381 4363 cum,
2403 4283 2515 4358 96),.
2548 4270 2698 4370 Quod
2723 4285 3051 4354 mandatum,
3079 4287 3178 4341 nisi
3213 4286 3280 4342 de
3305 4301 3409 4355 quo
3443 4286 3643 4340 dictum
3674 4294 3788 4351 est,

2204 4375 2507 4439 Mandatum
2548 4393 2727 4430 norum
2769 4376 2835 4430 do
2876 4377 3044 4443 vobis,
3090 4387 3146 4431 ut
3195 4394 3278 4432 vos
3314 4378 3525 4431 invicem
3568 4377 3791 4447 diligatis

2204 4466 2402 4536 (Ioan.
2430 4483 2544 4534 xm,
2576 4469 2645 4527 '54
2665 4466 2706 4539 ).
2735 4468 2909 4536 Quare
2933 4468 3118 4535 latum,
3147 4469 3246 4523 nisi
3293 4469 3413 4539 quia
3443 4469 3666 4524 charitas
3695 4467 3792 4521 Dei

2203 4556 2391 4623 (li/fusa
2433 4568 2507 4613 est
2547 4558 2600 4612 in
2642 4559 2875 4633 cordibus
2919 4544 3121 4615 nostris
3146 4561 3165 4630 (
3190 4560 3337 4615 Rom.
3369 4577 3421 4624 v,
3462 4559 3577 4631 5)?
3615 4560 3789 4627 Quare

2201 4648 2375 4714 omnis
2414 4649 2888 4704 consummationis
2926 4660 3007 4704 est
3040 4651 3186 4715 linis,
3228 4651 3328 4705 nisi
3367 4652 3489 4721 quia
3530 4651 3788 4721 plenitudo

2201 4740 2325 4811 legis
2348 4748 2419 4794 est
2442 4740 2660 4804 charitas
2682 4759 2701 4806 ;
2735 4750 2788 4796 et
2808 4743 2969 4799 omnis
2997 4742 3078 4801 lea:
3099 4743 3150 4795 in
3178 4742 3272 4796 hoc
3290 4758 3517 4799 sermone
3541 4743 3789 4811 recapitu-

2201 4824 2350 4897 latur,
2381 4832 2435 4885 in
2463 4848 2520 4905 ea
2547 4833 2681 4903 quod
2708 4834 2948 4913 scriptum
2974 4842 3078 4900 est,
3111 4834 3299 4904 Diliges
3333 4834 3617 4903 proximmn
3647 4844 3788 4886 tuum

2198 4932 2441 4993 tanquam
2479 4934 2526 4978 te
2552 4925 2715 4995 ipsum
2745 4925 2916 4997 (Rom.
2949 4943 3061 4990 xui,
3095 4926 3180 4993 10,
3208 4928 3261 4991 9,
3295 4935 3342 4981 et
3369 4924 3539 4981 Galot.
3568 4942 3621 4993 v,
3654 4924 3788 4995 li)?

2200 5013 2274 5070 Ita
2296 5024 2470 5083 autem
2491 5018 2761 5091 proximos
2780 5026 3025 5087 tanquam
3048 5034 3142 5072 vos
3167 5018 3308 5087 ipsos
3328 5017 3562 5087 diligitis,
3588 5025 3642 5071 ut
3663 5031 3782 5070 cum

2198 5106 2325 5162 mali
2358 5106 2575 5177 aliquid,
2609 5108 2747 5177 quod
2792 5124 2891 5162 nec
2921 5109 3089 5163 visum
3110 5150 3123 5173 ,
3158 5124 3256 5167 nec
3299 5108 3577 5179 probatum
3607 5115 3691 5161 est
3732 5106 3783 5160 in

2198 5197 2383 5279 vobis,
2427 5198 2571 5253 credi
2614 5198 2681 5253 de
2723 5198 2876 5255 vobis
2912 5200 3089 5254 nolitis
3110 5240 3125 5263 ,
3156 5201 3207 5257 id
3237 5200 3377 5271 quod
3410 5214 3509 5256 nec
3542 5198 3782 5263 vidistis,

2198 5303 2297 5344 nec
2326 5288 2603 5359 probatum
2630 5290 2935 5361 accepistis,
2976 5290 3043 5345 de
3078 5299 3188 5347 toto
3216 5300 3478 5346 tcrrarum
3503 5288 3636 5345 orbe
3663 5304 3782 5342 cre-

2196 5368 2353 5451 datis.
2853 5436 2856 5440 Α
2882 5370 2885 5371 ν

2270 5470 2320 5524 ι.
2365 5468 2467 5524 Eos
2498 5470 2644 5534 factis
2669 5487 2767 5524 non
2788 5488 2936 5541 posse
2954 5472 3136 5540 dicere,
3162 5473 3405 5531 Dominus
3422 5471 3593 5529 Iesus.
3621 5470 3780 5527 Vide-

2190 5690 2196 5695 _
2264 5629 2278 5660 ί
2319 5630 2398 5691 ilic
2421 5628 2599 5686 deesse
2622 5628 2811 5683 videtur
2836 5628 3026 5701 aliquid.
