4102 6326
325 218 349 274 Ι
359 216 462 273 257

326 330 454 386 mini
481 324 629 381 vobis
654 325 854 390 dicere,
882 324 1131 379 Dominus
1152 322 1324 378 Iesus.
1357 322 1426 377 Et
1453 320 1593 376 forte
1619 333 1729 375 non
1766 318 1924 373 intel-

332 423 555 492 ligentes
597 417 871 472 attenditis
914 416 981 471 ad
1025 416 1079 469 id
1121 415 1263 485 quod
1288 413 1579 484 Apostolus
1618 412 1731 466 ait:
1757 408 1924 465 Nemo

334 513 478 577 dicit,
506 508 751 562 Dominus
777 505 949 570 Iesus,
978 506 1075 560 nisi
1099 506 1153 558 in
1179 504 1382 574 Spiritu
1404 512 1580 559 sancto
1610 502 1653 574 (1
1682 499 1802 556 Cor.
1826 515 1920 565 xu,

337 604 373 659 ὃ
395 602 437 673 ).
466 597 572 655 Sed
602 598 703 652 hoc
732 597 874 667 quod
903 598 999 662 ait,
1039 596 1183 663 dicit,
1225 595 1431 665 signate
1471 593 1704 663 positum
1745 600 1843 655 est,
1874 598 1929 643 et

334 690 551 765 proprio
579 687 811 759 quodam
835 687 1011 742 modo.
1039 684 1205 740 Nemo
1229 685 1373 741 enim
1398 685 1542 747 dicit,
1569 683 1818 738 Dominus
1836 681 1928 735 Ie-

336 803 441 849 sus,
470 784 567 838 nisi
597 783 650 838 in
678 782 878 851 Spiritu
898 789 1072 834 sancto
1095 796 1114 835 :
1137 778 1231 834 sed
1258 777 1306 833 si
1329 777 1450 831 dicit
1471 776 1644 841 factis,
1669 790 1775 830 non
1798 774 1928 828 solis

338 875 534 932 verbis.
556 873 690 929 Nam
712 879 937 942 possunt
963 870 1163 936 dicere,
1192 867 1441 923 Dominus
1464 866 1636 930 Iesus,
1669 866 1831 919 etiam
1860 863 1927 919 de

339 968 534 1039 quibus
561 966 649 1031 ait,
682 965 809 1029 Qute
837 963 1033 1030 dicunt,
1066 962 1253 1031 facite;
1276 975 1391 1029 qua:
1413 967 1580 1013 autem
1602 957 1816 1029 faciunt,
1843 958 1927 1026 fa-

341 1072 453 1115 cere
480 1056 630 1110 nolite
660 1053 871 1125 (Matth.
896 1067 1045 1119 nni,
1067 1050 1145 1123 '5).
1173 1049 1371 1106 Omnes
1399 1048 1654 1112 haereses,
1675 1060 1807 1115 quas
1826 1043 1933 1100 uti-

345 1163 450 1220 que
469 1148 631 1203 etiam
649 1159 747 1199 vos
767 1142 1098 1214 improbatis,
1127 1141 1328 1205 dicunt,
1354 1137 1604 1191 Dominus
1629 1134 1800 1190 Iesus.
1821 1133 1932 1188 Nec

345 1240 526 1309 utique
552 1243 925 1308 segregaturus
951 1244 1034 1289 est
1061 1232 1129 1287 de
1157 1245 1326 1301 regno
1359 1229 1618 1285 caelorum
1643 1240 1766 1291 eos,
1795 1240 1931 1296 quos

347 1330 606 1389 invenerit
633 1329 685 1383 in
710 1328 907 1397 Spiritu
947 1334 1166 1389 sancto;
1196 1332 1251 1379 et
1280 1331 1455 1377 tamen
1483 1320 1590 1374 ait:
1617 1317 1738 1373 Non
1768 1316 1931 1371 omnis

347 1424 433 1493 qui
457 1422 576 1475 dicit
605 1420 748 1485 mihi,
774 1418 1008 1480 Domine,
1036 1416 1266 1482 Domine,
1290 1413 1499 1467 intrabit
1523 1412 1576 1466 in
1601 1426 1813 1481 regnum
1837 1425 1932 1463 cce-

351 1514 535 1569 lorum.
558 1510 663 1568 Sed
692 1510 856 1564 Nemo
882 1510 1023 1575 dicit,
1049 1507 1297 1562 Dominus
1323 1504 1495 1571 Iesus,
1524 1504 1621 1559 nisi
1652 1503 1707 1557 in
1736 1501 1937 1571 Spiritu

350 1613 524 1659 sancto
547 1618 566 1657 :
588 1616 745 1657 nemo
771 1600 949 1671 plane,
973 1599 1067 1656 sed
1097 1614 1162 1655 eo
1196 1598 1356 1653 modo
1384 1612 1489 1668 quo
1521 1596 1719 1652 dictum
1749 1602 1851 1659 est,
1885 1593 1938 1648 id

355 1704 440 1751 est
464 1696 633 1750 factis.
664 1693 815 1750 Unde
842 1701 1059 1749 secutus
1088 1692 1330 1761 adjunxit
1355 1708 1367 1743 :
1397 1688 1505 1745 Sed
1530 1690 1572 1743 is
1596 1689 1680 1760 qui
1708 1688 1830 1757 facit
1854 1702 1941 1740 vo-

358 1788 603 1841 luntatem
641 1785 812 1839 Patris
852 1784 969 1849 mei,
1007 1784 1095 1854 qui
1130 1783 1183 1836 in
1219 1781 1356 1837 cretis
1391 1789 1485 1846 est,
1512 1780 1621 1851 ipse
1649 1777 1853 1832 intrabit
1887 1777 1942 1831 in

356 1896 566 1950 regnum
608 1879 847 1933 caelorum
876 1876 987 1948 (Id.
1012 1891 1103 1943 vn,
1131 1874 1246 1946 21).
1287 1873 1424 1928 Dicit
1459 1871 1602 1927 enim
1638 1878 1692 1925 et
1719 1870 1786 1925 de
1821 1867 1942 1939 qui-

359 1971 584 2026 busdam
628 1969 769 2025 idem
813 1967 1107 2038 apostolus,
1139 1965 1453 2034 Conﬁtentur
1494 1979 1548 2017 se
1586 1977 1730 2015 nosse
1758 1959 1940 2025 Deum,

364 2064 512 2134 [actis
543 2071 706 2117 autem
735 2072 917 2133 negant
946 2058 1069 2130 (Tit.
1097 2075 1134 2125 ι,
1161 2058 1269 2126 l6).
1293 2055 1750 2124 Quemadmodum
1779 2068 1943 2123 nega.

368 2164 452 2209 tur
488 2154 662 2223 factis,
700 2154 779 2208 sic
813 2152 1007 2207 dicitur
1035 2150 1204 2205 factis.
1230 2149 1341 2203 Hoc
1375 2147 1534 2201 modo
1563 2144 1773 2200 dicendi
1800 2159 1945 2198 nemo

360 2248 504 2311 dicit,
533 2245 782 2301 Dominus
818 2243 991 2310 Iesus,
1032 2242 1131 2296 nisi
1174 2240 1227 2294 in
1270 2238 1473 2309 Spiritu
1509 2246 1703 2293 sancto.
1733 2235 1791 2291 Si
1816 2248 1947 2304 ergo

362 2337 554 2393 unitati
574 2351 679 2391 non
699 2333 1053 2399 accesseritis,
1077 2338 1420 2402 segregantes
1440 2328 1812 2396 vosmetipsos,
1835 2325 1950 2379 ani-

363 2429 531 2485 males
569 2402 1018 2497 eritis,‘Spiritum
1049 2440 1155 2479 non
1197 2421 1474 2476 habentes.
1513 2417 1569 2474 Si
1607 2426 1784 2472 autem
1829 2416 1949 2471 ﬁcte

362 2520 718 2586 secesseritis,
744 2517 967 2588 Spiritus
991 2524 1192 2570 sanctus
1217 2510 1504 2583 disciplinas
1532 2508 1737 2580 effugiet
1776 2508 1951 2578 ﬁctum

365 2614 386 2684 (
412 2614 542 2681 Sup.
568 2628 604 2675 ι,
628 2609 726 2684 5).
755 2609 903 2664 Tunc
921 2623 1049 2679 ergo
1077 2622 1171 2661 vos
1197 2612 1438 2660 sanctum
1465 2601 1721 2673 Spiritum
1751 2599 1951 2654 habere

364 2706 691 2779 cognoscite,
735 2702 949 2774 quando
996 2709 1230 2757 mentem
1274 2709 1504 2753 vestram
1548 2711 1643 2767 per
1689 2693 1952 2750 sinceram

366 2798 683 2857 charitatem
711 2797 903 2851 unitati
933 2793 1315 2849 consenseritis
1346 2791 1569 2846 hmrere.
1598 2789 1725 2843 Haec
1756 2788 1835 2842 eis
1864 2800 1952 2841 re-

367 2889 722 2965 spondeamus
737 2887 1058 2953 dicentibus,
1076 2885 1212 2953 Quid
1232 2881 1503 2953 accepturi
1519 2880 1732 2937 sumus!
1750 2891 1955 2947 nosque

366 2983 532 3052 ipsos,
562 2981 771 3047 fratres,
799 2978 1103 3047 exemplum
1135 2976 1243 3030 illis
1271 2974 1533 3029 bonorum
1563 2984 1783 3042 operum
1817 2983 1955 3040 pra:-

364 3072 604 3140 beamus,
635 3086 733 3127 nec
760 3070 884 3141 quia
911 3080 1116 3125 stamus
1144 3064 1537 3136 superbientes,
1562 3077 1663 3119 nec
1686 3061 1752 3116 de
1771 3061 1954 3131 jacen-

368 3164 508 3219 tibus
530 3164 896 3234 desperantes.

833 3271 1061 3328 SERMO
1097 3268 1328 3325 CCLXX
1355 3271 1374 3292 ⁶
1405 3267 1506 3339 (a).

797 3371 845 3412 In
876 3362 960 3412 die
994 3366 1332 3421 Pentecostes,
1369 3373 1399 3410 v
1432 3356 1525 3421 (ι).

441 3470 491 3523 1.
514 3468 588 3523 De
605 3467 804 3538 Spiritu
832 3474 1004 3521 sancto
1027 3464 1296 3517 dicendum
1321 3478 1411 3514 cur
1436 3461 1521 3514 die
1548 3460 1956 3531 quinquagesimo

370 3570 484 3630 post
512 3557 717 3612 Pascha
754 3558 936 3611 missus
976 3556 1058 3609 sit.
1082 3554 1346 3622 Quoniam
1375 3561 1613 3605 sanctam
1644 3549 1956 3604 solemnita-

370 3662 477 3707 tem
499 3649 831 3705 celebramus
851 3647 959 3702 diei
983 3654 1090 3699 tam
1117 3652 1334 3708 sanctm,
1356 3650 1419 3700 ut
1438 3641 1595 3695 hodie
1619 3641 1823 3694 venerit
1847 3640 1959 3708 ipse

368 3743 603 3814 Spiritus
650 3748 888 3806 sanctus,
929 3737 1179 3792 admonet
1225 3749 1323 3788 nos
1366 3743 1471 3787 tam
1513 3732 1695 3787 festiva
1732 3740 1786 3785 et
1809 3738 1957 3799 grata

369 3834 698 3898 solemnitas,
728 3832 795 3888 de
822 3832 938 3901 ipso
966 3830 1108 3884 dono
1130 3826 1243 3891 Dei,
1268 3826 1435 3897 gratia
1465 3825 1579 3890 Dei,
1603 3832 1657 3879 et
1684 3823 1960 3878 abundan-

371 3928 444 3981 tia
486 3922 866 3980 misericordiae
910 3921 1027 3990 ejus
1075 3919 1129 3973 in
1175 3932 1290 3981 nos,
1321 3916 1371 3970 id
1401 3924 1483 3970 est
1516 3914 1583 3970 de
1623 3915 1739 3983 ipso
1761 3913 1960 3983 Spiritu

374 4026 563 4073 sancto
591 4013 791 4085 aliquid
831 4013 994 4082 loqui.
1024 4010 1081 4066 In
1125 4008 1304 4064 schola
1343 4005 1552 4062 Domini
1581 4004 1960 4073 condiscipulis

371 4111 655 4181 loquimur.
692 4106 999 4177 Magistrum
1044 4103 1188 4157 enim
1234 4100 1492 4155 habemus
1538 4112 1723 4163 unum,
1763 4097 1816 4151 in
1854 4110 1960 4166 quo

368 4217 557 4257 omnes
585 4214 769 4257 sumus
793 4212 958 4253 unum
988 4214 1001 4250 :
1030 4195 1119 4265 qui
1152 4208 1270 4259 nos,
1299 4206 1366 4245 ne
1393 4190 1529 4244 forte
1557 4188 1625 4242 de
1654 4187 1960 4258 magisterio

369 4293 649 4364 superbire
669 4291 981 4355 audeamus,
1002 4286 1296 4351 admonuit,
1321 4293 1375 4339 et
1396 4284 1493 4350 ait,
1515 4280 1689 4335 Nolite
1712 4281 1881 4335 vocari
1897 4280 1960 4334 ab

372 4385 653 4439 [nominibus
673 4382 837 4437 Rabbi
848 4398 867 4447 ;
887 4396 1022 4435 unus
1051 4386 1120 4432 est
1140 4377 1275 4431 enim
1294 4375 1531 4446 magister
1556 4381 1713 4426 uester
1730 4370 1961 4427 Christus

372 4476 588 4548 (Matth.
612 4490 767 4541 χχιιι,
792 4473 869 4545 8).
888 4471 998 4527 Sub
1021 4471 1121 4524 hoc
1146 4483 1273 4537 ergo
1302 4465 1574 4536 magistro,
1601 4463 1753 4532 cujus
1779 4461 1962 4518 cathe-

370 4567 466 4623 dra
506 4566 698 4621 coelum
725 4572 828 4630 est,
856 4563 979 4633 quia
1007 4557 1285 4615 erudiendi
1327 4571 1509 4611 sumus
1536 4556 1552 4585 ⁸
1576 4553 1794 4608 Litteris
1820 4553 1954 4622 ejus,

371 4655 633 4711 advertite
656 4667 825 4722 pauca
854 4665 973 4718 quae
997 4649 1192 4713 dicam,
1217 4646 1449 4701 donante
1478 4644 1594 4713 ipso
1617 4644 1706 4713 qui
1730 4642 1879 4711 jubet
1904 4652 1962 4697 ut

373 4748 566 4804 dicam.
590 4744 691 4813 Qui
722 4742 910 4806 noetis,
939 4740 1193 4802 recolite;
1224 4738 1316 4807 qui
1346 4735 1688 4805 ignorabatis,
1716 4735 1958 4804 accipite.

375 4841 531 4909 Smpe
554 4844 732 4892 movet
752 4834 987 4888 animum
1013 4831 1099 4901 pie
1123 4830 1411 4893 curiosum,
1441 4828 1485 4881 si
1513 4836 1687 4881 tamen
1716 4827 1963 4880 admitta-

377 4941 464 4986 tur
500 4930 732 4985 humana
773 4924 1027 4995 fragilitas
1065 4930 1118 4977 et
1155 4920 1436 4975 inﬁrmitas
1466 4918 1590 4972 talia
1618 4917 1959 4987 perscrutari.

376 5021 488 5076 Ιιιιο
516 5020 833 5075 admittitur.
862 5010 977 5070 Non
1006 5012 1147 5069 enim
1182 5008 1323 5081 quod
1355 5008 1407 5063 in
1438 5007 1726 5077 Scripturis
1765 5007 1963 5062 sanctis

1686 3216 1731 3227 ’σξη

442 5140 455 5170 ¹
486 5146 534 5187 tn
556 5150 654 5186 uno
679 5142 777 5195 Ms.,
815 5129 952 5193 cujus
975 5125 1207 5179 cathedra
1240 5123 1293 5177 in
1325 5121 1446 5175 coelo
1467 5127 1556 5183 est,
1587 5118 1835 5186 quoniam,
1855 5133 1965 5171 eru-

375 5199 740 5257 diendisunms.
972 5253 985 5257 _
1056 5251 1071 5257 _
1130 5251 1145 5257 _
1260 5255 1267 5257 Α
1395 5254 1402 5257 Α
1581 5252 1591 5257 _
1680 5244 1756 5257 m

442 5244 899 5311 IVColvlatus‘nariter
928 5253 987 5303 ad
1029 5251 1091 5303 cl.
1115 5251 1163 5301 d.
1186 5263 1229 5299 ι’.
1255 5255 1292 5298 t.
1330 5254 1426 5299 vat.
1468 5261 1514 5297 ν.
1548 5252 1599 5296 et
1635 5244 1693 5294 ad
1716 5246 1851 5293 sirm.

441 5324 512 5381 (τι)
545 5311 736 5379 Alias,3
762 5332 825 5369 ex
847 5314 1183 5381 Sirmondianis
1204 5311 1282 5361 22.
1377 5370 1392 5381 _
1604 5366 1619 5381 ,
1698 5369 1709 5380 ,

441 5325 490 5381 (n
545 5324 685 5379 Alias,
704 5324 736 5371 5
762 5332 825 5369 ex
847 5324 1183 5366 Sirmonaiams
1204 5324 1282 5361 22.

441 5324 661 5448 (binim
717 5381 882 5430 Florus
923 5378 983 5427 ad
1021 5382 1057 5424 tl
1099 5381 1202 5448 Cor.
1250 5388 1333 5448 mg,
1684 5369 1963 5448 innataqu-

376 5430 700 5509 scriptis'iwe
739 5450 807 5509 Ex_
854 5451 1082 5509 sermone
1123 5438 1207 5509 de_
1234 5430 1955 5509 quinquagesimampaﬁbgu

380 5492 593 5571 iii-ortin
612 5492 765 5571 pejus
797 5502 1092 5571 in_exet_1_si_s,
1133 5516 1156 5546 ι
1178 5492 1506 5571 Exi-sermone
1537 5492 1602 5542 de
1850 5508 1877 5571 si
1913 5500 1962 5542 tn

380 5554 476 5620 {the
502 5554 828 5627 hiantisc'ripw
861 5554 1152 5627 inscribitur,
1185 5558 1287 5607 «de
1317 5554 1719 5627 quinquagesima
1752 5554 1959 5609 Pasclue.

385 5613 520 5681 ἰῖδί
526 5613 759 5694 sintita;
775 5613 967 5677 sanctus
998 5613 1174 5676 missus
1208 5627 1283 5673 est
1314 5613 1467 5681 super
1500 5613 1764 5680 apostolos.
1785 5631 1807 5661 ν

1762 204 1994 261 SERMO
2030 205 2281 262 CCLXX.

3138 178 3157 206 ι

3476 212 3616 269 1238

2037 316 2249 385 tegitur,
2276 319 2393 375 ideo
2414 320 2651 378 clausum
2680 332 2764 378 est
2787 336 2844 378 ut
2872 335 3117 394 negetur,
3144 332 3199 379 et
3221 337 3327 379 non
3355 321 3529 391 potius
3557 323 3619 378 ut

2034 406 2265 475 pulsanti
2289 413 2577 477 aperiatur,
2602 412 2809 470 dicente
2839 413 2957 483 ipso
2980 413 3225 478 Domino,
3252 411 3431 478 Petito,
3455 421 3503 465 et
3529 428 3617 466 ac-

2033 494 2265 564 cipietis;
2287 499 2510 566 quaerite,
2537 511 2586 555 et
2608 503 2887 570 invenietis;
2909 504 3122 574 pulsate,
3136 512 3183 558 et
3205 503 3458 573 aperietur
3479 502 3617 558 vobis

2040 583 2251 654 (Matth.
2276 600 2373 653 vn,
2396 587 2474 657 7).
2516 588 2669 660 Saepe
2712 607 2839 662 ergo
2882 602 3060 648 movet
3102 592 3459 647 studiosorum
3502 592 3620 651 ani-

2034 688 2180 728 mum
2230 675 2267 740 ⁸,
2300 690 2463 744 quare
2504 680 2943 751 quinquagesimo
2991 682 3079 737 die
3119 690 3240 752 post
3287 681 3618 737 Dominicam

2035 766 2336 836 passionem
2363 777 2417 822 et
2441 774 2886 828 resurrectionem
2911 776 3107 831 missus
3132 774 3294 831 fuerit
3320 773 3617 846 promissus

2034 856 2263 926 Spiritus
2290 866 2528 915 sanctus.

2106 948 2158 1002 2.
2181 948 2283 1005 Cur
2303 948 2530 1019 Spiritus
2553 963 2756 1007 sanctus
2778 971 2877 1009 non
2900 966 3062 1025 posset
3080 958 3268 1026 uenire,
3289 959 3387 1014 nisi
3409 959 3620 1013 abeunte

2037 1038 2258 1095 Christo.
2283 1038 2589 1095 Humanitas
2617 1041 2833 1111 Christi,
2859 1046 2913 1099 in
2939 1064 3040 1117 qua
3069 1051 3289 1104 humano
3311 1049 3495 1117 aﬂ'ectu
3515 1049 3622 1104 Ita:-

2036 1131 2242 1196 rebant,
2273 1131 2430 1186 oculis
2458 1131 2821 1203 discipulorum
2857 1137 3045 1205 auferri
3071 1139 3258 1194 debuit.
3285 1139 3443 1194 Petra
3470 1156 3624 1210 super

2038 1237 2189 1291 quam
2217 1223 2469 1292 aediﬁcata
2494 1221 2745 1287 Ecclesia,
2768 1224 2875 1294 ipse
2899 1236 2972 1279 est
2997 1229 3241 1284 Christus.
3266 1230 3366 1286 Ubi
3392 1231 3623 1301 primum

2040 1313 2169 1369 illud
2194 1314 2457 1371 admoneo
2472 1314 2798 1372 Charitatem
2822 1328 3076 1386 vestram,
3098 1329 3156 1375 ut
3177 1322 3501 1390 aliquantum
3523 1337 3626 1377 vos

2040 1404 2381 1461 considerare
2402 1421 2507 1461 non
2541 1407 2735 1477 pigeat,
2762 1421 2928 1475 quare
2959 1406 3159 1462 dictum
3185 1410 3255 1464 sit
3278 1410 3347 1464 ab
3371 1412 3487 1480 ipso
3512 1411 3626 1466 Do-

2042 1496 2207 1560 mino,
2236 1494 2358 1550 Non
2379 1504 2537 1566 potest
2560 1496 2647 1551 ille
2665 1497 2850 1563 venire,
2873 1497 2973 1551 nisi
3000 1513 3089 1567 ego
3115 1498 3303 1553 abiero.
3329 1500 3487 1567 Quasi
3516 1500 3623 1554 ali-

2045 1587 2191 1657 quid,
2219 1596 2278 1642 ut
2302 1586 2594 1641 secundum
2614 1589 2884 1643 carnalem
2908 1601 3127 1643 sensum
3156 1588 3452 1657 loquamur,
3474 1589 3631 1659 quasi

2044 1676 2245 1746 aliquid
2292 1676 2349 1731 in
2388 1676 2639 1747 supernis
2683 1676 2940 1737 Dominus
2983 1675 3231 1731 Christus
3275 1686 3530 1743 servaret,
3574 1688 3634 1733 et

2047 1765 2171 1820 inde
2210 1765 2542 1821 descendens
2582 1766 2684 1821 hoc
2723 1765 2868 1835 quod
2906 1766 3172 1832 servabat,
3201 1772 3386 1820 sancto
3412 1765 3636 1835 Spiritui

2048 1858 2494 1923 commendasset,
2522 1866 2575 1912 et
2600 1857 2721 1913 ideo
2746 1857 2811 1912 ad
2838 1872 2937 1912 nos
2959 1858 3143 1913 venire
3164 1872 3269 1912 non
3300 1865 3499 1926 posset,
3530 1856 3638 1911 nisi

2049 1948 2140 2003 ille
2166 1947 2414 2002 rediisset
2451 1948 2541 2018 qui
2579 1948 3011 2004 commendatum
3049 1949 3337 2019 reciperet;
3368 1958 3457 2004 aut
3484 1946 3640 2018 quasi

2050 2052 2149 2094 nos
2169 2047 2453 2108 utrumque
2473 2038 2608 2094 ferre
2629 2054 2733 2094 non
2757 2040 3073 2104 valeremus,
3097 2054 3197 2095 nec
3220 2039 3493 2109 utriusque
3514 2052 3641 2108 pos-

2050 2146 2229 2187 semus
2253 2130 2480 2186 tolerare
2505 2133 2862 2201 prmsentiam.
2883 2132 3044 2198 Quasi
3067 2147 3195 2187 vero
3218 2132 3353 2187 alter
3374 2133 3441 2187 ab
3464 2132 3638 2187 altero

2050 2231 2364 2294 separetur;
2392 2233 2485 2277 aut
2510 2223 2724 2294 quando
2748 2223 2815 2278 ad
2844 2239 2943 2278 nos
2966 2224 3207 2291 veniunt,
3237 2224 3335 2293 ipsi
3365 2224 3639 2296 angustias

2052 2316 2341 2385 patiantur,
2362 2329 2425 2370 ac
2448 2330 2552 2369 non
2581 2315 2753 2384 potius
2775 2330 2870 2370 nos
2892 2315 3191 2371 dilatemur.
3215 2314 3354 2382 Quid
3380 2314 3481 2369 sibi
3505 2330 3641 2384 ergo

2052 2405 2191 2473 vult,
2222 2405 2348 2460 Non
2391 2414 2551 2477 potest
2590 2406 2678 2460 ille
2713 2406 2895 2471 uenire,
2930 2406 3031 2460 nisi
3056 2422 3146 2477 ego
3180 2405 3390 2461 abiero?
3420 2405 3641 2476 Expedit

2052 2498 2204 2565 enim,
2230 2498 2419 2569 inquit,
2451 2497 2587 2552 vobis
2613 2507 2667 2551 ut
2690 2514 2781 2569 ego
2802 2514 2930 2551 eam.
2958 2496 3096 2551 Nam
3120 2498 3166 2551 si
3192 2514 3293 2551 non
3324 2498 3448 2560 iero,
3476 2497 3642 2551 Para—

2055 2590 2209 2646 cletus
2235 2607 2336 2645 non
2364 2591 2523 2645 veniet
2548 2591 2617 2644 ad
2642 2607 2728 2645 uos
2758 2589 2935 2663 (Iona.
2968 2606 3081 2654 xvi,
3109 2590 3185 2663 7).
3217 2591 3328 2646 lloc
3354 2606 3482 2660 ergo
3511 2591 3642 2659 quid

2055 2682 2143 2747 sit,
2171 2691 2428 2752 quantum
2456 2684 2541 2736 vel
2578 2682 2840 2752 capimus,
2880 2682 2964 2736 vel
3008 2682 3366 2748 mstimamus,
3398 2682 3481 2735 vel
3524 2681 3642 2750 ipso

2056 2773 2289 2829 donante
2336 2772 2678 2843 percipimus,
2717 2772 2803 2827 vel
2844 2787 2963 2842 qme
3004 2772 3271 2828 credimus
3301 2772 3569 2841 loquimur
3594 2772 3641 2835 ’,

2056 2864 2291 2921 breviter
2317 2864 2544 2934 accipiat
2571 2864 2815 2920 Charitas
2842 2874 3040 2920 vestra.
3066 2863 3291 2919 Videtur
3317 2864 3466 2929 mihi,
3498 2862 3643 2932 quod

2057 2955 2304 3027 discipuli
2330 2956 2471 3011 circa
2501 2955 2727 3011 formam
2754 2955 3041 3011 humanam
3069 2956 3280 3010 Domini
3307 2953 3505 3009 Christi
3532 2953 3646 3006 fue-

2059 3059 2179 3106 rant
2198 3051 2465 3122 occupati,
2487 3058 2542 3106 et
2562 3058 2808 3120 tanquam
2833 3050 3077 3105 homines
3100 3050 3153 3103 in
3176 3048 3390 3103 homine
3413 3046 3645 3101 humano

2061 3142 2383 3200 tenebantur
2405 3143 2619 3197 affectu.
2646 3141 2867 3197 Volebat
2887 3149 3065 3196 autem
3087 3155 3185 3197 eos
3203 3139 3447 3195 allectum
3470 3137 3646 3208 potius

2060 3235 2258 3293 habere
2286 3234 2544 3299 divinum,
2568 3242 2726 3302 atque
2755 3232 2827 3286 ita
2856 3232 2923 3287 de
2950 3230 3254 3287 carnalibus
3284 3228 3458 3285 facere
3484 3227 3645 3298 spiri-

2061 3328 2228 3385 tuales
2252 3345 2265 3382 :
2292 3325 2434 3397 quod
2464 3340 2567 3379 non
2602 3324 2659 3378 ﬁt
2686 3324 2849 3378 homo
2887 3323 2990 3377 nisi
3027 3322 3168 3377 dono
3197 3321 3426 3390 Spiritus
3454 3319 3645 3374 sancti.

2061 3418 2174 3473 Hoc
2200 3432 2329 3489 ergo
2353 3417 2427 3471 ait
2451 3434 2464 3469 :
2489 3416 2639 3470 Mitto
2660 3414 2812 3469 vobis
2835 3413 3057 3478 donum,
3081 3428 3187 3481 quo
3213 3410 3520 3466 efﬁciamini
3545 3409 3650 3478 spi-

2060 3508 2322 3572 rituales;
2352 3506 2551 3562 donum
2596 3505 2799 3560 scilicet
2839 3504 3067 3574 Spiritus
3108 3501 3298 3557 sancti.
3338 3498 3647 3571 Spirituales

2061 3608 2242 3654 autem
2273 3597 2388 3653 ﬁeri
2416 3611 2522 3651 non
2556 3597 2817 3666 poteritis,
2847 3595 2945 3649 nisi
2974 3594 3216 3649 carnales
3239 3608 3357 3648 esse
3384 3590 3650 3647 destiteri-

2065 3690 2151 3745 tis.
2183 3688 2438 3744 Carnales
2478 3703 2603 3742 vero
2642 3702 2762 3743 esse
2795 3686 3085 3752 desistetis,
3115 3686 3159 3740 si
3203 3685 3371 3739 forma
3409 3682 3587 3739 carnis
3614 3698 3646 3736 a

2061 3779 2256 3836 vestris
2286 3778 2453 3834 oculis
2478 3776 2768 3843 auferatur,
2791 3785 2849 3831 ut
2874 3775 3041 3830 forma
3065 3774 3160 3830 Dei
3182 3774 3371 3829 vestris
3397 3774 3647 3835 cordibus

2063 3869 2329 3924 inseratur
2355 3868 2396 3921 ⁸.
2430 3868 2509 3922 Ex
2553 3868 2653 3921 hac
2695 3867 2836 3921 enim
2882 3866 3112 3919 humana
3158 3864 3327 3920 forma
3369 3865 3645 3930 Dominus,

2063 3960 2166 4014 hoc
2205 3968 2288 4015 est
2330 3959 2495 4013 forma
2543 3957 2719 4023 servi,
2747 3956 3085 4026 Semctipsum
3121 3956 3391 4009 exiuanivit
3430 3960 3648 4026 formam

2062 4054 2191 4106 servi
2230 4050 2482 4120 accipiens
2510 4048 2783 4121 (Philipp.
2820 4063 2875 4114 ιι,
2904 4047 2972 4118 7)
3003 4064 3016 4100 :
3045 4062 3111 4101 ex
3140 4047 3241 4102 hac
3280 4047 3439 4118 igitur
3478 4046 3647 4101 forma

2062 4142 2206 4199 servi
2246 4141 2391 4197 Petri
2439 4140 2602 4195 etiam
2657 4138 2934 4194 tenebatur
2975 4136 3214 4202 ali‘eetus,
3261 4135 3475 4207 quando
3524 4150 3647 4192 eum

2064 4247 2222 4303 quem
2262 4232 2484 4287 multum
2527 4229 2772 4295 amabat,
2808 4229 2942 4283 mori
2986 4228 3225 4283 timebat.
3254 4227 3480 4282 Amabat
3504 4228 3648 4283 enim

2064 4325 2347 4383 Dominum
2389 4323 2574 4379 Iesum
2609 4321 2901 4385 Christum,
2941 4320 3081 4376 sicut
3122 4319 3285 4375 homo
3335 4318 3645 4383 hominem;

2065 4416 2202 4472 sicut
2229 4415 2457 4471 carnalis
2480 4414 2775 4480 carnalem,
2798 4427 2904 4468 non
2925 4412 3062 4467 sicut
3089 4411 3373 4481 spiritualis
3399 4408 3650 4479 majesta-

2066 4516 2194 4564 tem.
2234 4506 2386 4563 Unde
2430 4506 2531 4561 hoc
2573 4504 2893 4576 probamus?
2932 4502 3063 4572 Quia
3104 4517 3223 4557 cum
3270 4500 3652 4571 interrogasset

2066 4601 2180 4671 ipse
2206 4600 2463 4657 Dominus
2487 4597 2777 4668 discipulos
2805 4610 2963 4661 suos,
2995 4595 3113 4666 quis
3142 4593 3209 4647 ab
3234 4591 3539 4647 hominibus
3564 4591 3650 4646 di-

2065 4701 2296 4759 ceretur,
2340 4700 2396 4747 et
2441 4690 2668 4746 aliorum
2711 4688 2995 4759 opiniones
3040 4682 3325 4740 recolendo
3369 4682 3649 4747 dixissent,

2066 4782 2208 4853 quod
2236 4782 2324 4837 alii
2346 4797 2466 4836 eum
2486 4780 2725 4836 dicerent
2751 4781 3031 4842 Joannem,
3055 4775 3144 4829 alii
3176 4775 3364 4838 liliam,
3386 4773 3475 4828 alii
3503 4772 3653 4829 tere-

2067 4874 2225 4927 miam
2249 4913 2263 4938 ,
2300 4881 2391 4927 aut
2428 4888 2587 4926 unum
2628 4887 2693 4927 ex
2734 4868 3047 4939 PrOphetis;
3079 4865 3154 4919 ait
3195 4865 3319 4931 illis,
3356 4863 3457 4919 Vos
3485 4874 3654 4917 autem

2067 4980 2214 5032 quem
2235 4979 2313 5018 me
2332 4979 2438 5017 esse
2461 4962 2664 5017 dicitis?
2690 4962 2755 5016 Et
2775 4960 2961 5014 Petrus
2982 4969 3118 5011 unus
3140 4970 3237 5026 pro
3262 4955 3491 5022 caeteris,
3516 4971 3654 5010 unus

2068 5071 2166 5127 pro
2194 5056 2441 5111 omnibus
2468 5055 2511 5124 ⁸,
2542 5054 2622 5110 Τιι
2647 5071 2717 5117 es,
2751 5052 2939 5122 inquit,
2963 5049 3192 5104 Christus
3219 5048 3383 5103 Filius
3409 5048 3507 5103 Dei
3534 5048 3652 5104 vivi.

2070 5148 2181 5209 [loc
2209 5149 2429 5220 optime,
2458 5146 2798 5204 veracissime
2822 5161 2835 5196 :
2861 5142 3053 5198 merito
3082 5142 3185 5197 tale
3216 5154 3529 5210 responsum
3557 5154 3653 5195 ac-

2132 5302 2149 5334 ι
2195 5308 2248 5350 ιιι
2288 5313 2386 5351 uno
2428 5306 2530 5359 Ms,
2587 5306 2720 5361 saepe
2763 5308 2878 5361 ergo
2931 5303 3110 5358 movet,
3162 5293 3426 5347 studiosum
3475 5298 3655 5345 sancta

2066 5363 2329 5428 Scriptum
2349 5362 2576 5428 αηεῑηιςηι-
2690 5418 2701 5428 .
2793 5417 2804 5427 .

2132 5417 2307 5475 fidem
2332 5433 2410 5472 MS.
2435 5422 2603 5480 habet,
2630 5418 2701 5470 vel
2722 5417 2835 5483 quia
2856 5419 3099 5483 credimus
3122 5417 3347 5483 loqzdtur.

2132 5488 2154 5521 ³
2176 5487 2306 5536 Idem
2327 5492 2429 5545 Ms.,
2456 5490 2507 5532 ut
2528 5484 2683 5546 forma
2708 5480 2795 5532 Dei
2818 5480 2984 5532 vestris
3004 5480 3510 5546 mentibusinscratur.

2131 5553 2154 5581 δ
2184 5549 2312 5662 [gem
2348 5540 2462 5608 avsi,
2504 5540 2557 5595 Et
2599 5552 2766 5595 Petrus
2810 5557 2929 5595 unus
2965 5557 3055 5608 pro
3091 5541 3277 5596 ueteris
3300 5580 3313 5606 ,
3360 5540 3515 5594 unitas
3563 5551 3653 5603 pro

2131 5626 2195 5662 nn
2231 5624 2285 5661 us
3082 5644 3083 5647 η

2068 5624 2285 5665 antinous
3082 5644 3083 5647 η
