4056 6428
479 311 620 373 i239

477 430 662 500 cipere
697 427 913 493 meruit,
945 425 1128 480 Beatus
1161 441 1234 490 es,
1272 424 1453 480 Simon
1486 423 1773 492 Bar-Jona,
1808 425 1927 496 quia
1962 441 2066 480 non

481 523 569 576 tibi
594 520 826 576 reuelauit
847 533 968 572 caro
995 525 1042 571 et
1065 516 1291 588 sanguis,
1315 516 1404 570 sed
1426 514 1582 570 Pater
1609 531 1748 570 meus
1773 517 1859 583 qui
1885 515 1936 569 in
1961 531 2064 570 cae-

479 614 544 668 lis
573 621 666 668 est.
702 609 771 665 Et
810 626 900 681 ego
935 609 1052 663 dico
1087 610 1197 674 tibi,
1230 609 1351 679 quia
1383 615 1437 662 tu
1465 607 1643 663 dixisti
1673 606 1833 673 mihi;
1863 606 2063 671 dixisti,

479 703 641 768 andi;
670 701 866 757 dedisti
911 701 1302 756 confessionem
1325 741 1338 764 ,
1385 700 1564 770 recipe
1603 697 2064 754 benedictionem:

478 807 630 864 ergo,
655 792 722 846 Et
744 809 836 864 ego
857 792 970 846 dico
997 790 1105 857 tibi,
1131 789 1211 846 Tu
1233 808 1284 846 es
1311 790 1488 846 Petrus
1509 808 1527 846 :
1547 791 1668 862 quia
1695 805 1796 861 ego
1821 797 1990 860 petra,
2014 798 2069 842 tu

481 883 711 949 Petrus;
737 899 912 955 neque
951 885 1095 940 enim
1137 898 1166 937 a
1201 885 1362 940 Petro
1405 891 1574 953 petra,
1602 883 1696 938 sed
1726 898 1754 936 a
1784 890 1932 952 petra
1961 882 2066 936 Pe-

480 983 631 1040 trus,
663 975 787 1045 quia
816 991 923 1030 non
962 989 992 1028 a
1034 974 1327 1030 christiano
1359 975 1630 1040 Christus,
1669 973 1763 1029 sed
1792 988 1821 1027 a
1853 971 2068 1028 Christo

480 1066 828 1122 christianos.
851 1065 920 1120 Et
945 1082 1098 1136 super
1122 1066 1254 1122 hanc
1282 1075 1473 1136 petram
1499 1063 1763 1134 aediﬁcabo
1792 1063 2068 1144 Ecetosiam

480 1174 687 1214 meam:
712 1174 818 1214 non
845 1174 1004 1229 supra
1033 1159 1248 1214 Petrum
1279 1158 1421 1228 quod
1449 1167 1502 1213 tu
1531 1174 1588 1213 es
1612 1174 1626 1223 ;
1659 1157 1753 1212 sed
1783 1171 1941 1226 supra
1971 1171 2066 1226 pe-

479 1259 644 1316 tram,
668 1265 827 1320 quam
853 1249 1130 1305 confessus
1157 1263 1238 1305 es.
1263 1248 1554 1318 didi/icabo
1579 1258 1756 1302 autem
1789 1246 2068 1301 Ecclesiant

482 1360 648 1398 meam
672 1359 692 1399 :
714 1343 991 1398 aedificabo
1019 1351 1091 1407 te,
1127 1343 1214 1413 qui
1256 1342 1308 1396 in
1341 1333 1438 1397 hac
1472 1341 1818 1411 responsione
1847 1340 2066 1410 tiguram

481 1444 665 1505 gestas
696 1435 971 1490 Ecclesim.
1000 1435 1112 1490 Hoc
1136 1443 1190 1489 et
1217 1444 1428 1496 caetera,
1455 1424 1671 1503 propter
1694 1431 1835 1502 quod
1862 1431 2070 1486 dixerat

483 1527 695 1595 Petrus,
721 1527 801 1581 Tu
824 1545 875 1582 es
900 1527 1130 1583 Christus
1157 1526 1324 1581 Filius
1349 1526 1445 1580 Dei
1467 1526 1599 1582 nivi:
1623 1534 1677 1581 et
1706 1525 1973 1590 audierat,
2007 1534 2068 1579 ut

482 1620 821 1684 meministis,
852 1617 973 1673 Non
997 1619 1086 1673 tibi
1120 1619 1353 1673 reuelauit
1392 1634 1510 1672 caro
1543 1626 1589 1671 et
1627 1617 1854 1688 sanguis,
1883 1615 1934 1670 id
1961 1625 2064 1682 est,

482 1709 715 1766 humana
740 1725 910 1776 mens,
935 1710 1164 1766 humana
1195 1709 1495 1774 infirmitas,
1518 1707 1746 1762 humana
1778 1706 2062 1777 imperitia,

482 1801 574 1856 sed
600 1800 756 1856 Pater
773 1818 912 1856 meus
930 1803 1020 1872 qui
1039 1802 1093 1855 in
1121 1802 1258 1856 cteli-s
1287 1811 1379 1858 est.
1403 1784 1604 1854 Deinde
1631 1799 1792 1867 coepit
1813 1797 2068 1852 Dominus

482 1890 642 1946 Jesus
664 1905 813 1945 suam
839 1891 1132 1961 praedicere
1153 1891 1474 1960 passionem,
1497 1898 1551 1944 et
1568 1888 1848 1944 ostendere
1872 1895 2066 1956 quanta

483 1990 629 2036 esset
654 1981 722 2036 ab
753 1981 930 2051 impiis
958 1981 1276 2050 perlaturus.
1307 1979 1401 2034 llic
1429 1979 1620 2034 Petrus
1648 1977 1887 2047 expavit,
1920 1984 1973 2030 et
2003 1975 2068 2028 ti-

483 2072 621 2126 muit
649 2086 716 2127 ne
741 2071 937 2142 periret
963 2079 1135 2126 morte
1154 2069 1400 2126 Christus
1423 2070 1586 2123 Filius
1609 2068 1699 2122 Dei
1726 2067 1850 2120 vivi.
1874 2065 2068 2135 Utique

482 2163 730 2220 Christus
751 2163 916 2218 Filius
943 2165 1034 2218 Dei
1054 2163 1181 2232 vivi,
1205 2163 1376 2218 bonus
1404 2162 1471 2218 de
1493 2162 1652 2227 bono,
1681 2161 1821 2216 Deus
1844 2159 1910 2214 de
1935 2155 2063 2223 Deo,

484 2257 636 2312 vivus
655 2256 723 2312 de
745 2257 886 2322 vivo,
916 2255 1034 2310 fons
1055 2255 1178 2310 vitae
1205 2264 1259 2309 et
1287 2269 1413 2309 vera
1439 2253 1562 2317 vita,
1590 2250 1814 2322 perdere
1840 2257 2066 2304 mortem

484 2357 726 2415 venerat,
758 2365 863 2404 non
893 2333 1069 2419 perire
1099 2363 1129 2403 a
1158 2356 1348 2402 morte.
1381 2346 1580 2400 Tamen
1611 2353 1667 2398 ut
1693 2343 1854 2398 homo
1879 2342 2068 2396 Petrus

485 2442 798 2508 exterritus,
839 2441 991 2510 cujus
1030 2447 1166 2505 erat,
1203 2449 1262 2494 ut
1298 2438 1427 2501 dixi,
1462 2438 1602 2492 circa
1630 2435 1824 2492 Christi
1852 2449 2066 2489 carnem

477 2533 753 2587 humanus
776 2531 997 2587 affectus
1021 2549 1034 2585 :
1063 2521 1344 2600 Propitius,
1368 2529 1559 2599 inquit,
1583 2527 1668 2581 tibi
1689 2535 1810 2590 esto,
1830 2524 2068 2587 Domine;

484 2626 633 2689 absit,
659 2640 760 2678 non
787 2624 876 2685 fiat
901 2623 1056 2678 istud.
1082 2623 1147 2677 Et
1169 2621 1428 2676 Dominus
1467 2620 1588 2673 talia
1623 2618 1787 2672 verba
1821 2615 1975 2686 digna
2016 2622 2070 2668 et

483 2729 714 2784 congrua
752 2714 1102 2784 reSponsioue
1128 2711 1384 2767 confutat.
1413 2709 1690 2778 Quomodo
1718 2708 1794 2761 illi
1818 2709 1834 2739 ¹
1859 2705 2068 2762 confes-

483 2805 622 2860 sioni
643 2800 864 2876 dignam
879 2805 1088 2860 laudem
1109 2803 1273 2866 dedit,
1298 2803 1374 2857 sic
1398 2802 1557 2856 etiam
1583 2800 1706 2854 huic
1731 2798 2066 2870 trepidationi

473 2897 699 2966 dignam
725 2897 1119 2968 cnrreptionem
1143 2897 1168 2931 ί
1199 2912 1211 2947 :
1243 2894 1394 2959 Redi,
1426 2893 1615 2961 inquit,
1653 2901 1807 2958 retro,
1839 2900 2064 2945 satanas.

489 2986 588 3041 Ubi
615 2995 699 3042 est
728 2987 857 3042 illud
878 3028 892 3051 ,
923 2987 1108 3041 Beatus
1135 3003 1207 3052 es,
1253 2985 1431 3040 Simon
1461 2981 1770 3037 Bar-Jona?
1796 2983 2067 3050 Distingue

484 3079 645 3132 verba
677 3078 957 3142 laudantis,
989 3086 1043 3133 et
1071 3077 1369 3132 coercentis
1393 3093 1405 3128 :
1429 3075 1696 3145 distingue
1723 3090 1911 3130 causas
1935 3091 2067 3129 con-

485 3169 756 3236 fessionis,
799 3178 854 3224 et
900 3169 1286 3239 trepidationis.
1313 3167 1483 3223 Causa
1525 3167 1914 3222 confessionis:
1948 3165 2068 3220 Non

482 3260 576 3313 libi
603 3261 836 3314 reuelauit
861 3277 982 3314 caro
1005 3270 1051 3314 et
1077 3261 1304 3332 sanguis,
1331 3261 1419 3315 sed
1444 3259 1601 3314 Pater
1624 3277 1762 3314 meus
1790 3261 1875 3330 qui
1899 3261 1950 3313 in
1971 3277 2069 3314 cae-

485 3352 550 3405 lis
589 3359 681 3405 est.
709 3349 880 3406 Causa
909 3352 1275 3422 trepidationis
1305 3371 1318 3406 :
1352 3351 1471 3407 Non
1509 3353 1641 3406 enim
1665 3355 1802 3422 sapis
1826 3367 1939 3422 qua:
1971 3349 2068 3405 Dei

483 3451 624 3510 sunt,
649 3443 738 3498 sed
762 3459 874 3514 qua:
901 3444 1117 3500 hominis
1143 3455 1258 3500 sunt
1287 3444 1497 3518 (Matth.
1521 3461 1628 3510 va,
1655 3443 1862 3514 13-25).
1890 3443 2068 3499 Nolle-

487 3551 608 3591 mus
643 3551 772 3607 ergo
809 3546 866 3592 ut
903 3538 1098 3594 talibus
1136 3539 1363 3606 dicetur,
1401 3538 1620 3610 Expedit
1661 3539 1794 3593 enim
1836 3538 1972 3594 vobis
2013 3549 2068 3593 ut

485 3647 577 3702 ego
603 3631 826 3686 cadant?
854 3631 970 3686 Nisi
1007 3649 1099 3704 ego
1135 3631 1320 3698 abiero,
1357 3631 1656 3686 Paracletus
1683 3649 1784 3686 non
1819 3633 1976 3687 ueniet
2001 3633 2070 3686 ad

483 3740 593 3779 nos.
618 3724 727 3780 Nisi
756 3710 1059 3795 aspectibus
1087 3726 1392 3801 carnalibus
1419 3727 1610 3782 vestris
1637 3725 1866 3781 humana
1898 3726 2067 3781 forma

477 3817 848 3885 subtrahatur,
871 3802 1106 3872 divinum
1135 3819 1331 3889 aliquid
1362 3833 1572 3888 capere,
1596 3818 1816 3885 sentire,
1835 3801 2068 3888 cogitare

486 3909 706 3964 minime
726 3910 988 3980 poteritis.
1009 3909 1121 3964 Hoc
1148 3909 1216 3964 sit
1243 3911 1394 3965 satis.
1411 3908 1537 3963 Inde
1563 3909 1841 3979 oportebat
1867 3919 1925 3962 ut
1951 3918 2069 3979 post

480 3986 936 4055 resurrectionem
965 4010 1020 4055 et
1047 4001 1412 4056 ascensionem
1444 3999 1650 4054 Domini
1682 3999 1807 4055 Jesu
1832 3999 2065 4068 Christi,

485 4091 604 4160 ejus
646 4091 715 4146 de
757 4091 956 4162 Spiritu
1004 4101 1191 4147 sancto
1237 4092 1519 4162 promissio
1564 4092 1940 4161 complerctur.
1981 4091 2070 4146 Sic

487 4183 631 4237 enim
654 4191 707 4238 ct
731 4182 843 4252 ipse
863 4183 1096 4238 Joannes
1121 4183 1441 4253 evangelista
1462 4198 1526 4236 ex
1554 4197 1779 4252 persona
1807 4197 1900 4237 sua
1921 4181 2071 4236 dixe-

487 4283 608 4341 rat,
635 4274 850 4351 quando
872 4275 1028 4330 Jesus
1055 4275 1302 4345 eumdem
1331 4265 1633 4345 significans
1658 4273 1914 4344 Spiritum
1949 4261 2071 4328 san-

490 4377 634 4422 ctum
682 4367 1035 4443 clamaverat,
1073 4367 1256 4423 dicens
1285 4386 1297 4421 :
1333 4387 1350 4418 ι
1383 4367 1438 4422 Si
1469 4367 1586 4436 quis
1615 4367 1754 4434 sitit,
1783 4366 1962 4421 veniat
2004 4366 2070 4420 ad

489 4473 606 4523 me,
639 4467 694 4514 et
722 4457 898 4524 bibat;
931 4467 985 4513 et
1013 4459 1230 4513 flumina
1258 4473 1408 4529 aqua:
1433 4458 1566 4512 viva:
1601 4459 1765 4513 fluent
1793 4458 1860 4513 de
1885 4467 2071 4514 ventre

489 4551 626 4620 ejus.
660 4568 680 4602 ι
712 4549 938 4625 Secutus
983 4550 1124 4604 enim
1167 4549 1505 4621 Evangelista
1548 4549 1622 4603 ait
1650 4566 1664 4603 :
1704 4569 1722 4602 ι
1754 4549 1866 4617 Hoc
1894 4560 2068 4625 autem

491 4643 701 4698 diccbat
723 4642 790 4698 de
811 4623 1028 4713 spiritu,
1055 4657 1211 4712 quem
1233 4641 1497 4711 accepturi
1525 4651 1675 4695 erant
1699 4641 1732 4694 ii
1760 4641 1847 4710 qui
1876 4642 1925 4694 in
1948 4623 2069 4696 eum

491 4737 742 4810 credituri
787 4745 959 4792 erant.
991 4735 1234 4791 Nondum
1274 4736 1413 4791 enim
1453 4743 1567 4789 erat
1605 4733 1832 4808 Spiritus
1879 4733 2067 4799 datus,

489 4831 612 4899 quia
643 4829 799 4901 Jesus
843 4829 1076 4884 nondum
1121 4829 1290 4884 fuerat
1330 4827 1654 4898 glorificatus
1688 4843 1706 4875 ι
1743 4824 1761 4894 (
1790 4823 1944 4879 Joan.
1976 4839 2067 4890 vn,

489 4923 664 4980 37-59
691 4923 731 4994 ).
763 4923 1102 5001 Gloriticatus
1145 4932 1224 4986 cst
1262 4935 1388 4992 ergo
1428 4921 1682 4976 Dominus
1711 4928 1893 4974 noster
1919 4920 2072 4981 Jesus

489 5003 737 5071 Christus
767 5017 1154 5071 resurrectione
1183 5025 1238 5070 et
1267 5014 1598 5090 ascensione,
1636 5021 1689 5068 et
1730 5013 1873 5089 misit
1909 5011 2074 5090 Spiri-

490 5119 602 5161 tum
631 5117 891 5180 sanctum,

433 5185 440 5194 “
565 5199 618 5252 '5.
653 5196 776 5251 Post
804 5197 1240 5268 quadragesimum
1267 5196 1396 5250 diem
1423 5194 1737 5249 Ascensionis
1765 5211 1851 5248 cur
1879 5194 2071 5248 decimo

495 5291 576 5344 die
591 5291 774 5344 tener-it
795 5289 1018 5358 Spiritus
1035 5298 1254 5342 sanctus.
1278 5273 1680 5356 Quadragenarii
1697 5287 1889 5339 numeri
1906 5272 2074 5340 sacra-

495 5392 737 5442 mentum.
768 5380 973 5440 Dcnarii
997 5381 1306 5450 mysterium.
1340 5380 1566 5450 Spiritus
1595 5388 1802 5449 sanctus
1827 5379 1909 5431 die
1937 5378 2076 5431 deci-

495 5491 575 5527 mo
595 5474 727 5527 venit
752 5482 806 5525 ut
831 5472 1141 5543 signiﬁcetur
1168 5473 1324 5540 legem
1364 5472 1563 5541 impleri
1595 5489 1685 5540 per
1700 5472 1936 5542 gratiam.
1971 5469 2076 5524 Lex

489 5568 594 5618 sine
614 5566 777 5636 gratia
803 5552 1054 5635 quomodo,
1071 5565 1235 5618 littera
1255 5574 1323 5617 est
1341 5564 1590 5619 occidens.
1619 5563 1843 5635 Spiritus
1871 5572 2073 5619 sanctus

550 5676 567 5708 ι
590 5675 752 5732 Abest,
775 5674 865 5736 illi,
897 5689 926 5727 a
949 5683 1028 5725 Ms.

549 5738 568 5768 ί
605 5743 654 5800 ιιι
678 5737 852 5810 cortem
877 5747 976 5804 315.,
1009 5737 1361 5791 coercitionem.

1708 310 1761 368 S.
1807 309 2167 367 AUCUSTINI
2209 307 2504 378 EPISCOPJ

3617 307 3759 364 me

2180 426 2357 478 missus
2374 432 2430 477 ut
2454 422 2748 493 impleret-ur
2771 423 2872 477 lex.
2903 422 3051 478 Sicut
3075 429 3250 480 autem
3272 423 3554 481 didicimus
3573 438 3639 479 ex
3668 425 3763 480 Li-

2173 517 2284 572 bris
2304 515 2520 584 sanctis,
2549 515 2894 587 quadraginta
2917 516 3032 572 dies
3055 517 3340 586 complevit
3366 530 3487 571 cum
3514 517 3757 586 discipu-

2175 608 2242 662 lis
2264 609 2372 662 suis
2400 616 2521 676 post
2546 608 3007 673 resurrectionem,
3034 607 3380 662 manifestans
3417 609 3520 685 eis,
3547 592 3616 663 ne
3659 608 3760 661 ali-

2174 699 2300 769 quid
2325 700 2504 754 fictum
2549 700 2933 765 existimarent,
2963 699 3262 754 resuscitati
3285 684 3525 768 corporis
3555 699 3758 753 verita-

2176 790 2526 858 tem,intrans
2551 775 2671 846 cum
2701 792 2778 846 eis
2803 801 2856 846 et
2881 791 3087 857 exiens,
3115 791 3440 846 manducans
3469 803 3523 846 et
3547 790 3760 848 bibens.

2175 883 2594 962 Quadragesimo‘
2619 869 2794 940 autem
2819 885 2924 962 die,
2957 900 3112 954 quem
3142 891 3265 938 ante
3290 883 3388 938 hos
3430 883 3615 938 decem
3639 883 3761 938 dies

2175 960 2654 1042 celebravimus,'in
2680 960 3168 1045 eorum'eonspectu
3191 975 3428 1030 ascendit
3454 975 3505 1029 in
3534 975 3754 1038 emtum,

2175 1066 2469 1136 promissus
2510 1076 2567 1122 ut
2613 1067 2740 1133 ibat,
2775 1068 2843 1121 ita
2887 1076 3146 1123 venturus
3183 1066 3314 1139 (Act.
3354 1083 3392 1134 ι,
3429 1068 3622 1137 δοίης
3657 1075 3761 1121 nec

2174 1165 2256 1212 est
2289 1158 2343 1211 in
2370 1156 2537 1212 forma
2581 1157 2808 1213 humana
2829 1200 2842 1222 ,
2872 1173 2975 1229 qua
3000 1158 3266 1228 judicatus
3292 1167 3392 1223 est,
3422 1159 3473 1213 in
3498 1159 3581 1213 illa
3607 1157 3762 1228 judi-

2174 1256 2408 1302 caturus.
2437 1248 2616 1303 Voluit
2643 1249 2745 1304 alia
2770 1249 2856 1304 die
2885 1265 3042 1319 quam
3079 1250 3318 1304 ascendit
3347 1249 3557 1305 mittere
3580 1249 3760 1319 Spiri-

2175 1347 2286 1394 tum
2315 1351 2592 1416 sanetum;
2621 1357 2726 1396 non
2758 1342 2944 1398 saltem
2976 1352 3094 1412 post
3120 1343 3358 1408 biduum,
3389 1342 3472 1397 vel
3495 1342 3756 1412 triduum,

2175 1431 2268 1485 sed
2299 1440 2417 1501 post
2438 1432 2620 1487 decem
2648 1432 2781 1487 dies.
2813 1432 2937 1488 Haec
2956 1434 3178 1503 quaestio
3224 1433 3547 1505 perscrutari
3581 1443 3636 1488 et
3671 1437 3763 1487 in-

2174 1529 2447 1593 terrogare
2476 1539 2573 1578 nos
2616 1524 2870 1594 compulit
2907 1524 3189 1580 nonnullas
3228 1523 3456 1581 latebras
3499 1541 3762 1580 numero-

2175 1629 2313 1668 rum.
2337 1605 2697 1686 Quadraginta
2740 1615 2854 1671 dies
2893 1624 3080 1686 quater
3115 1616 3311 1672 habent
3355 1616 3562 1672 decem.
3594 1617 3760 1671 Cum-

2176 1706 2456 1762 mendatur
2480 1707 2583 1762 hoc
2609 1724 2847 1774 numero,
2880 1717 3133 1779 quantum
3161 1709 3290 1763 mihi
3319 1709 3546 1774 videtur,
3581 1724 3763 1763 saera-

2174 1805 2432 1852 mentum.
2456 1798 2708 1854 Homines
2729 1800 2869 1854 enim
2890 1799 3192 1854 hominibus
3215 1800 3513 1871 loquimur;
3541 1811 3595 1854 et
3614 1810 3764 1876 recte

2174 1890 2567 1960 Scripturarum
2621 1899 2932 1946 tractatorcs
2993 1891 3239 1957 dicimur,
3295 1907 3400 1946 non
3454 1902 3761 1947 nostrarum

2173 1983 2480 2052 opinionum
2505 1983 2877 2039 affirmatores.
2898 1967 3160 2040 Numerus
3179 1999 3306 2055 ergo
3326 1985 3426 2039 iste
3459 1984 3762 2054 quadrage-

2175 2074 2376 2140 narius,
2425 2082 2612 2143 quater
2641 2074 2840 2129 habens
2875 2073 3082 2141 decem,
3110 2073 3388 2143 significat,
3419 2082 3476 2128 ut
3505 2073 3632 2128 mihi
3685 2075 3767 2127 vi-

2175 2164 2349 2231 detur,
2380 2163 2635 2219 sarculum
2684 2165 2808 2231 hoc,
2862 2163 3004 2234 quod
3057 2179 3198 2219 nunc
3243 2165 3448 2234 agimus
3474 2174 3527 2220 et
3553 2164 3768 2234 peragi-

2177 2275 2328 2327 mus;
2354 2261 2560 2330 agimur
2589 2268 2642 2314 et
2686 2259 3006 2330 peragimur,
3033 2274 3192 2314 cursu
3225 2268 3548 2330 temporum,
3581 2273 3763 2335 rerum

2177 2353 2542 2417 instabilitate,
2593 2353 2905 2407 decessione
2952 2361 3007 2408 et
3052 2351 3422 2418 successione,
3473 2355 3766 2421 rapacitate

2176 2443 2416 2508 volatiea,
2442 2452 2495 2498 et
2542 2443 2770 2516 quodam
2795 2443 2954 2496 fluvio
2978 2459 3156 2498 rerum
3182 2458 3287 2497 non
3331 2443 3762 2518 gausistentium.

2176 2537 2439 2592 Saeculum
2463 2525 2717 2612 hocergo
2743 2535 3070 2607 signiﬁcatur
3097 2536 3200 2591 boc
3246 2551 3502 2604 numero,
3547 2547 3767 2606 propter

2175 2628 2356 2682 mundi
2400 2627 2777 2698 quadripartita
2805 2637 3068 2696 tempora,
3115 2643 3233 2696 qua:
3276 2627 3495 2698 implent
3530 2642 3762 2692 annum;

2175 2719 2587 2794 quadripartitos
2612 2719 2769 2773 etiam
2787 2718 3206 2787 cardinesipsius
3225 2717 3426 2783 mundi,
3460 2726 3616 2771 notos
3642 2733 3762 2771 om-

2176 2810 2351 2875 nibus,
2379 2818 2432 2865 et
2459 2826 2598 2878 smpe
2624 2810 2691 2864 ab
2709 2809 2840 2876 Scri;
2865 2819 2976 2863 tura
3005 2824 3152 2864 sacra
3179 2817 3627 2864 commemoratos
3655 2826 3668 2860 :
3692 2809 3766 2862 Ab

2179 2900 2382 2955 Oriente
2405 2909 2449 2954 et
2474 2900 2760 2963 Occidente,
2785 2902 2846 2954 ab
2861 2900 3103 2966 Aquilone
3126 2909 3173 2953 et
3201 2898 3416 2954 Meridie
3432 2900 3448 2929 ¹
3469 2897 3620 2968 (Luc.
3651 2914 3763 2965 xm,

2173 2990 2285 3064 29).
2309 2993 2410 3046 Per
2434 2992 2547 3046 hrec
2571 3008 2698 3062 ergo
2728 3001 2963 3067 tempora
2994 2991 3394 3061 quadripartita,
3421 2999 3475 3045 et
3496 3006 3594 3060 per
3610 3007 3767 3044 umn-

2174 3082 2298 3137 dum
2322 3081 2783 3153 quadripartitum,
2805 3082 3122 3152 praedicatur
3144 3083 3226 3136 lex
3250 3081 3366 3147 Dei,
3391 3091 3642 3150 tanquam
3671 3081 3768 3134 de-

2176 3175 2354 3229 narius
2379 3190 2650 3228 numerus.
2675 3173 2827 3230 Unde
2843 3184 2896 3228 et
2919 3174 3211 3243 Decalogus
3231 3173 3474 3244 primitus
3490 3189 3771 3228 commen-

2173 3265 2350 3320 datur.
2392 3265 2446 3318 ln
2476 3266 2660 3320 decem
2705 3267 2846 3320 enim
2879 3265 3155 3334 praeceptis
3199 3264 3281 3318 lex
3326 3266 3613 3318 constituta
3641 3275 3725 3318 est
3755 3283 3771 3322 :

2174 3367 2453 3428 prepterca
2470 3358 2590 3426 quia
2606 3357 2817 3411 videtur
2834 3357 2883 3410 iu
2905 3357 3006 3410 isto
3023 3355 3244 3411 denario
3263 3371 3488 3410 numero
3521 3356 3770 3425 qucedam

2175 3449 2446 3520 perfectio.
2467 3449 2647 3519 Usque
2667 3449 2732 3502 ad
2754 3459 2874 3504 eum
2913 3448 3109 3518 quippe
3146 3461 3424 3502 numerum
3452 3461 3772 3516 progressus

2173 3550 2258 3597 est
2277 3541 2628 3603 numerantis,
2648 3548 2702 3594 et
2723 3539 2847 3594 inde
2869 3538 3090 3594 reditab
3119 3553 3225 3593 uno
3247 3553 3413 3608 usque
3441 3536 3509 3591 ad
3552 3537 3768 3604 decem,

2175 3647 2361 3687 rursus
2381 3629 2449 3686 ad
2479 3647 2641 3684 unum
2670 3633 2712 3684 ³.
2736 3629 2824 3684 Sic
2839 3638 3086 3693 centena,
3108 3629 3186 3683 sic
3202 3628 3451 3692 millena;
3486 3627 3565 3682 sic
3579 3641 3768 3696 supra,

2175 3723 2407 3785 denariis
2432 3721 2746 3792 quihusdam
2765 3720 3222 3789 complicantibus,
3242 3719 3446 3772 infinite
3459 3718 3654 3773 crescit
3672 3720 3770 3772 sil-

2176 3830 2239 3869 va
2268 3829 2632 3869 numerorum.
2657 3811 2899 3871 Perfecta
2923 3812 3098 3881 itaque
3128 3813 3208 3867 lex
3229 3812 3280 3864 in
3307 3811 3550 3874 denario,
3593 3821 3649 3866 et
3683 3813 3769 3866 lex

2175 3905 2456 3975 praedicata
2474 3920 2568 3974 per
2580 3903 2834 3962 mundum
2846 3901 3633 3972 quadripartitum,quaterdeni
3645 3916 3776 3972 qua-

2174 3997 2422 4067 draginta
2447 3999 2598 4051 liunt.
2623 3997 2884 4052 Docemur
2913 4004 3110 4058 autem,
3146 3995 3198 4048 in
3221 3995 3318 4051 hac
3355 3995 3772 4050 conversatione

2175 4088 2362 4152 smculi
2384 4087 2540 4157 lmjns
2559 4103 2680 4144 cum
2703 4102 2906 4152 sumus,
2940 4086 3209 4144 abstinere
3229 4100 3327 4139 nos
3349 4101 3377 4142 a
3394 4085 3776 4154 cupiditatibus

2179 4180 2526 4240 saecularibus
2567 4178 2752 4249 :quod
2797 4177 3064 4248 signiﬁcat
3103 4176 3361 4246 jejunium
3397 4175 3770 4246 quadragena-

2177 4274 2313 4328 rium
2345 4281 2527 4328 notum
2558 4271 2806 4328 omnibus
2822 4268 3254 4340 Quadragesima:
3280 4269 3515 4323 nomine.
3534 4267 3650 4322 Hoc
3675 4267 3775 4320 tibi

2177 4365 2429 4434 praecepit
2453 4363 2583 4427 Lex,
2616 4361 2718 4416 hoc
2763 4361 3072 4430 Pr0phetia,
3117 4359 3217 4414 hoc
3242 4358 3617 4428 Evangelium.
3647 4357 3777 4411 Ideo

2177 4456 2298 4526 quia
2326 4455 2429 4510 hoc
2466 4455 2602 4518 Lex,
2628 4453 2888 4523 jejunavit
2912 4452 3256 4522 quadraginta
3300 4450 3490 4505 diebus
3512 4450 3723 4520 Moyses
3759 4467 3772 4502 :

2178 4547 2298 4616 quia
2347 4546 2449 4602 hoc
2512 4543 2834 4612 Prophctia,
2880 4542 3141 4612 jejunavit
3188 4541 3373 4596 diebus
3420 4540 3778 4611 quadraginta

2183 4637 2364 4692 Elias:
2399 4636 2522 4705 quia
2563 4633 2666 4690 hoc
2713 4634 3082 4704 Evangelium,
3126 4633 3382 4702 jejunavit
3420 4631 3779 4702 quadraginta

2179 4729 2367 4784 diebus
2392 4728 2648 4783 Dominus
2685 4726 2946 4782 Christus.
2978 4725 3215 4798 lmpletis
3242 4740 3370 4796 ergo
3395 4733 3518 4795 post
3534 4725 3743 4795 quadra
3759 4757 3782 4768 ο

2179 4820 2322 4890 ginta
2342 4818 2456 4874 dies
2476 4818 2594 4878 aliis
2619 4817 2804 4873 decem
2833 4817 3042 4884 diebus,
3072 4817 3292 4883 denario
3323 4831 3548 4871 numero
3580 4817 3775 4881 semel,

2181 4910 2402 4964 denario
2452 4925 2673 4963 numero
2720 4899 3072 4976 sim'pliciter,
3146 4922 3250 4966 non
3311 4905 3781 4976 quadrupliciter,

2182 5002 2328 5056 venit
2379 5001 2607 5071 Spiritus
2631 5010 2877 5063 sanctus,
2905 5009 2966 5054 ut
2990 4999 3074 5056 lex
3101 4998 3371 5068 impleatur
3400 5013 3498 5068 per
3517 4999 3775 5067 gratiam.

2183 5094 2292 5153 Lex
2319 5093 2459 5149 enim
2484 5092 2600 5148 sine
2624 5093 2791 5162 gratia
2816 5092 2991 5145 littera
3017 5099 3101 5144 est
3125 5089 3392 5153 occidens.
3423 5088 3635 5144 Sienim
3655 5088 3786 5142 data

2181 5194 2307 5258 esset
2335 5183 2435 5249 lex,
2466 5184 2656 5253 inquit,
2696 5198 2808 5252 qua:
2837 5191 3001 5253 posset
3027 5180 3296 5248 vivi/icore,
3345 5180 3556 5233 omnino
3579 5195 3642 5232 ea:
3663 5179 3784 5248 lege

2184 5286 2308 5328 esset
2329 5275 2551 5344 justitia.
2583 5273 2689 5328 Sed
2725 5273 2969 5326 conclusit
3010 5270 3277 5338 Scriptura
3319 5269 3494 5322 omnia
3541 5270 3634 5324 sub
3658 5286 3790 5337 pec—

2183 5375 2314 5432 cata,
2338 5373 2392 5418 ut
2410 5365 2673 5434 promissio
2695 5380 2757 5418 ex
2773 5365 2872 5429 ﬁde
2891 5363 3013 5422 Iesu
3037 5349 3224 5416 Christi
3240 5360 3444 5413 daretur
3459 5361 3788 5414 credentibus

2186 5455 2380 5528 (Calai.
2404 5472 2481 5520 ιιι,
2507 5455 2727 5524 21,22).
2755 5454 2897 5518 Iden,
2931 5453 3120 5511 Littera
3141 5451 3340 5517 occidit,
3363 5451 3592 5520 Spiritus
3607 5462 3787 5504 autem

2250 5616 2262 5644 ί
2301 5613 2438 5660 sirm.
2465 5609 2578 5667 fert,
2603 5610 2744 5665 mari,
2763 5617 2812 5656 ut
2840 5609 3018 5669 legitur
3041 5620 3187 5656 serm.
3212 5606 3320 5668 966,
3349 5620 3396 5655 ιι.
3419 5606 3478 5666 8;
3505 5615 3552 5656 at
3578 5605 3788 5670 Vulgata

2186 5675 2352 5731 habet,
2376 5681 2558 5728 austro,
2584 5681 2634 5721 et
2657 5684 2884 5732 grtrcum,
2911 5681 3064 5718 noton.
3134 5675 3172 5715 at

2250 5740 2267 5768 ²
2290 5744 2337 5784 ιιι
2363 5744 2529 5786 nostro
2547 5743 2646 5795 315.,
2671 5741 2716 5786 et
2738 5745 2905 5783 rursus
2931 5732 2994 5783 ad
3019 5744 3183 5782 union.
