4102 6326
328 231 460 289 {ibi

327 342 544 411 rivi/ient
576 337 643 410 (ll
670 338 790 393 Cor.
820 352 899 405 tu,
932 337 1010 409 6).
1043 336 1156 391 Non
1203 344 1262 391 ut
1288 335 1431 391 aliud
1469 335 1715 405 impleas,
1756 348 1917 402 quam

331 437 422 489 tibi
453 448 548 502 per
576 430 832 485 Litteram
855 429 1072 498 jubetur
1097 445 1109 481 :
1141 427 1234 482 sed
1262 428 1373 481 sola
1392 428 1567 481 littera
1589 439 1741 479 reum
1769 422 1915 488 facit,

329 526 494 597 gratia
517 531 571 579 et
593 538 623 575 a
650 529 866 592 peccato
894 520 1137 583 liberati,
1168 527 1221 572 et
1246 519 1475 572 litteram
1497 517 1660 570 donat
1683 513 1917 583 impleri.

332 614 485 671 Unde
507 613 560 666 ﬁt
583 628 678 682 per
705 612 923 681 gratiam
949 609 1191 664 remissio
1218 608 1453 661 omnium
1476 614 1838 675 peccatorum,
1868 611 1921 657 et

334 706 465 760 ﬁdes
486 718 606 774 qua:
633 718 726 771 per
744 701 1082 755 dilectionem
1110 706 1378 767 operatur.
1395 695 1566 750 Nolite
1582 709 1711 762 ergo
1732 702 1919 763 putare

332 797 633 852 damnatam
664 806 783 846 esse
810 792 1063 853 litteram,
1102 788 1223 858 quia
1250 787 1449 841 dictum
1479 796 1579 850 est,
1614 784 1808 838 Littera
1832 799 1919 836 oc-

335 889 478 944 cidit.
511 887 623 940 Hoc
651 892 732 939 est
756 882 920 946 enim,
970 881 1145 935 littera
1190 892 1312 932 reos
1349 877 1490 931 facit.
1526 877 1689 929 Datur
1714 887 1919 943 praece-

339 989 507 1049 ptum,
538 991 642 1030 non
681 972 948 1043 adjuvaris
976 970 1141 1040 gratia
1173 986 1186 1022 :
1218 968 1469 1021 continuo
1498 974 1549 1019 te
1580 963 1787 1017 invenis
1813 976 1919 1015 non

340 1071 511 1126 solum
545 1083 646 1121 non
670 1073 1003 1134 operatorem
1034 1061 1185 1130 legis,
1230 1060 1325 1114 sed
1353 1058 1512 1112 etiam
1540 1070 1688 1109 reum
1711 1067 1920 1123 prteva-

342 1159 630 1215 rieatiouis.
658 1155 753 1212 Ubi
773 1154 903 1208 enim
920 1169 1021 1205 non
1039 1160 1114 1206 est
1136 1149 1235 1216 lex,
1260 1165 1349 1202 nec
1372 1145 1719 1217 praevaricatio
1739 1141 1916 1217 (Rom.

342 1269 414 1319 tv,
461 1250 567 1320 15).
617 1248 731 1303 Non
779 1260 907 1315 ergo
963 1241 1287 1311 reprehensa
1333 1247 1417 1292 est
1446 1238 1695 1300 lex,cnm
1721 1234 1919 1287 dictum

344 1354 422 1399 est
439 1386 452 1409 ,
477 1342 663 1395 Littera
682 1338 878 1399 occidit,
911 1335 1134 1404 Spiritus
1159 1341 1322 1384 autem
1344 1328 1578 1397 viviﬁcat,
1608 1324 1756 1395 quasi
1780 1323 1921 1377 illam

344 1434 753 1495 condemnaret,
786 1436 839 1483 et
866 1428 1025 1480 istum
1066 1422 1304 1477 laudaret
1333 1438 1344 1473 :
1374 1418 1466 1473 sed
1502 1417 1688 1470 Littera
1720 1413 1921 1479 occidit,

345 1525 454 1580 sola
482 1524 650 1577 littera
671 1520 784 1574 sine
808 1516 994 1588 gratia.
1022 1511 1338 1581 Exemplum
1363 1509 1606 1577 accipite.
1638 1505 1749 1559 Hac
1776 1504 1928 1557 locu-

347 1620 490 1672 tione
520 1613 716 1670 dictum
760 1620 862 1676 est,
895 1607 1121 1677 Scientia
1158 1605 1324 1673 inﬂat.
1370 1601 1505 1667 Quid
1543 1607 1645 1663 est,
1701 1595 1926 1651 Scientia

345 1711 490 1779 inﬂat
510 1708 532 1760 ?
551 1704 778 1762 Scientia
802 1697 1186 1757 damnata-est?
1203 1694 1259 1752 Si
1289 1694 1453 1755 inﬂat,
1485 1691 1675 1747 melius
1698 1685 1927 1756 imperiti

347 1798 753 1855 remanebimus.
799 1792 903 1849 Sed
953 1790 1205 1861 quoniam
1244 1784 1499 1855 adiunxit,
1544 1780 1779 1837 Charitas
1812 1774 1926 1830 vero

347 1893 562 1961 tediﬁcat
583 1889 621 1962 (1
644 1888 760 1943 Cor.
793 1902 902 1949 vm,
932 1858 1005 1955 i);
1026 1880 1294 1953 quomodo
1318 1879 1404 1932 ubi
1419 1875 1676 1945 adjunxit,
1705 1858 1935 1942 Spiritus

348 1992 513 2036 autem
536 1981 769 2049 vivi/ient,
793 1977 939 2032 dedit
964 1974 1201 2043 intelligi,
1238 1972 1432 2026 Littera
1459 1968 1574 2021 sine
1612 1965 1811 2034 Spiritu
1833 1977 1928 2017 oc-

350 2074 495 2137 cidit,
520 2088 641 2128 cum
669 2071 865 2140 Spiritu
896 2066 1148 2129 viviﬁcat,
1191 2074 1246 2118 et
1269 2060 1479 2130 impleri
1506 2060 1740 2112 litteram
1763 2055 1886 2109 facit
1911 2069 1926 2117 ;

349 2168 428 2223 sie
453 2166 668 2222 scientia
688 2165 804 2219 sine
824 2161 1081 2217 cltaritate
1112 2156 1275 2220 inﬂat,
1305 2153 1534 2208 charitas
1560 2166 1678 2205 cum
1709 2146 1930 2203 scientia

352 2260 593 2315 :cdiﬁeat.
627 2259 762 2327 Ergo
792 2256 987 2310 missus
1012 2262 1094 2307 est
1116 2248 1345 2319 Spiritus
1378 2254 1613 2309 sanctus,
1638 2252 1695 2296 nt
1716 2242 1800 2295 lex
1834 2240 1932 2292 im-

352 2351 603 2418 pleretur,
636 2358 689 2403 et
716 2347 867 2400 ﬁeret
891 2343 1030 2414 quod
1070 2344 1182 2411 ipse
1230 2339 1487 2393 Dominus
1525 2336 1753 2398 dixerat,
1809 2329 1930 2383 Non

355 2442 464 2495 veni
511 2442 668 2511 legem
702 2439 905 2500 solvere,
934 2436 1020 2491 sed
1040 2432 1317 2502 adimplere
1339 2428 1549 2495 (Matth.
1583 2442 1636 2491 v,
1656 2424 1768 2496 Π).
1818 2422 1931 2477 Hoc

362 2532 523 2586 donat
547 2529 901 2591 credentibus,
931 2528 1032 2580 hoc
1057 2526 1217 2579 donat
1251 2521 1514 2585 ﬁdelibus,
1549 2519 1649 2572 hoc
1673 2515 1835 2569 donat
1855 2514 1933 2567 eis

357 2623 549 2692 quibus
577 2621 667 2675 dat
714 2619 965 2689 Spiritum
1004 2626 1267 2671 sanctum.
1295 2612 1504 2678 Quanto
1529 2608 1585 2661 ﬁt
1617 2622 1681 2659 co
1708 2604 1934 2675 quisque

361 2713 629 2782 capacior,
656 2721 799 2765 tanto
820 2710 882 2762 ad
912 2706 1231 2778 Operandam
1263 2704 1433 2771 legem
1455 2700 1512 2754 ﬁt
1536 2697 1763 2753 facilior.

378 2851 383 2855 .
426 2808 481 2859 ι.
533 2806 639 2859 Lea:
663 2804 905 2857 charitate
930 2799 1187 2869 impletur,
1222 2814 1323 2849 non
1351 2796 1525 2847 timore
1554 2805 1731 2860 ptume.
1763 2787 1937 2841 Timor

359 2900 488 2952 alius
512 2906 699 2961 castus,
728 2895 859 2948 alius
910 2891 1120 2946 seruilis.
1152 2888 1385 2943 Charitas
1413 2902 1475 2939 ea:
1504 2882 1702 2953 Spiritu
1739 2888 1931 2933 sancto.

363 2994 491 3047 Dico
510 2991 651 3045 enim
681 2987 955 3043 Dilectioni
978 2994 1190 3047 vestrm,
1214 2978 1352 3049 quod
1376 2986 1429 3031 et
1456 2991 1550 3030 vos
1571 2972 1931 3036 considerare,

359 3092 415 3135 et
462 3081 612 3140 facile
661 3079 842 3132 videre
890 3074 1127 3146 poteritis
1169 3088 1182 3123 :
1231 3069 1461 3123 cltaritas
1488 3064 1669 3134 implet
1701 3063 1868 3130 legem
1891 3061 1934 3110 ³.

362 3174 541 3227 Timor
580 3184 853 3240 pmnarum
903 3167 1022 3219 facit
1060 3161 1327 3216 hominem
1374 3156 1604 3226 operari,
1638 3152 1732 3207 sed
1766 3151 1939 3205 adhuc

364 3265 646 3320 serviliter.
678 3263 733 3317 Si
765 3261 904 3315 enim
940 3266 1217 3328 propterea
1247 3252 1374 3306 facis
1406 3249 1624 3311 bonum,
1649 3246 1767 3315 quia
1787 3245 1939 3297 times

366 3358 470 3426 pati
501 3356 826 3410 malum,aut
841 3357 1116 3417 pr0pterea
1144 3359 1249 3397 non
1269 3341 1395 3395 lacis
1412 3340 1629 3401 malum,
1647 3336 1767 3405 quia
1787 3335 1939 3387 times
1986 3384 1993 3391 ,

367 3450 471 3518 pati
499 3448 727 3508 malum;
752 3443 793 3495 si
823 3438 1009 3509 aliquis
1038 3427 1129 3489 tibi
1159 3433 1490 3502 promitteret
1542 3427 1905 3496 impunitatem
1924 3464 1953 3483 ,η

367 3540 543 3593 statim
573 3528 1052 3601 comprehenderes
1092 3524 1444 3590 iniquitatem.
1498 3518 1772 3571 Diceretur
1825 3511 1937 3574 tibi,

369 3633 600 3685 Securus
620 3635 756 3687 esto,
781 3622 907 3676 nihil
926 3617 1143 3688 patieris
1172 3614 1315 3677 mali,
1340 3612 1454 3674 fac;
1484 3609 1702 3663 iaceres.
1728 3606 1943 3660 Timore

370 3724 510 3778 enim
541 3734 711 3790 pusum
742 3711 1073 3769 revocabaris
1094 3750 1107 3771 ,
1163 3722 1268 3761 non
1322 3702 1606 3757 dilectione
1656 3698 1873 3766 iustitiae
1899 3696 1942 3750 ³.

371 3788 614 3869 Nondum
661 3808 802 3863 enim
842 3805 908 3858 de
936 3812 987 3857 te
1016 3799 1248 3855 cbaritas
1273 3794 1607 3864 operabatur.
1636 3788 1770 3842 Vide
1818 3801 1945 3855 ergo

371 3902 815 3978 quemadmodum
844 3898 1073 3952 eharitas
1100 3887 1483 3961 operetur.Sic
1522 3897 1759 3937 amemus
1790 3894 1945 3949 quem

376 4002 644 4061 timemus,
668 4002 726 4048 ut
750 4008 868 4045 eum
900 3996 1045 4043 casto
1066 3998 1247 4039 amore
1264 3982 1559 4033 timeamus.
1589 3973 1718 4028 Nam
1736 3981 1787 4026 et
1818 3986 1950 4024 uxor

373 4099 515 4144 casta
548 4088 696 4140 timet
725 4084 913 4136 virum.
946 4076 1051 4132 Sed
1099 4075 1341 4127 discerne
1376 4070 1503 4121 istos
1536 4066 1771 4118 timores.
1804 4059 1950 4115 Uxor

378 4190 521 4236 easta
548 4182 697 4232 timet
726 4192 791 4228 ne
819 4189 848 4225 a
874 4171 989 4226 viro
1005 4170 1222 4221 absente
1248 4163 1555 4215 deseratur:
1588 4170 1720 4209 uxor
1744 4151 1953 4207 adulte-

379 4289 432 4325 ra
476 4272 625 4324 timet
663 4284 729 4321 ne
762 4281 791 4320 a
838 4264 955 4316 viro
998 4254 1406 4326 superveniente
1449 4243 1950 4319 comprehendatur.

378 4362 619 4417 Charitas
666 4353 1021 4427 ergoimplet
1066 4350 1233 4417 legem
1269 4362 1281 4396 :
1314 4343 1434 4412 quia
1477 4341 1691 4411 perfecta
1734 4336 1954 4389 charitas

381 4461 516 4525 [oras
545 4452 689 4505 mittit
721 4450 947 4501 timorem
978 4442 1021 4514 (l
1047 4439 1202 4495 Joan.
1227 4454 1298 4501 tv,
1324 4435 1446 4502 18);
1477 4433 1720 4486 timorem
1752 4427 1957 4481 scilicet

381 4545 651 4603 servilem,
680 4540 745 4594 de
801 4544 1014 4607 peccato
1042 4532 1361 4586 venientem.
1397 4524 1529 4578 Nam
1560 4523 1707 4574 timor
1754 4517 1957 4572 Domini

383 4646 548 4687 castus
578 4606 830 4701 permanet
861 4628 912 4680 in
963 4623 1202 4677 stcculum
1248 4616 1418 4673 sazculi
1448 4613 1614 4685 (Paul.
1660 4625 1809 4674 xvtu,
1846 4606 1954 4678 10).

384 4728 436 4781 Si
467 4740 593 4793 ergo
621 4722 848 4777 cbaritas
874 4717 1054 4786 implet
1080 4714 1268 4781 legem,
1299 4707 1438 4763 unde
1466 4714 1549 4760 est
1570 4705 1664 4757 ista
1694 4702 1959 4755 charitas?

391 4819 645 4881 Recolite,
690 4811 969 4874 advertite,
1016 4818 1069 4862 et
1116 4805 1309 4866 videte,
1340 4801 1461 4870 quia
1488 4799 1683 4853 donum
1733 4794 1963 4863 Spiritus

390 4911 557 4968 sancti
584 4918 667 4964 est
714 4905 963 4959 Charitas.
994 4898 1223 4953 Charitas
1269 4894 1399 4946 enim
1427 4889 1523 4943 Dei
1566 4887 1755 4952 ili/fusa
1788 4893 1859 4937 est
1909 4883 1963 4934 in

390 5004 624 5059 cordibus
649 4998 829 5053 nostris
851 5010 937 5064 per
958 4990 1207 5061 Spiritunt
1233 4993 1461 5039 sanctum
1483 4980 1569 5049 qui
1599 4979 1747 5031 datus
1772 4984 1842 5028 est
1869 4990 1968 5033 ηος,

391 5104 462 5155 iis
498 5098 675 5169 (Rom.
705 5110 759 5159 v,
793 5093 871 5161 5).
890 5088 1077 5143 Merito
1098 5085 1272 5153 itaque
1299 5076 1528 5147 impletis
1553 5073 1737 5127 decem
1755 5068 1963 5132 diebus,

391 5157 754 5260 quo‘numero-
773 5157 904 5250 legis
923 5178 1083 5233 etiam
1112 5168 1366 5243 perfectio
1394 5161 1818 5222 commendatur,
1862 5157 1967 5209 Dn-

395 5247 564 5335 minus
593 5279 745 5333 .lesus
791 5247 1032 5339 Christus
1076 5264 1217 5320 misit
1252 5259 1506 5330 Spiritum
1542 5260 1786 5316 sanctum
1809 5266 1822 5303 :
1847 5247 1970 5319 quia

459 5418 475 5447 ί
499 5422 666 5464 Noster
688 5418 789 5466 Ms,
813 5404 973 5471 gratia
995 5407 1039 5451 et
1058 5413 1092 5471 ᾳ
1114 5392 1454 5471 nuntiiiter-at.

459 5480 479 5508 ε
502 5439 789 5525 ἴῖῗέᾚαὲῖιῖἓ
798 5439 1039 5523 ἕλ’ἕὸῖὶὲιῖί
1056 5439 1323 5520 genus;
1338 5439 1436 5504 non
1454 5446 1635 5513 implet,
1659 5442 1868 5496 Charitas
1884 5439 1975 5495 ima

397 5544 549 5648 milia
570 5597 750 5659 aliquot
767 5600 896 5648 Mss,
917 5584 1224 5659 deledtatione
1245 5571 1676 5659 justitimfladcm
1714 5568 1857 5619 lectio
1893 5576 1974 5614 re-

400 5644 593 5712 neri-tut:
605 5644 665 5709 inj
677 5663 839 5708 nostro
856 5644 1021 5710 codice
1045 5660 1186 5701 supra
1208 5644 1595 5693 commemorato.

1751 221 1983 277 SERMO
2021 220 2272 278 CCLXX.

3470 223 3611 281 12-ιὲ

2025 335 2195 400 gratia
2251 332 2415 387 donat
2461 337 2612 391 nobis
2657 337 2877 408 implere
2906 337 3106 410 legem,
3136 351 3293 410 quam
3331 350 3433 391 non
3464 342 3611 392 venit

2025 424 2256 489 solvere,
2286 425 2378 478 sed
2404 427 2714 497 adimplere.
2969 418 2975 424 ’

2097 536 2149 590 5.
2185 534 2410 604 Spiritus
2426 550 2627 593 sanctus
2644 543 3023 609 commendatus
3047 544 3099 596 in
3118 541 3399 612 septenario
3429 557 3607 597 nume-

2023 640 2100 677 ro.
2136 623 2486 691 Sanctiﬁcatio
2505 638 2549 679 et
2572 631 2760 683 vacatio
2785 632 3010 699 septima:
3037 631 3154 684 diei.
3179 630 3407 698 Spiritus
3430 638 3605 682 autem

2024 723 2240 767 sanctus
2268 713 2319 766 in
2356 714 2646 783 Scripturis
2674 720 2872 777 sanctis
2901 721 3201 788 septenario
3230 735 3450 773 numero
3476 719 3610 773 solet

2024 803 2423 871 commendari,
2463 820 2570 858 non
2626 805 2844 867 denario
2884 827 2896 864 :
2941 810 3024 864 lex
3074 810 3325 873 denario,
3383 808 3612 877 Spiritus

2024 909 2239 954 sanctus
2292 897 2616 966 septenario.
2667 899 2798 966 Quia
2836 901 2921 955 lex
2978 901 3215 965 denario,
3268 907 3450 953 notum
3488 906 3609 954 est:

2024 991 2145 1059 quia
2185 989 2414 1058 Spiritus
2464 997 2680 1043 sanctus
2720 991 3052 1059 septenario,
3109 1005 3607 1049 commemoramus.

2025 1079 2205 1135 Primo
2230 1080 2284 1133 in
2311 1080 2427 1152 ipso
2453 1078 2609 1143 libro,
2643 1077 2693 1131 in
2725 1080 2897 1148 capite
2927 1080 3043 1133 libri
3074 1080 3159 1149 qui
3183 1079 3485 1143 inscribitur
3509 1077 3612 1132 Gc-

2026 1171 2191 1236 nesis,
2244 1178 2624 1226 enumerantur
2675 1184 2835 1239 opera
2884 1170 2995 1224 Dei.
3025 1169 3111 1224 Fit
3143 1170 3253 1237 lux,
3291 1169 3352 1223 ﬁt
3394 1168 3607 1233 coelum,

2027 1262 2167 1332 quod
2199 1262 2521 1333 appellatum
2566 1270 2650 1315 est
2694 1261 3083 1313 ﬁrmamentum
3133 1262 3271 1315 inter
3320 1274 3510 1329 aquam
3557 1265 3614 1313 et

2027 1368 2251 1422 aquam;
2284 1352 2512 1406 nudatur
2536 1350 2705 1415 arida,
2739 1358 3016 1419 separatur
3039 1365 3185 1403 mare
3205 1366 3234 1403 a
3264 1357 3424 1416 terra,
3456 1348 3614 1403 datur

2030 1453 2185 1497 terra:
2215 1444 2451 1497 omnium
2478 1442 2722 1511 stirpium
2754 1439 2980 1495 fecunda
3021 1440 3335 1507 conceptio;
3364 1439 3496 1491 ﬁunt
3522 1436 3615 1491 lu-

2030 1535 2249 1588 minaria
2273 1534 2443 1603 majus
2465 1541 2519 1588 et
2544 1533 2743 1597 minus,
2775 1532 2854 1585 sol
2880 1530 3091 1595 etluna,
3117 1536 3169 1581 ct
3188 1536 3379 1582 czetera
3401 1528 3611 1591 sidera;

2030 1626 2324 1695 producunt
2349 1640 2499 1695 aquae
2543 1624 2679 1678 fetus
2709 1638 2853 1688 suos,
2894 1618 3037 1675 terra
3066 1634 3241 1679 suos;
3276 1618 3333 1672 ﬁt
3370 1618 3526 1673 homo
3547 1616 3617 1670 ad

2031 1718 2313 1788 imaginem
2346 1718 2438 1771 Dei
2465 1735 2477 1770 :
2510 1716 2743 1784 complet
2773 1715 2909 1769 Deus
2937 1727 3097 1787 opera
3139 1726 3232 1765 sua
3264 1711 3440 1763 omnia
3465 1717 3625 1773 sexto,

2031 1807 2118 1862 die
2142 1824 2155 1872 ;
2187 1808 2237 1861 in
2264 1806 2422 1862 nullis
2450 1806 2699 1875 operibus
2721 1805 2815 1859 Dei
2844 1812 2918 1857 tot
2949 1800 3270 1857 enumeratis
3297 1806 3452 1867 atque
3472 1812 3622 1851 com—

2031 1899 2192 1970 pletis
2222 1899 2399 1952 sonuit
2449 1898 2816 1952 sanctiﬁcatio.
2864 1895 3011 1949 Dixit
3057 1895 3218 1958 Deus,
3253 1891 3373 1945 Fiat
3418 1890 3544 1953 lux;
3575 1896 3624 1941 et

2033 1991 2169 2060 facta
2198 2001 2268 2044 est
2292 1990 2379 2043 lux
2402 2005 2421 2044 :
2439 2000 2482 2043 et
2500 1990 2620 2043 vidit
2649 1986 2786 2041 Deus
2802 1989 2961 2039 lucem
2981 1987 3097 2056 quia
3118 1985 3245 2038 bona
3272 1992 3343 2037 est
3370 2000 3388 2037 :
3411 1998 3515 2037 non
3534 1980 3623 2035 di-

2033 2084 2129 2150 xit,
2161 2082 2507 2137 sanellﬁeavit
2556 2082 2695 2136 Deus
2734 2080 2905 2133 lucem
2941 2097 2953 2133 :
2986 2078 3104 2131 Fiat
3133 2078 3505 2147 ﬁrmamentum
3535 2090 3554 2127 :
3576 2082 3625 2127 et

2037 2177 2226 2245 factum
2257 2183 2327 2226 est
2358 2189 2376 2226 :
2403 2172 2523 2225 vidit
2546 2170 2682 2223 Deus
2709 2170 2830 2239 quia
2859 2168 3043 2222 bonum
3066 2177 3134 2220 est
3153 2183 3171 2219 :
3196 2181 3294 2221 nec
3315 2166 3514 2220 dictum
3541 2170 3626 2217 est

2036 2267 2156 2335 quia
2186 2264 2569 2319 sanctiﬁcatum
2597 2270 2678 2315 est
2706 2261 3117 2314 firmamentum.
3155 2257 3223 2309 lta
3245 2263 3528 2319 etcmtera,
3554 2268 3624 2306 ne

2037 2358 2089 2410 in
2127 2354 2285 2410 rebus
2331 2349 2776 2407 manifestissimis
2807 2350 3172 2411 immoremnr,
3224 2360 3391 2413 usque
3418 2343 3485 2397 ad
3534 2342 3623 2395 illa

2039 2463 2157 2518 quae
2179 2454 2326 2500 sexta
2355 2444 2441 2498 die
2470 2442 2603 2496 facta
2631 2448 2774 2503 sunt,
2806 2454 2925 2492 cum
2954 2437 3169 2491 homine
3195 2445 3374 2489 creato
3400 2432 3466 2487 ad
3490 2433 3624 2485 ima-

2036 2537 2214 2607 ginem
2259 2534 2373 2597 Dei,
2405 2538 2785 2587 enumerantur
2825 2528 3033 2588 omnia,
3073 2525 3205 2578 nihil
3233 2522 3620 2578 sanctiﬁcatum

2038 2628 2251 2683 dicitur.
2291 2624 2514 2677 Ventum
2555 2629 2636 2675 est
2681 2618 2746 2672 ad
2773 2617 3055 2686 septimum
3084 2615 3247 2678 diem,
3290 2612 3387 2667 ubi
3418 2611 3623 2665 nullum

2038 2734 2173 2789 Opus
2203 2716 2397 2770 factum
2427 2722 2528 2775 est,
2551 2710 2644 2765 sed
2667 2708 2870 2763 vacatio
2903 2707 2995 2761 Dei
3017 2707 3332 2771 insinuatur,
3352 2710 3407 2756 et
3427 2702 3626 2755 sancti-

2040 2810 2216 2866 ﬁcavit
2238 2809 2378 2862 Deus
2402 2805 2541 2860 diem
2569 2802 2873 2872 septimum.
2896 2798 2952 2853 In
2974 2797 3275 2867 septenario
3302 2794 3509 2848 dierum
3528 2806 3629 2845 nu-

2040 2914 2189 2956 mero
2214 2899 2381 2968 prima
2410 2893 2586 2949 sonuit
2629 2889 2998 2953 sanctificatio,
3042 2888 3433 2955 Scripturarum
3487 2881 3622 2935 locis

2041 2991 2288 3046 omnibus
2332 2987 2550 3057 quaesita
2586 2993 2639 3038 et
2683 2984 2768 3036 hic
2798 2981 3040 3050 primitus
3066 2980 3297 3032 inventa.
3346 2975 3445 3031 Ubi
3468 2973 3621 3042 quies

2042 3084 2135 3137 Dei
2186 3084 2652 3139 commemoratur,
2700 3073 2851 3143 quies
2879 3072 3039 3126 etiam
3082 3076 3267 3123 nostra
3297 3066 3616 3119 insinuatur.

2042 3174 2157 3229 Non
2180 3172 2322 3227 enim
2339 3167 2599 3223 laboravit
2623 3166 2782 3229 Deus,
2806 3172 2865 3217 ut
2879 3162 3073 3232 quietis
3089 3159 3381 3229 indigeret;
3405 3165 3460 3211 et
3474 3154 3639 3225 quasi

2046 3274 2166 3336 post
2205 3264 2439 3318 laborem
2489 3259 2576 3314 die
2627 3258 2814 3311 feriato
2850 3253 3233 3324 gratularetur,
3280 3246 3629 3305 sanctiﬁe'avit

2046 3372 2170 3412 cum
2201 3355 2365 3417 diem,
2399 3366 2506 3420 quo
2548 3363 2740 3402 vacare
2768 3345 3084 3415 permissum
3128 3351 3229 3397 est.
3259 3339 3498 3395 Carnalis
3546 3347 3631 3391 est

2046 3448 2145 3501 ista
2173 3443 2438 3511 cogitatio,
2463 3440 2729 3493 insinuata
2755 3436 3003 3491 estnobis
3023 3433 3172 3503 quies
3192 3441 3313 3501 post
3339 3430 3479 3483 bona
3507 3444 3628 3482 om-

2048 3537 2134 3590 nia
2161 3548 2321 3603 opera
2340 3534 2537 3593 nostra,‘
2564 3526 2985 3583 sicutinsinuata
3004 3531 3086 3578 est
3103 3521 3197 3576 Dei
3212 3521 3362 3589 quies
3382 3527 3501 3588 post
3513 3532 3626 3572 om-

2048 3632 2135 3685 nia
2161 3629 2297 3682 hona
2338 3640 2501 3695 opera
2542 3637 2656 3676 sua.
2705 3618 2849 3673 Fecit
2874 3618 3028 3671 Jenim
3059 3614 3417 3675 Deus.omnia,
3447 3620 3495 3664 et
3521 3624 3631 3664 ecce

2049 3722 2217 3775 omnia
2240 3718 2371 3771 bona
2419 3715 2581 3768 valde.
2626 3712 2693 3765 Et
2739 3710 2972 3779 requievit
2998 3702 3314 3759 Deus'in'die
3332 3703 3543 3772 septima
3568 3701 3629 3753 ab

2050 3813 2280 3867 omnibus
2305 3808 2535 3878 operibus
2556 3805 2661 3857 suis
2682 3817 2794 3871 qua:
2818 3800 2933 3870 fecit
2966 3797 3115 3868 (Gen.
3148 3812 3256 3861 t-tl,
3294 3793 3373 3862 5).
3398 3790 3630 3860 Requie-

2053 3918 2203 3959 scere
2232 3901 2312 3954 vis
2333 3907 2387 3952 et
2416 3896 2511 3951 tu?
2538 3894 2643 3948 Fac
2670 3891 2842 3962 primo
2869 3902 3029 3959 Opera
3057 3888 3193 3941 bona
3222 3884 3394 3938 valde.
3421 3881 3510 3936 Sic
3532 3880 3631 3934 da-

2053 4006 2104 4051 ta
2127 3992 2419 4050 estJuda-is
2441 3986 2742 4043 observatio
2770 3982 2975 4037 sabbati
3018 3978 3320 4043 carnaliter,
3360 3974 3498 4029 sicut
3523 3987 3632 4027 caa-

2056 4100 2184 4153 tera,
2219 4079 2643 4156 signiﬁcantibus
2677 4073 3045 4131 sacramentis.
3080 4069 3295 4124 Vacatio
3319 4066 3459 4121 enim
3483 4078 3635 4132 qua:-

2055 4181 2177 4235 dam
2195 4174 2449 4245 imperata
2480 4182 2594 4226 est:
2622 4167 2827 4221 vacatio
2854 4165 2942 4218 illa
2966 4161 3105 4232 quod
3131 4158 3411 4228 signiﬁcat,
3437 4165 3491 4207 tu
3515 4168 3632 4221 age.

2056 4270 2275 4325 Vaeatio
2325 4268 2473 4320 enim
2523 4256 2850 4332 spiritualis,
2888 4253 3238 4323 tranquillitas
3292 4258 3375 4304 est
3419 4246 3634 4302 cordis:

2059 4358 2408 4430 tranquillitas
2436 4363 2613 4409 autem
2635 4350 2809 4406 cordis
2833 4346 3074 4418 provenit
3092 4343 3159 4398 de
3180 4340 3462 4396 serenitate
3483 4338 3637 4389 bona:

2060 4449 2415 4509 conscientim.
2445 4448 2583 4515 Ergo
2638 4442 2726 4496 ille
2779 4454 2903 4492 vero
2938 4436 3187 4491 observat
3222 4431 3518 4490 sabbatum,
3546 4423 3635 4494 qui

2063 4560 2167 4598 non
2196 4548 2396 4611 peccat.
2421 4537 2496 4591 ita
2511 4535 2650 4589 enim
2682 4530 2986 4602 praccipitur
3006 4526 3129 4587 illis,
3149 4522 3336 4592 quibus
3353 4519 3637 4572 observan-

2063 4610 2497 4691 dumisabbatum
2526 4624 2866 4696 przccipitur‘:
2895 4619 3055 4674 Omne
3080 4630 3205 4683 opus
3233 4610 3409 4665 servile
3433 4621 3531 4660 non
3554 4610 3637 4674 {a-

2065 4728 2203 4782 cietis
2227 4723 2411 4795 (Leuit.
2440 4734 2591 4781 χχιιι,
2624 4719 2703 4785 7).
2736 4714 2912 4768 Omnis
2959 4710 3043 4779 qui
3068 4705 3189 4776 facit
3209 4712 3484 4773 peccatum,
3527 4714 3630 4750 ser-

2067 4836 2156 4873 vus
2196 4793 2267 4870 est
2296 4812 2486 4884 peccati
2516 4809 2692 4880 (Joan.
2729 4821 2842 4868 vni,
2871 4802 2982 4871 54).
3012 4793 3353 4866 Septenarius
3380 4804 3507 4859 ergo
3545 4803 3651 4842 nuce

2070 4922 2245 4964 merus
2273 4904 2477 4958 dicatus
2503 4878 2586 4955 est
2631 4895 2849 4966 Spiritui
2876 4898 3081 4953 sancto,
3104 4886 3239 4940 sicut
3254 4880 3499 4936 denarius
3515 4878 3638 4947 legi.

2071 5000 2195 5055 Hrce
2220 5006 2271 5051 et
2295 4994 2455 5049 Isaias
2484 4991 2738 5062 propheta
2757 4985 2987 5040 insinuat
3005 4980 3105 5033 hoc
3131 4978 3183 5030 in
3205 4977 3342 5039 loco,
3371 4973 3462 5027 ubi
3484 4970 3640 5024 dicit:

2072 5087 2306 5157 Implebit
2327 5100 2438 5137 eum
2464 5059 2686 5149 piritns
2707 5073 2964 5144 sapientia
2987 5079 3031 5123 et
3047 5067 3321 5122 intellectus
3357 5059 3641 5130 (numera),

2074 5149 2267 5233 consilii
2286 5184 2340 5228 et
2378 5170 2706 5242 fortitudinis,
2737 5162 2954 5218 scientia:
3003 5168 3048 5212 et
3073 5155 3291 5226 pietatis,
3319 5152 3541 5222 Spiritus
3581 5149 3648 5202 ιε-

2076 5269 2229 5324 moris
2255 5266 2345 5323 Dei
2370 5264 2520 5334 (lsai.
2557 5276 2634 5323 si,
2657 5258 2737 5324 2).
2757 5252 2931 5307 Veluti
2969 5246 3300 5304 descendens
3328 5242 3394 5296 ad
3415 5256 3511 5297 nos
3538 5253 3651 5310 gra-

2082 5363 2148 5417 tia
2176 5356 2482 5431 Spiritnalis,
2499 5369 2529 5406 a
2545 5345 2801 5418 sapientia
2819 5342 3018 5411 incipit,
3039 5335 3363 5395 terminatad
3382 5334 3648 5387 timorem.

2079 5453 2185 5507 Nos
2205 5423 2387 5504 autem
2409 5440 2776 5501 ascendentes,
2800 5435 2866 5488 ab
2895 5434 3001 5487 imo
3029 5430 3094 5485 ad
3120 5441 3325 5482 summa
3352 5423 3652 5487 tendentes,

2083 5546 2314 5614 incipere
2340 5539 2593 5594 debemus
2632 5546 2662 5589 a
2692 5529 2906 5607 timore,
2952 5534 3005 5581 et
3030 5521 3313 5578 terminare
3337 5516 3402 5573 ad
3446 5515 3656 5583 sapien-
