4056 6430
463 292 605 349 1245

461 406 613 465 tiam.
643 403 857 458 initium
884 399 1025 455 enim
1045 396 1305 468 sapientiae
1326 394 1474 448 timor
1500 391 1700 447 Domini
1730 391 1909 464 (Psal.
1941 405 2041 455 cx,

461 499 570 569 10).
605 498 844 566 Longum
890 501 1005 558 est,
1066 500 1119 545 et
1147 486 1550 557 supergreditur
1590 486 1739 539 vires
1782 493 1991 538 nostras
2020 483 2036 513 ¹

460 587 672 645 etiamsi
702 601 806 640 non
849 590 1081 638 vestram
1125 579 1463 644 aviditatem,
1509 576 1687 631 omnia
1737 574 2035 629 testimonia

459 692 883 737 commemorare
935 674 1002 730 de
1037 671 1339 744 septenario
1385 684 1630 736 numero,
1678 666 1819 739 quod
1848 666 2038 720 attinet

458 772 524 831 ad
552 770 807 843 Spiritum
838 775 1104 825 sanctum.
1132 765 1236 821 Ista
1265 778 1394 833 ergo
1425 760 1753 816 suﬁ‘ecerint.

528 865 582 921 6.
612 863 720 919 Lex
741 879 831 935 per
854 860 1114 915 denarium
1140 866 1186 912 et
1234 855 1457 926 Spiritus
1479 861 1679 907 sanctus
1706 868 1794 920 per
1818 859 2039 920 septena-

412 923 424 942 .
456 958 589 1014 rium
614 955 666 1009 in
710 923 1135 1025 quinquagenaria
1181 923 1574 1002 commendatus.
1609 941 1739 998 Illud
1784 955 1924 995 nunc
1953 950 2037 993 at-

458 1048 683 1115 tendite,
714 1042 1195 1119 quemadmodum,
1223 1040 1475 1112 quoniam
1501 1054 1597 1110 per
1619 1036 1844 1109 gratiam
1869 1034 2037 1104 Spiri-

453 1148 541 1197 tus
565 1136 733 1193 sancti
761 1136 846 1190 lex
874 1135 1143 1205 impletur,
1173 1141 1227 1188 et
1254 1130 1502 1187 denarius
1525 1142 1778 1183 numerus
1800 1139 2037 1181 comme—

452 1228 745 1286 morandus
767 1227 865 1283 fuit
891 1236 945 1282 et
986 1224 1472 1289 commendandus,
1505 1221 1640 1277 sicut
1661 1218 1773 1290 jam
1794 1215 2034 1272 ostendi~

452 1337 595 1389 mus,
623 1329 677 1376 et
718 1318 1052 1390 septenarius
1079 1326 1295 1387 propter
1340 1315 1511 1385 ipsam
1555 1311 1777 1383 gratiam
1806 1307 2038 1379 Spiritus

450 1418 644 1474 sancti.
666 1414 1086 1473 Commendabat
1127 1412 1367 1469 Christus
1393 1408 1614 1465 denario
1642 1420 1887 1472 numero,
1916 1409 2037 1473 post

451 1510 637 1565 decem
658 1507 774 1565 dies
801 1506 1019 1562 mittens
1047 1504 1299 1575 Spiritum
1331 1511 1569 1556 sanctum
1590 1540 1604 1564 ,
1636 1500 1803 1568 ipsam
1847 1497 2037 1566 legem,

450 1616 608 1674 quam
631 1598 854 1671 jubebat
875 1597 1105 1671 impleri.
1134 1594 1237 1652 Ubi
1264 1608 1393 1664 ergo
1420 1591 1752 1649 inveniemus
1777 1590 1862 1646 hic
1882 1603 2032 1646 eom-

450 1692 850 1750 mendationem
903 1688 1111 1745 numeri
1172 1685 1461 1757 septenarii
1526 1685 1754 1739 maxime
1822 1690 2039 1752 propter

450 1784 625 1855 ipsum
692 1781 949 1852 Spiritum
1002 1778 1281 1854 sanctum?
1332 1776 1505 1831 Habes
1554 1776 1606 1829 in
1664 1773 1845 1828 Tobiae
1899 1772 2035 1827 libro

450 1874 620 1945 ipsam
650 1872 988 1928 festivitatem
1008 1912 1025 1937 ,
1055 1870 1106 1925 id
1151 1878 1234 1925 est
1254 1869 1603 1923 Pentecosten
1630 1908 1645 1933 ,
1684 1873 1929 1920 constare
1970 1862 2038 1922 de

450 1965 760 2037 septimanis
788 1963 949 2034 (Tob.
978 1979 1049 2029 ιι,
1083 1963 1135 2029 1,
1169 1978 1266 2016 sec.
1297 1959 1478 2028 LXX).
1502 1956 1816 2027 Quomodo?
1845 1956 2035 2025 Septe—

449 2060 659 2115 uarium
699 2056 991 2125 multiplica
1015 2070 1109 2125 per
1136 2055 1325 2123 ipsum,
1358 2052 1461 2107 hoc
1489 2058 1572 2106 est
1595 2059 1796 2119 septem
1827 2064 1920 2118 per
1950 2062 2037 2103 se-

451 2160 594 2222 ptem
616 2191 632 2217 ,
658 2148 799 2220 quod
827 2148 881 2203 in
923 2147 1122 2203 scholis
1149 2146 1404 2200 discitur:
1436 2143 1634 2214 septies
1655 2149 1860 2212 septem
1903 2140 2038 2195 ﬁunt

449 2242 799 2315 quadraginta
836 2250 892 2297 et
941 2256 1152 2297 novem.
1184 2239 1265 2293 Ad
1296 2240 1433 2294 hanc
1460 2237 1743 2308 septenarii
1770 2236 1994 2291 formam
2016 2276 2033 2302 ,

449 2334 658 2391 ratione
682 2341 887 2403 septem
910 2348 1005 2403 per
1029 2340 1233 2402 septem
1259 2332 1280 2362 ¹
1312 2349 1326 2386 :
1359 2331 1631 2401 (quoniam
1666 2331 1780 2399 ipsc
1804 2328 2035 2399 Spiritus

448 2434 669 2485 sanctus
693 2424 893 2496 colligit
912 2438 1027 2489 nos,
1061 2433 1116 2479 et
1138 2432 1424 2494 congregat
1448 2437 1545 2478 nos
1573 2440 1586 2477 :
1617 2422 1755 2477 unde
1778 2432 1835 2477 et
1860 2422 2033 2492 ipsum

449 2517 711 2574 adventus
737 2517 819 2573 sui
836 2516 1065 2586 primum
1089 2516 1296 2586 signum
1313 2515 1479 2581 dedit,
1507 2524 1565 2571 ut
1583 2516 1658 2571 illi
1682 2516 1772 2585 qui
1798 2530 1919 2570 eum
1941 2530 2034 2570 ac-

449 2607 690 2679 ciperent
711 2647 727 2674 ,
754 2607 914 2663 etiam
942 2606 1137 2677 singuli
1166 2606 1357 2676 linguis
1395 2607 1640 2661 omnibus
1666 2606 2031 2677 loquerentur.

449 2697 816 2769 Congregatur
862 2698 1005 2752 enim
1037 2697 1212 2751 unitas
1240 2697 1481 2766 corporis
1508 2697 1705 2752 Christi
1750 2712 1817 2752 ex
1859 2699 2033 2753 omni-

449 2791 552 2847 bus
581 2792 794 2862 linguis,
822 2806 917 2860 per
939 2806 1126 2846 omnes
1164 2789 1368 2845 scilicet
1411 2800 1596 2859 gentes
1624 2799 1734 2845 toto
1774 2799 2035 2845 terrarum

449 2883 583 2939 orbe
607 2882 845 2938 diﬁ‘usas.
869 2881 942 2937 Et
968 2880 1109 2951 quod
1146 2895 1283 2936 unus
1308 2889 1433 2935 tunc
1458 2879 1703 2937 omnibus
1733 2880 1925 2951 linguis
1950 2882 2035 2939 lo-

450 2975 743 3047 quebatur,
795 2975 965 3044 ipsam
994 2973 1250 3028 unitatem
1291 2973 1347 3027 in
1386 2973 1579 3043 linguis
1608 2973 1857 3027 omnibus
1890 2971 2036 3029 futu-

448 3085 567 3125 ram
599 3069 909 3125 testabatur.
962 3067 1099 3121 Dicit
1145 3074 1323 3121 autem
1366 3068 1653 3134 Apostolus
1677 3106 1692 3130 ,
1725 3066 2037 3133 Sufferentes

450 3162 661 3216 invicem
680 3162 734 3215 in
758 3159 1027 3213 dilectione
1047 3201 1061 3223 ,
1088 3158 1230 3229 quod
1257 3167 1337 3213 est
1380 3158 1613 3213 charitas
1642 3177 1656 3212 :
1685 3160 1809 3213 satis
1837 3169 2038 3230 agentes

451 3266 652 3306 servare
686 3251 929 3304 unitatem
969 3250 1177 3320 spiritus
1214 3250 1268 3303 in
1308 3249 1507 3304 vinculo
1536 3249 1675 3319 pacis
1696 3248 1912 3321 [Epltes.
1944 3266 1998 3305 tv
2018 3292 2036 3320 ,

452 3344 489 3399 2
507 3353 554 3399 et
574 3342 650 3416 '5].
674 3343 806 3412 Quia
835 3358 963 3414 ergo
1000 3342 1229 3414 Spiritus
1256 3351 1471 3398 sanctus
1499 3357 1564 3398 ex
1592 3343 1770 3399 multis
1792 3344 1845 3399 in
1873 3361 2035 3401 unum

451 3437 654 3509 colligit
673 3452 772 3492 nos
795 3454 810 3491 :
832 3436 1039 3506 capitur
1062 3445 1239 3493 autem
1256 3452 1351 3507 per
1372 3436 1741 3504 humilitatem,
1763 3440 2040 3510 repellitur

453 3544 551 3599 per
585 3527 909 3598 superbiam.
943 3528 1092 3597 Aqua
1127 3536 1210 3583 est
1252 3527 1395 3583 enim
1432 3544 1526 3584 eor
1552 3528 1750 3586 humile
1788 3540 2035 3600 tanquam

451 3619 631 3675 locum
654 3635 946 3675 concavum
967 3634 1234 3690 quaerens,
1264 3620 1351 3674 ubi
1377 3620 1667 3676 consistat:
1690 3622 1919 3678 elatione
1943 3640 2036 3678 au-

453 3720 562 3766 tem
598 3711 894 3781 superbiat,
936 3719 1184 3780 tanquam
1217 3720 1423 3765 tumore
1448 3711 1596 3765 collis
1617 3752 1630 3776 ,
1661 3712 1873 3782 repulsa
1905 3712 2037 3768 labi-

452 3810 577 3857 tur:
606 3801 747 3858 unde
787 3801 985 3857 dictum
1014 3809 1098 3856 est
1117 3842 1132 3867 ,
1158 3800 1297 3856 Deus
1337 3801 1562 3871 superbis
1580 3802 1797 3868 resistit,
1826 3803 2035 3858 humili-

451 3892 547 3947 bus
574 3902 741 3947 autem
778 3892 866 3946 dat
900 3893 1117 3963 gratiam
1149 3890 1369 3963 [Jacobi
1408 3907 1495 3959 tv,
1520 3891 1609 3963 6].
1634 3893 1769 3961 Quid
1801 3903 1881 3949 est
1904 3935 1918 3959 ,
1948 3895 2035 3949 dat

451 3983 711 4054 gratiam?
733 3983 830 4038 Dat
854 3982 1107 4052 Spiritum
1130 3991 1393 4038 sanctum.
1421 3983 1606 4053 lmplet
1635 3983 1881 4049 humiles,
1909 3986 2034 4056 quia

452 4088 676 4143 capaces
703 4073 948 4145 invenit).
973 4074 1110 4143 Ergo
1126 4073 1246 4143 quia
1272 4073 1389 4129 haec
1415 4073 1486 4129 ita
1519 4082 1660 4139 sunt,
1691 4075 1760 4130 ad
1804 4076 2034 4145 quadra-

451 4164 596 4235 ginta
621 4179 832 4231 novem,
861 4166 948 4235 qui
967 4165 1269 4221 efﬁciuntur
1292 4166 1360 4221 de
1378 4174 1581 4236 septem
1609 4182 1707 4237 per
1733 4176 1958 4238 septem,
1978 4179 2037 4226 ut

452 4253 548 4309 ﬁat
570 4253 902 4319 Pentecoste,
925 4270 1062 4309 unus
1088 4255 1380 4319 additur,et
1407 4256 1581 4312 unitas
1604 4259 2028 4315 commendatur.

525 4342 578 4397 7.
592 4342 671 4397 De
688 4344 881 4399 duabus
896 4337 1270 4413 piscationibus,
1290 4354 1336 4399 et
1355 4345 1418 4400 de
1430 4345 1649 4416 piscibus
1666 4358 1865 4404 centum
1882 4350 2036 4420 quin-

450 4434 694 4505 quaginta
713 4435 898 4501 tribas,
926 4436 1088 4504 captis
1124 4446 1237 4507 post
1264 4438 1695 4493 resurrectionem.
1725 4439 1858 4508 Quia
1880 4439 2032 4496 inﬁr-

452 4527 693 4582 mitatem
724 4536 961 4582 nostram
1002 4528 1216 4598 adjuvat
1260 4530 1400 4600 apud
1429 4531 1706 4587 Dominum
1734 4533 1901 4588 Deum
1932 4549 2032 4589 no.

452 4629 622 4675 strum
665 4618 896 4673 studium
941 4618 1224 4675 Charitatis
1263 4630 1483 4689 vestrae,
1527 4622 1721 4693 aliquid
1766 4624 2031 4694 accipite,

452 4720 708 4781 quantum
737 4712 867 4766 mihi
899 4711 1137 4778 videtur,
1168 4722 1316 4769 tanto
1359 4715 1564 4770 dulcius
1589 4731 1709 4771 cum
1733 4718 2031 4788 expositum

454 4803 642 4869 fuerit,
672 4812 870 4874 quanto
897 4804 1191 4861 abstrusius
1219 4806 1266 4862 si
1314 4820 1419 4862 non
1444 4818 1758 4877 exponatur.
1782 4810 1921 4866 Ante
1947 4826 2036 4866 re-

453 4898 856 4961 surrectionem,
910 4897 1164 4955 Dominus
1212 4900 1369 4970 jussit
1409 4900 1680 4972 discipulis
1725 4904 1870 4971 suis,
1894 4914 1950 4960 ut
1980 4905 2034 4960 iu

454 5001 605 5042 mare
631 4988 903 5044 mitterent
956 4993 1109 5055 retia,
1134 4992 1345 5061 quando
1389 5007 1483 5048 eos
1533 4994 1713 5065 elegit.
1740 4996 2029 5065 Miserum,

453 5086 711 5147 ceperunt
738 5081 960 5148 piscium
1007 5083 1398 5138 multitudinem
1453 5084 1893 5143 innumerabilem
1918 5129 1932 5153 ,
1964 5089 2032 5142 ita

454 5177 513 5223 ut
531 5169 662 5225 retia
692 5180 1065 5241 rumperentur
1089 5214 1105 5241 ,
1137 5183 1191 5230 et
1236 5184 1455 5231 onerata
1493 5176 1700 5247 navigia
1728 5193 2034 5248 mergeren-

453 5271 559 5318 tur.
587 5263 703 5318 Non
733 5272 911 5320 autem
963 5268 1214 5337 praecepit
1241 5269 1293 5323 in
1338 5285 1495 5340 quam
1529 5279 1733 5340 partem
1761 5272 2034 5328 mitterent

454 5356 608 5422 retia,
639 5356 732 5410 sed
783 5365 988 5412 tantum
1038 5358 1112 5412 ait
1134 5399 1149 5424 ,
1177 5358 1363 5416 Mittite
1383 5363 1508 5416 retia
1548 5362 1697 5433 (Luc.
1728 5380 1779 5430 ν,
1810 5366 1944 5437 1ο7).
1973 5366 2030 5422 Si

517 5468 535 5499 ί
559 5468 911 5540 ιιίοῌεθςιιιίωιχ
930 5469 981 5540 i_n
1016 5475 1119 5540 Ms,
1146 5469 1239 5521 Sed
1269 5471 1387 5540 quid
1426 5471 1629 5536 facimus
1645 5473 1670 5524 ?
1685 5538 1692 5540 _
1710 5484 2033 5540 Deprecemnr

452 5525 870 5603 ipstut‘t'uedieum
881 5525 1175 5603 jejunantes,
1199 5546 1255 5603 ac
1276 5525 1461 5597 reliqu'a
1486 5525 1725 5588 sermonis
1900 5525 2030 5603 ΕΒ,

452 5600 565 5649 qua
587 5589 665 5639 hic
684 5589 863 5641 librarii
882 5589 1131 5643 oscitantia
1162 5589 1288 5643 male
1308 5589 1467 5647 assuta
1489 5608 1616 5649 sunt.

450 5650 713 5762 ω
742 5654 809 5703 .at
831 5652 953 5705 hanc
984 5654 1241 5719 septenarii
1260 5656 1464 5720 fomtam
1501 5659 1714 5726 rationis,
1744 5667 1923 5729 septem
1943 5678 2031 5731 per

1688 278 1745 334 S.
1787 273 2152 333 AUGUSTINI
2192 277 2494 336 EPISCOPI

3590 289 3736 349 ιω

2151 393 2291 445 enim
2325 395 2661 466 praecepisset
2692 406 2747 453 ut
2786 398 2837 452 iu
2866 399 3136 456 dexteram
3169 413 3371 472 partem
3414 405 3737 476 mitterent,

2150 484 2297 540 solos
2330 488 2499 542 bonos
2536 490 2858 559 signiﬁcaret
2902 494 3017 565 capi
3054 512 3069 550 :
3099 496 3143 550 si
3193 496 3246 551 iu
3270 498 3561 565 sinistram,
3584 501 3739 557 solos

2152 577 2341 632 malos.
2371 577 2505 647 Quia
2530 596 2656 636 vero
2701 585 2894 653 passim
2937 588 3098 642 missa
3142 599 3299 656 sunt,
3335 607 3433 647 nec
3460 592 3515 647 in
3543 592 3737 650 dexte-

2152 680 2287 733 ram,
2314 684 2413 723 nee
2442 670 2493 724 in
2524 671 2829 740 sinistram;
2856 684 2911 730 et
2934 675 3102 732 bonos
3148 689 3202 734 et
3245 666 3434 735 malos.
3483 682 3609 738 litae
3649 695 3738 740 est

2151 755 2406 812 Ecclesiae
2432 760 2747 830 signiﬁcatio
2794 767 3068 834 praesentis
3109 770 3395 839 temporis,
3424 772 3477 826 in
3504 772 3607 828 hoc
3632 788 3737 829 saec

2150 849 2290 903 culo.
2321 849 2453 906 Nam
2481 861 2534 908 et
2583 854 2657 909 illi
2708 856 2850 911 servi
2878 858 3025 913 missi
3053 860 3119 913 ad
3151 861 3399 919 invitatos
3443 866 3727 931 exierunt;

2151 947 2207 995 et
2233 954 2595 1011 quoscumque
2642 945 2955 1006 invenerunt
2984 948 3153 1006 bonos
3195 962 3250 1007 et
3271 954 3443 1008 malos
3489 956 3733 1013 adduxe-

2150 1039 2302 1099 runt,
2324 1041 2378 1087 et
2418 1032 2648 1104 impletae
2669 1046 2793 1092 sunt
2817 1039 3013 1109 nuptias
3056 1042 3477 1099 recumbentium
3498 1045 3735 1116 (Matth.

2149 1134 2259 1173 nu
2282 1162 2296 1187 ,
2329 1121 2438 1193 10).
2462 1120 2860 1195 Congregantur
2908 1143 3036 1199 ergo
3063 1145 3206 1187 nunc
3232 1140 3287 1187 et
3311 1131 3436 1187 boui
3484 1142 3539 1189 et
3564 1136 3734 1204 .mali.

2149 1207 2323 1277 Quare
2350 1221 2530 1267 autem
2553 1222 2608 1269 et
2629 1214 2912 1272 schismata
2939 1218 3100 1285 ﬁunt,
3127 1218 3303 1276 sinon
3331 1225 3463 1278 retia
3499 1223 3737 1281 disrum-

2148 1301 2326 1370 punt?
2368 1301 2544 1371 Quare
2573 1306 2889 1378 plerumque
2935 1309 3207 1365 turbarum
3259 1314 3550 1369 carnalium
3590 1315 3736 1371 male

2148 1395 2579 1451 tumultuantium
2618 1398 2883 1456 scandalis
2922 1411 3137 1472 urgetur
3161 1402 3432 1472 Ecclesia,
3454 1406 3501 1460 si
3544 1419 3650 1460 non
3678 1416 3737 1461 et

2146 1492 2354 1562 navigia
2397 1495 2681 1563 premunt?
2704 1495 2818 1551 Hoc
2854 1511 2981 1567 ergo
3010 1497 3267 1555 Dominus
3313 1510 3435 1554 ante
3480 1514 3733 1555 resurreo

2144 1584 2397 1640 ctionem.
2417 1586 2546 1642 Post
2565 1588 3010 1644 resurrectionem
3028 1599 3205 1646 autem
3234 1590 3434 1647 invenit
3458 1590 3735 1661 piscantes

2143 1675 2388 1732 similiter
2411 1677 2701 1748 discipulos
2724 1693 2851 1735 suos
2874 1680 3067 1749 :jussit
3091 1680 3231 1736 idem
3256 1682 3393 1736 mitti
3419 1682 3551 1737 retia
3573 1722 3589 1747 ,
3616 1697 3729 1738 non

2144 1776 2429 1839 utcumque
2452 1778 2506 1825 et
2535 1771 2730 1841 passim
2755 1811 2772 1839 ,
2809 1772 2929 1843 quia
2950 1771 3061 1842 jam
3091 1782 3210 1843 post
3251 1774 3731 1830 resurrectionem.

2142 1860 2271 1916 Post
2294 1865 2742 1921 resurrectionem
2773 1866 2914 1921 enim
2941 1867 3051 1936 jam
3078 1881 3271 1937 corpus
3298 1868 3414 1938 ejus
3435 1911 3450 1936 ,
3478 1869 3622 1940 quod
3646 1879 3735 1925 est

2141 1952 2407 2021 Ecclesia,
2436 1955 2605 2011 malos
2638 1972 2743 2012 non
2783 1956 3017 2013 habebit.
3047 1957 3267 2027 Mittite,
3296 1960 3498 2031 inquit,
3522 1963 3650 2016 retia
3674 1964 3729 2017 in

2140 2047 2400 2103 dexteram
2446 2058 2661 2120 partem.
2707 2051 2862 2106 Missa
2915 2061 3038 2108 sunt
3063 2054 3197 2108 retia
3221 2094 3237 2120 ,
3278 2068 3347 2109 eo
3373 2054 3632 2125 jubcute,
3673 2057 3731 2111 in

2139 2138 2420 2195 dexteram
2452 2151 2688 2212 partem,
2718 2151 2774 2198 et
2798 2144 2937 2212 capti
2972 2152 3095 2199 sunt
3125 2145 3297 2214 pisces
3333 2128 3465 2201 certi
3491 2148 3728 2203 numeri.

2139 2231 2269 2287 Nam
2297 2233 2372 2288 illi
2399 2234 2516 2291 sine
2555 2251 2813 2300 numero,
2846 2237 2919 2291 illi
2949 2237 3140 2307 quibus
3181 2238 3577 2309 signiﬁcabatur
3620 2239 3731 2296 Ec-

2138 2322 2298 2378 clesia
2324 2363 2339 2389 ,
2363 2339 2483 2394 qua:
2529 2341 2671 2381 nunc
2714 2327 2886 2397 agitur
2909 2369 2924 2393 ,
2954 2335 3201 2398 tauquam
3243 2344 3307 2384 ex
3336 2329 3425 2383 illa
3454 2341 3679 2400 captura
3712 2349 3728 2386 :

2138 2414 2447 2469 Annuntiavi
2472 2426 2517 2471 et
2547 2417 2746 2472 locutus
2786 2435 2900 2473 sum
2919 2460 2934 2485 ,
2964 2418 3286 2490 multiplicati
3309 2432 3426 2477 sunt
3454 2440 3609 2494 super
3627 2442 3733 2478 nu-

2139 2520 2332 2559 merum
2380 2506 2566 2579 (Psal.
2594 2525 2754 2565 xxxix
2778 2551 2793 2575 ,
2822 2509 2913 2584 6).
2943 2510 3312 2581 Intelliguntur
3336 2529 3464 2585 ergo
3510 2516 3729 2587 quidam

2137 2600 2589 2665 supernumerarii
2607 2641 2621 2667 ,
2652 2600 2881 2670 quodam
2909 2602 3069 2658 modo
3088 2603 3338 2673 superﬁui
3361 2623 3376 2661 :
3402 2606 3733 2677 colliguntur

2137 2693 2337 2742 tamen.
2372 2687 2448 2744 lbi
2479 2704 2605 2744 vero
2651 2691 2703 2745 in
2734 2690 2952 2747 dextera
3002 2694 3283 2763 capiuntur
3309 2696 3512 2766 pisces,
3540 2706 3597 2752 et
3622 2714 3729 2753 uu-

2142 2779 2331 2834 merati
2354 2819 2370 2846 ,
2399 2789 2453 2835 et
2475 2780 2668 2852 magni.
2696 2782 2799 2848 Qui
2826 2784 2959 2838 enim
2984 2786 3191 2855 fecerit,
3223 2786 3427 2856 inquit,
3451 2797 3499 2842 et
3521 2788 3599 2842 sic
3626 2789 3729 2844 da-

2139 2870 2296 2923 cuerit
2313 2911 2327 2933 ,
2356 2887 2570 2942 magnus
2599 2874 2856 2927 vocabitur
2881 2876 2934 2928 in
2959 2892 3112 2947 regno
3131 2877 3369 2931 caelorum
3398 2878 3416 2943 (
3439 2877 3628 2932 Matth.
3652 2894 3687 2933 v
3710 2922 3725 2944 ,

2139 2956 2251 3029 19).
2293 2958 2435 3029 Ergo
2472 2962 2612 3031 capti
2656 2972 2780 3017 sunt
2822 2963 2997 3033 pisces
3036 2967 3212 3037 magni
3241 2983 3466 3023 numero
3508 2977 3728 3025 centum

2138 3050 2515 3120 quinquaginta
2564 3061 2693 3108 tres.
2733 3053 2901 3120 Quem
2943 3071 3048 3111 non
3097 3067 3339 3125 moveat,
3372 3074 3479 3114 non
3527 3061 3727 3117 frustra

2139 3139 2298 3195 istum
2324 3158 2603 3199 numerum
2638 3148 3090 3203 commemorari?
3116 3150 3230 3205 Non
3274 3153 3417 3208 enim
3443 3169 3570 3210 vere
3591 3156 3727 3212 nihil

2138 3232 2444 3302 signiﬁcans
2478 3235 2763 3304 Dominus,
2790 3246 2882 3293 aut
2918 3241 3019 3295 hoc
3057 3241 3228 3312 ipsum
3274 3244 3505 3313 diceret,
3538 3246 3727 3306 Mittite

2137 3323 2300 3389 retia;
2326 3334 2417 3379 aut
2446 3326 2736 3395 pertineret
2764 3328 2831 3384 ad
2872 3345 2994 3385 eum
3039 3341 3097 3386 ut
3124 3331 3177 3387 in
3204 3343 3409 3404 partem
3446 3336 3725 3394 dexteram

2138 3415 2494 3472 mitterentur.
2549 3418 2824 3490 Signiﬁcat
2862 3423 3022 3477 etiam
3074 3425 3175 3480 iste
3219 3442 3473 3483 numerus
3508 3434 3725 3488 centum

2137 3507 2515 3578 quinquaginta
2564 3520 2672 3566 tres
2703 3528 2718 3564 :
2748 3521 2799 3567 et
2830 3514 3082 3582 pertinuit
3118 3515 3186 3571 ad
3226 3517 3618 3589 Evangelistam
3637 3523 3728 3578 di-

2136 3614 2292 3665 cere,
2321 3602 2472 3671 quasi
2518 3603 2840 3673 respexisset
2864 3606 3084 3675 primam
3128 3609 3270 3663 illam
3304 3620 3611 3681 capturam,
3634 3616 3727 3672 ubi

2137 3690 2269 3745 retia
2298 3691 2535 3763 disrupta
2571 3693 2857 3751 schismata
2898 3698 3358 3770 signiﬁcaverunt;
3386 3705 3512 3774 quia
3552 3705 3608 3760 in
3634 3708 3728 3764 illa

2137 3779 2378 3837 Ecclesia
2420 3782 2542 3837 vitae
2587 3793 2800 3842 azternae
2843 3788 2986 3843 nulla
3043 3801 3200 3846 erunt
3244 3792 3568 3862 schismata,
3599 3799 3728 3867 quia

2137 3873 2283 3928 nulla
2308 3873 2590 3942 dissensio;
2619 3892 2805 3934 omnes
2844 3882 3053 3951 magni,
3085 3884 3209 3952 quia
3234 3885 3499 3942 charitate
3527 3888 3674 3959 pleni
3708 3908 3724 3946 :

2136 3966 2288 4039 quasi
2337 3982 2464 4038 ergo
2518 3969 2645 4025 illud
2694 3972 2833 4042 quod
2881 3974 3053 4043 primo
3082 3974 3274 4031 factum
3315 3986 3398 4033 est
3422 3979 3491 4035 ad
3518 3981 3731 4051 signiﬁ-

2135 4059 2304 4115 canda
2330 4059 2616 4117 schismata
2638 4066 3001 4134 respexisset,
3024 4068 3277 4137 pertinuit
3295 4069 3361 4125 ad
3385 4086 3509 4126 eum
3540 4072 3727 4131 dicere

2136 4149 2190 4204 in
2221 4151 2321 4205 ista
2347 4152 2578 4207 secunda
2626 4164 2874 4224 captura,
2908 4156 2976 4210 Et
3002 4174 3116 4212 cum
3164 4168 3266 4212 tam
3304 4162 3477 4231 magni
3519 4173 3723 4230 essent,

2135 4245 2263 4299 retia
2287 4262 2388 4300 non
2415 4258 2531 4301 sunt
2554 4248 2785 4323 disrupta
2806 4250 2983 4325 (Joan.
3017 4270 3103 4309 ut
3124 4297 3139 4323 ,
3174 4254 3345 4328 1ο11).
3375 4258 3514 4324 Quid
3543 4260 3727 4331 itaque

2135 4337 2352 4395 dextera
2382 4354 2506 4410 pars
2553 4341 2965 4412 signiﬁcaverit,
2995 4345 3192 4402 dictum
3218 4356 3302 4403 est
3320 4390 3335 4413 ,
3362 4350 3486 4420 quia
3531 4366 3725 4408 omnes

2134 4427 2282 4483 boni.
2312 4428 2450 4498 Quid
2472 4432 2778 4502 magnitudo
2797 4476 2811 4501 ,
2833 4434 3034 4491 dictum
3075 4446 3157 4493 est
3176 4479 3192 4504 ,
3225 4439 3345 4509 quia
3373 4442 3458 4510 qui
3482 4443 3657 4513 fecerit
3678 4452 3725 4498 et

2132 4519 2206 4574 sic
2225 4520 2482 4589 docuerit,
2510 4539 2725 4594 magnus
2749 4526 3006 4581 vocabitur
3030 4528 3083 4582 in
3111 4544 3264 4599 regno
3287 4531 3551 4587 actorum.
3581 4532 3722 4602 Quid

2134 4614 2293 4669 etiam
2322 4614 2449 4670 illud
2470 4616 2612 4686 quod
2640 4618 2771 4672 retia
2794 4633 2901 4674 non
2927 4628 3052 4676 sunt
3075 4620 3311 4691 disrupta
3331 4664 3347 4689 ,
3376 4622 3581 4679 dictum
3610 4634 3718 4691 est,

2134 4706 2257 4777 quia
2307 4715 2430 4762 tunc
2474 4723 2579 4762 non
2623 4717 2749 4765 sunt
2789 4708 3096 4765 schismata.
3151 4712 3287 4779 Quid
3329 4729 3459 4784 ergo
3504 4724 3722 4773 centum

2135 4798 2511 4869 quinquaginta
2540 4799 2687 4855 tres?
2706 4799 2970 4857 Numerus
2999 4804 3101 4858 iste
3130 4819 3234 4858 non
3266 4806 3449 4875 utique
3475 4805 3597 4877 ipse
3622 4808 3721 4865 erit

2134 4900 2439 4946 sanctorum
2482 4907 2756 4949 numerus.
2791 4893 2975 4966 Neque
3015 4896 3155 4951 enim
3195 4907 3408 4953 centum
3458 4900 3720 4973 quinqua-

2135 4985 2277 5057 ginta
2325 4996 2434 5042 tres
2462 4996 2621 5043 erunt
2648 4989 2852 5055 sancti;
2906 5003 3027 5045 cum
3079 4990 3179 5046 soli
3221 4991 3331 5055 illi,
3357 4993 3450 5062 qui
3493 5008 3555 5049 se
3601 5010 3721 5050 cum

2135 5077 2445 5133 mulieribus
2483 5094 2589 5133 non
2624 5080 3127 5150 coinquinaverunt,
3164 5081 3450 5139 duodecies
3473 5084 3715 5143 duodena

2136 5170 2299 5225 millia
2324 5180 2815 5227 commemorentur
2839 5172 3024 5245 (Apoc.
3047 5189 3156 5240 xxv,
3186 5174 3324 5245 1-4).
3355 5173 3463 5230 Sed
3493 5177 3600 5233 iste
3630 5194 3721 5233 uu-

2135 5276 2338 5329 mcrus,
2360 5270 2609 5334 tauquam
2628 5264 2807 5332 arbor,
2827 5280 2855 5318 a
2885 5265 3112 5336 quodam
3137 5268 3342 5323 semine
3364 5268 3583 5325 videtur
3600 5285 3721 5325 suc-

2133 5368 2398 5411 crescere.
2427 5355 2623 5412 Semen
2650 5364 2832 5413 autem
2864 5357 3023 5428 hujus
3058 5359 3234 5429 magni
3266 5361 3477 5416 numeri
3503 5362 3727 5431 quidam

2132 5447 2309 5504 minor
2329 5463 2581 5504 numerus
2608 5457 2722 5515 est,
2755 5448 2843 5519 qui
2870 5458 2953 5506 est
2980 5449 3164 5507 decem
3190 5461 3243 5507 et
3265 5461 3496 5522 septem.
3530 5455 3725 5510 Decem

2133 5551 2187 5596 et
2215 5550 2421 5610 septem
2444 5539 2639 5596 faciunt
2667 5550 2877 5595 centum
2926 5540 3300 5614 quinquaginta
3349 5554 3480 5601 tres.
3512 5544 3570 5601 Si
3599 5561 3728 5600 vero

2131 5640 2407 5702 computes
2432 5631 2499 5688 ab
2522 5647 2627 5688 uno
2649 5646 2815 5702 usque
2839 5632 2905 5689 ad
2930 5633 3114 5690 decem
3137 5646 3190 5690 et
3208 5644 3442 5706 septem,
3474 5648 3527 5693 ct
3554 5636 3729 5694 addas

2134 5738 2391 5783 muneras.
2425 5739 2610 5782 omnes
2633 5741 2647 5780 :
2670 5740 2795 5781 nam
2822 5725 2868 5782 si
2910 5725 2977 5782 ab
3006 5742 3111 5783 uno
3153 5742 3319 5798 usque
3361 5727 3426 5784 ad
3453 5728 3635 5784 decem
3659 5739 3737 5782 et
