4056 6452
376 308 516 379 1345

376 437 586 496 septem
614 435 867 479 numeros
892 434 997 475 non
1016 417 1203 482 addas,
1228 430 1364 486 quos
1382 424 1769 511 commemoras
1799 416 1959 474 totos,

382 531 487 571 non
517 524 675 569 erunt
702 512 802 567 nisi
822 511 1012 566 decem
1054 516 1109 563 et
1132 516 1336 577 septem
1368 523 1381 557 :
1410 506 1455 559 si
1486 512 1662 557 autem
1684 506 1756 554 ita
1779 513 1964 553 nume-

380 622 505 663 res:
536 619 733 670 unum,
763 603 889 668 duo,
922 601 1053 664 tria;
1081 599 1219 652 sicut
1260 611 1420 651 unum
1460 605 1515 649 et
1550 593 1657 648 duo
1684 601 1739 690 et
1763 590 1864 690 tria
1888 588 1964 643 ia-

375 697 523 761 ciunt
550 710 667 760 sex,
695 709 786 747 sex
804 700 1038 761 quatuor
1066 696 1118 742 et
1143 687 1372 756 quinque
1401 684 1599 740 faciunt
1623 680 1959 781 quindecim:

374 790 455 846 sic
482 786 727 857 pervenis
756 798 922 853 usque
972 780 1040 842 ad
1067 779 1253 835 decem
1302 786 1357 832 et
1393 785 1596 844 septem
1617 815 1634 841 ,
1664 781 1882 843 portans
1908 779 1961 824 in

375 880 554 951 digitis
576 887 791 934 centum
840 871 1216 943 quinquaginta
1264 877 1392 962 tres.
1423 866 1540 921 iam
1580 879 1707 935 ergo
1740 861 1958 962 recole,

375 968 519 1041 quod
561 967 719 1038 paulo
752 975 877 1019 ante
923 957 1341 1016 commemoravi
1377 964 1433 1011 et
1474 952 1875 1017 commendavi,
1908 959 1963 1006 et

374 1061 498 1117 vide
527 1073 659 1130 quos
679 1098 693 1123 ,
732 1067 787 1112 et
834 1053 961 1125 quid
986 1052 1283 1123 signiﬁcent
1307 1049 1837 1147 decernet-septem.

373 1167 491 1208 cem
510 1192 525 1216 ,
558 1151 682 1213 lex;
712 1156 936 1216 septem,
959 1144 1188 1213 Spiritus
1208 1148 1449 1196 sanctus.
1477 1137 1629 1195 Unde
1653 1136 1779 1207 quid
1806 1134 1962 1239 intel-

373 1247 619 1328 ligimus,
662 1235 780 1296 nisi'
806 1255 900 1296 eos
926 1238 1135 1293 futuros
1178 1236 1233 1289 in
1277 1232 1514 1329 Ecclesia
1557 1232 1961 1329 resurrectionis

372 1322 589 1390 aeterna:
611 1374 626 1400 ,
672 1331 760 1387 ubi
783 1329 1070 1384 schismata
1096 1341 1200 1381 non
1242 1332 1432 1393 erunt,
1462 1322 1550 1376 ubi
1577 1334 1721 1377 mors
1764 1333 1869 1373 non
1898 1322 1962 1372 ti-

373 1426 642 1491 mebitur,
683 1422 805 1493 quia
850 1428 970 1491 post
1014 1417 1462 1474 resurrectionem
1506 1414 1678 1468 futura
1719 1418 1833 1478 est;
1864 1425 1960 1472 eos

373 1532 504 1587 ergo
533 1517 603 1570 ibi
629 1514 858 1579 futuros,
879 1520 1069 1565 etcum
1096 1509 1322 1562 Domino
1347 1503 1653 1604 victuros-in
1677 1511 1957 1604 aeternum,

372 1610 465 1679 qui
506 1609 674 1676 legem
726 1602 1064 1673 impleverint
1091 1614 1184 1671 per
1207 1597 1429 1668 gratiam
1450 1594 1681 1677 Spiritus
1707 1594 1877 1650 sancti
1905 1598 1961 1650 et

286 1730 292 1736 ι
376 1700 473 1773 Dei
494 1698 716 1767 donum,
744 1695 896 1766 cujus
922 1693 1056 1747 festa
1078 1687 1453 1747 celebramus?

832 1802 1061 1861 SEBMO
1084 1797 1336 1857 CCLXXI
1352 1801 1372 1822 '
1402 1794 1499 1869 (a).

804 1902 855 1960 tn
886 1895 969 1945 die
1004 1897 1341 1950 PentecoSteS,
1374 1903 1404 1939 v
1435 1886 1527 1951 (b).

444 1982 571 2038 Dies
596 1979 751 2036 nobis
771 2020 786 2045 ,
814 1977 1004 2032 fratres
1025 2018 1039 2042 ,
1068 1982 1250 2045 gratus
1278 1971 1446 2031 illusit
1468 2011 1483 2038 ,
1514 1982 1618 2038 quo
1642 1976 1822 2029 sancta
1850 1966 1957 2025 Ee-

374 2075 540 2135 clesia
563 2072 800 2129 ﬁdelium
823 2070 986 2139 fulget
1008 2066 1340 2137 aspectibus,
1377 2063 1544 2119 fervet
1592 2061 1643 2115 in
1687 2058 1954 2115 cordibus.

371 2168 717 2229 Celebramus
743 2163 938 2234 quippe
967 2162 1125 2215 istum
1153 2158 1293 2226 diem
1317 2198 1332 2225 ,
1376 2171 1481 2226 quo
1516 2154 1772 2209 Dominus
1802 2152 1959 2209 Jesus

373 2260 615 2327 Christus
662 2264 781 2327 post
802 2251 1245 2311 resurrectionem
1284 2246 1597 2345 ascensione
1634 2242 1959 2345 gloriﬁcatus

373 2322 520 2410 misit
544 2322 802 2420 Spiritum
844 2354 1107 2400 sanctum.
1159 2341 1249 2397 Sic
1301 2336 1747 2437 cnim-Scriptum
1778 2342 1858 2437 est
1904 2333 1957 2391 in

373 2442 689 2513 Evangelio,
719 2453 840 2495 cum
869 2436 1102 2497 diceret:
1136 2432 1197 2487 Si
1223 2431 1333 2501 quis
1381 2429 1484 2525 sitit
1504 2468 1519 2491 ,
1550 2427 1713 2525 veniat
1752 2424 1819 2525 ad
1843 2439 1955 2525 ine,

374 2544 423 2604 et
443 2534 574 2589 bibat
596 2550 615 2597 ;
643 2531 730 2601 qui
752 2527 908 2582 credit
941 2527 993 2579 in
1014 2540 1092 2578 nte
1111 2565 1125 2589 ,
1154 2522 1367 2592 ﬂumina
1388 2520 1546 2619 fluent
1581 2516 1643 2569 de
1661 2523 1825 2619 ventre
1848 2516 1959 2619 ejus

374 2594 520 2696 aqua:
544 2594 666 2679 viain
688 2638 706 2676 :
734 2619 1056 2688 evangelista
1083 2622 1297 2670 secutus
1322 2610 1534 2680 exponit
1553 2616 1651 2707 ,let
1694 2606 1767 2660 ait
1836 2604 1959 2707 .Iloc

374 2695 543 2772 autem
570 2714 761 2767 dicebat
787 2710 849 2765 de
894 2708 1088 2777 Spiritu
1115 2746 1128 2769 ,
1153 2719 1296 2775 quem
1338 2698 1591 2767 accepturi
1621 2705 1773 2797 erant
1794 2695 1847 2797 lii
1865 2695 1959 2797 “qui

375 2778 430 2865 in
456 2824 570 2862 eum
598 2810 797 2876 fuerant
836 2797 1095 2853 credituri.
1135 2794 1377 2849 Nondum
1420 2791 1551 2844 enim
1591 2796 1693 2842 erat
1736 2786 1959 2876 Spiritus

377 2903 527 2956 datus
551 2941 565 2962 ,
595 2875 716 2969 quia
745 2893 895 2947 Jesus
933 2889 1156 2943 nondum
1211 2890 1374 2957 {iterat
1422 2882 1735 2952 glori/iratus
1769 2875 1956 2947 (Joan.

375 3010 486 3057 vn,
516 2989 727 3056 37-39).
760 2983 1008 3039 Restabat
1051 2994 1177 3049 ergo
1204 2984 1261 3031 ut
1303 2973 1593 3072 clariﬁca-to
1637 2970 1762 3072 Jesu
1783 3010 1799 3034 ,
1824 2982 1959 3072 Icum

379 3080 674 3139 resurrexit
701 3093 731 3130 a
759 3074 980 3129 mortuis
1006 3080 1061 3125 et
1088 3067 1325 3123 ascendit
1351 3065 1415 3118 ad
1441 3063 1605 3119 cmlos
1625 3102 1640 3127 ,
1668 3058 1962 3161 jam.dare-

378 3350 827 3412 resurrectionem
874 3330 1062 3399 diebus
1092 3357 1210 3397 cum
1236 3337 1511 3408 discipulis
1537 3336 1646 3391 suis
1672 3347 1959 3389 conversa-

380 3454 488 3506 tus,
517 3438 758 3497 ascendit
778 3437 831 3491 in
855 3433 1049 3493 celum
1066 3470 1080 3495 ,
1109 3439 1163 3485 et
1185 3428 1273 3484 die
1296 3425 1734 3497 quinquagesimo
1758 3463 1773 3489 ,
1800 3435 1959 3521 quem

380 3508 539 3605 lipdie
584 3528 958 3590 celebramus,
1010 3520 1154 3576 misit
1205 3517 1459 3587 Spiritum
1508 3522 1781 3605 sanctum,
1828 3512 1962 3605 sicut

378 3598 634 3693 scriptum
663 3626 747 3675 est
779 3635 792 3671 :
824 3614 943 3686 quia
988 3613 1150 3682 factus
1197 3619 1269 3664 est
1322 3606 1484 3703 subito
1508 3602 1761 3703 sonus-de
1784 3601 1922 3703 faeta
1941 3639 1957 3665 ,

379 3691 522 3786 quasi
551 3717 764 3784 ferretur
783 3708 935 3777 [latus
964 3704 1223 3758 vehemens
1245 3715 1263 3771 ί
1285 3706 1330 3752 et
1352 3699 1467 3763 visa:
1492 3703 1609 3748 sunt
1646 3692 1749 3746 illis
1778 3691 1963 3761 lingua:

380 3810 556 3864 divisa:
581 3807 708 3861 sicut
749 3800 880 3872 ignis
903 3840 919 3866 ,
946 3797 1031 3867 qui
1061 3793 1242 3849 insedit
1275 3805 1424 3861 super
1451 3800 1849 3886 unumquemque
1918 3789 1962 3886 et

380 3905 637 3972 creperum
654 3891 835 3963 linguis
865 3887 1095 3942 omnibus
1117 3882 1271 3975 loqui,
1275 3876 1542 3975 “quomodo
1570 3874 1792 3945 Spiritus
1809 3872 1962 3975 dabat

381 3962 467 4048 eis,
479 3985 807 4059 pronuntiare
844 3980 975 4053 (Act.
1009 3992 1043 4032 tt
1074 4017 1087 4040 ,
1121 3971 1454 4068 ioij._Flatus
1480 3968 1569 4021 ille
1597 3982 1625 4019 a
1645 3965 1843 4068 carnali
1867 3978 1963 4032 pa—

383 4082 463 4140 lea
492 4076 652 4134 corda
696 4070 1009 4132 mundabat;
1041 4067 1177 4138 ignis
1215 4064 1302 4118 ille
1344 4060 1521 4116 fenum
1554 4060 1747 4114 veteris
1769 4070 1964 4111 concu-

382 4170 657 4247 piscentiae
684 4161 1069 4223 consumebat;
1100 4158 1289 4225 linguae
1315 4154 1417 4208 illae
1450 4151 1641 4252 quibus
1670 4148 1963 4252 loqueban-

383 4246 470 4325 tur
512 4279 543 4318 a
570 4259 768 4330 Spiritu
811 4261 993 4323 sancto
1036 4247 1278 4319 impleti,
1308 4260 1403 4343 per
1442 4246 1965 4343 otiiitiutngetitium

385 4332 592 4425 linguas
617 4350 845 4405 futuram
872 4341 1177 4434 Ecclesiam‘
1200 4335 1610 4434 praesignia-bant.
1650 4332 1799 4434 Sicut
1822 4332 1963 4386 enim

385 4456 506 4519 post
531 4442 783 4500 diluvium
809 4434 1035 4507 superba
1057 4430 1298 4501 impietas
1326 4427 1597 4527 hominum
1626 4427 1812 4527 turrim
1833 4437 1965 4477 con-

386 4516 467 4593 ira
498 4534 777 4592 Dominum
807 4526 1084 4584 mdilicavit
1106 4522 1391 4587 excelsam,
1410 4516 1618 4589 quando
1638 4530 1734 4587 per
1762 4516 1968 4585 linguas

385 4631 629 4694 diversas
652 4622 815 4682 dividi
843 4617 1038 4680 meruit
1072 4628 1239 4686 genus
1278 4613 1563 4667 humanum
1588 4616 1966 4711 nutum-qum.-

387 4737 493 4792 que
522 4731 651 4790 gens
670 4716 846 4784 lingua
869 4708 1077 4781 propria
1102 4706 1409 4804 loqueretur
1427 4700 1788 4804 ,"nenabaliis
1814 4698 1969 4804 intel-

386 4816 645 4885 ligeretur
674 4805 824 4879 (Gen.
857 4819 910 4858 χι
936 4844 950 4867 ,
976 4800 1142 4891 1-9);
1180 4798 1258 4851 sic
1300 4794 1514 4891 humilis
1544 4792 1969 4891 lideliumpietas

387 4880 575 4965 earum
600 4900 895 4970 linguarum
922 4890 1283 4948 diversitatem
1307 4883 1562 4939 Ecclesim
1597 4880 1820 4982 coittulit
1846 4883 1969 4982 u‘ni-

389 4995 521 5059 tati;
552 4998 613 5045 ut
653 4969 792 5060 quod
822 4980 1084 5040 discordia
1128 4977 1506 5046 dissipaverat,
1534 4971 1806 5071 colligeret
1840 4969 1971 5070 cha-

390 5090 556 5147 ritas,
602 5089 656 5135 et
697 5074 911 5131 humani
960 5070 1170 5143 generis
1229 5076 1476 5164 tanquam
1524 5076 1679 5164 unius
1731 5074 1971 5161 corporis

390 5174 634 5239 membra
659 5170 897 5239 dispersa
925 5164 992 5221 ad
1018 5175 1179 5217 unum
1224 5166 1381 5229 caput
1417 5154 1680 5211 Christum
1702 5154 1971 5221 compagi-

455 5286 552 5382 2:."
569 5270 1360 5382 emergamus“
1390 5272 1483 5317 εει·

456 5347 533 5432 ξῗέ
561 5335 1554 5432 ﬁliisﬁagialmpgﬁﬁiii?invaniensibus.
1578 5397 1725 5432 (mem
1746 5382 1890 5432 videli

425 5347 533 5470 iiii
561 5347 1977 5470 iliisaa‘éiéi-‘iii‘iiiiiiimniassesasses

392 5444 1084 5523 obé‘é’n'aiiiui'ﬁaﬁ‘dscT'hbios
1108 5456 1257 5504 libros
1276 5452 1397 5501 alios
1418 5444 1697 5523 augustino,
1713 5444 1839 5523 alios
1866 5446 1975 5523 ιξυιτ

430 5509 566 5581 éBiid
575 5509 827 5578 iiiiitiéié.
966 5509 1015 5584 i'n
1049 5524 1243 5584 aetatem
1560 5510 1762 5584 melius
1775 5509 1979 5584 quadrat

1897 5586 1977 5658 so-

406 5636 683 5702 :iemnit'ei'
705 5648 1088 5714 congregemur.
1113 5655 1137 5684 ι
1160 5636 1429 5714 augustino
1445 5640 1614 5685 contra
1639 5636 1779 5699 Verg
1794 5647 1875 5685 um
1897 5647 1977 5686 as-

399 5699 596 5767 sci-iiii
609 5699 777 5764 critico
799 5699 1138 5769 iugastth
1160 5699 1434 5760 Vindiugtts.

1750 292 1978 350 SERMO
2017 292 2284 350 CCLXXI.

2073 419 2190 504 nata
2218 413 2616 489 redigerentur,
2643 432 2698 479 et
2720 425 2771 480 in
2798 430 2967 486 sancti
3005 436 3244 504 corporis
3271 440 3527 499 unitatem
3561 449 3644 503 di-

2067 500 2306 559 lectionis
2335 506 2453 577 igne
2476 513 2850 572 conﬁarentur.
2878 520 2961 576 Ab
2984 523 3084 580 hoc
3102 500 3284 599 itaque
3302 531 3444 587 dono
3470 500 3644 607 Spiri-

2068 598 2152 646 tus
2170 598 2344 693 sancti
2394 616 2609 668 prorsus
2631 606 2790 663 alieni
2833 621 2986 677 sunt,
3014 617 3103 685 qui
3146 598 3375 676 oderunt
3415 598 3640 695 gratiam

2064 689 2246 751 pacis,
2293 689 2383 757 qui
2420 693 2725 751 societatem
2778 714 2882 755 non
2934 705 3163 761 retinent
3207 689 3443 768 unitatis:
3491 716 3644 774 Licet

2065 776 2206 830 enim
2233 778 2391 832 etiam
2418 780 2514 851 ipsi
2535 783 2691 843 hodie
2720 790 3030 850 solemniter
3064 813 3483 873 congregemur,
3517 808 3644 867 licet

2066 865 2196 922 istas
2220 870 2437 927 audiant
2485 874 2739 935 lectiones
2760 921 2776 946 ,
2811 886 3003 953 quibus
3032 865 3290 959 Spiritus“
3305 865 3530 956 sanctus

2065 960 2358 1028 promissus
2395 973 2450 1020 et
2488 966 2681 1025 missus
2714 990 2727 1026 :
2756 974 2822 1028 ad
2848 976 3101 1044 judicium
3146 985 3393 1057 audiunt,
3436 1006 3542 1046 non
3571 994 3639 1049 ad

2066 1053 2360 1149 praemium.
2390 1056 2525 1124 Quid
2550 1061 2693 1118 enim
2720 1065 2799 1119 eis
2832 1069 3049 1137 prodest
3082 1075 3355 1146 percipere
3378 1053 3598 1138 auribus
3619 1123 3637 1149 ,

2064 1144 2204 1240 quod
2230 1147 2479 1205 cordibus
2508 1165 2794 1223 respuunt;
2825 1168 2879 1215 et
2905 1162 3020 1232 ejus
3052 1165 3194 1221 diem
3223 1144 3512 1240 celebrare,
3539 1144 3637 1232 cu;

2059 1234 2148 1305 jus
2177 1238 2354 1294 lumen
2385 1242 2655 1300 oderunt?
2681 1246 2787 1303 Vos
2815 1261 3014 1319 autem,
3039 1254 3227 1314 fratres
3246 1261 3372 1327 mei,
3400 1234 3638 1322 membra

2064 1330 2301 1400 corporis
2342 1332 2575 1401 Christi,
2596 1342 2834 1409 germina
2876 1347 3122 1415 unitatis,
3153 1350 3245 1408 ﬁlii
3285 1357 3431 1424 pacis
3453 1397 3468 1423 ,
3497 1356 3639 1415 hunc

2064 1416 2205 1475 diem
2230 1422 2369 1493 agite
2402 1424 2509 1481 heti
2532 1468 2548 1494 ,
2580 1430 2843 1487 celebrate
2874 1439 3068 1492 securi.
3096 1440 3207 1497 Hoc
3235 1416 3377 1501 enim
3405 1416 3466 1502 in'
3486 1451 3638 1506 vobis

2064 1509 2346 1581 impletur,
2390 1518 2529 1587 quod
2581 1520 2685 1577 illis
2736 1522 2925 1580 diebus
2970 1531 3180 1597 quando
3222 1535 3366 1591 venit
3406 1537 3639 1608 Spiritus

2062 1613 2296 1672 sanctus,
2326 1609 2760 1679 praesignebatur.
2783 1614 2915 1682 Quia
2944 1619 3081 1674 sicut
3108 1629 3233 1678 tunc
3265 1628 3353 1695 qui
3381 1628 3634 1699 Spiritum

2061 1706 2301 1753 sanctum
2324 1702 2675 1773 percipiebat,
2704 1709 2863 1764 etiam
2906 1727 3044 1768 unus
3069 1713 3228 1772 homo
3248 1718 3436 1790 linguis
3462 1725 3637 1779 omni-

2062 1786 2162 1843 bus
2189 1788 2503 1860 loquebatur
2530 1812 2544 1848 :
2574 1797 2651 1852 sic
2677 1809 2731 1854 et
2756 1816 2898 1857 nunc
2926 1819 3020 1873 per
3044 1820 3230 1864 omnes
3258 1786 3444 1880 gentes
3462 1817 3635 1870 omni-

2061 1877 2162 1934 bus
2209 1882 2403 1946 linguis
2440 1885 2552 1955 ipsa
2598 1890 2772 1947 unitas
2823 1892 3088 1965 loquitur,
3117 1900 3174 1953 in
3216 1877 3318 1970 qua
3363 1906 3636 1961 constituti

2061 1968 2316 2040 Spiritum
2345 1986 2586 2033 sanctum
2616 1979 2850 2049 habetis;
2875 1990 2963 2055 qui
3002 2002 3032 2041 a
3058 1968 3253 2044 Christi
3295 1991 3529 2050 Ecclesia
3554 1996 3641 2052 lo-

2061 2073 2258 2132 quente
2326 2068 2573 2127 omnibus
2638 2072 2863 2145 linguis,
2920 2079 3063 2135 nullo
3124 2081 3412 2141 schismate
3472 2087 3637 2145 dissi-

2062 2152 2218 2211 detis.

2498 2253 2730 2312 ssnuo
2765 2257 3037 2318 CCLXXII
3070 2266 3084 2287 ο
3116 2265 3212 2336 (α).

2396 2348 2448 2396 tn
2467 2344 2550 2395 die
2572 2353 2883 2400 Pentecostes
2903 2357 3176 2416 postremus
3207 2354 3300 2420 (b).

2072 2486 2078 2493 .
2426 2426 2508 2480 Ad
2532 2426 2794 2499 Infantes,
2826 2434 2889 2488 de
2918 2436 3269 2493 Sacramenta.

2132 2514 2246 2571 Hoc
2264 2516 2406 2586 quod
2428 2518 2615 2576 videtis
2635 2525 2689 2577 in
2708 2524 2859 2580 altari
2883 2527 2996 2593 Dei,
3016 2529 3175 2585 etiam
3203 2540 3463 2589 transacta
3480 2544 3638 2593 nocte

2061 2603 2302 2662 vidistis:
2334 2609 2427 2663 sed
2456 2611 2581 2681 quid
2610 2623 2785 2683 esset,
2817 2618 2941 2687 quid
2968 2619 3069 2674 sibi
3097 2623 3284 2691 vellet,
3325 2640 3482 2694 quam
3517 2642 3637 2680 ma-

2061 2710 2180 2766 gnte
2208 2697 2287 2753 rei
2314 2712 2704 2758 sacramentum
2746 2708 3074 2778 contineret,
3119 2712 3356 2769 nondum
3392 2715 3636 2772 audistis.

2063 2786 2216 2854 Quod
2258 2804 2386 2860 ergo
2426 2793 2648 2859 videtis,
2697 2799 2849 2866 panis
2887 2810 2970 2855 est
3012 2811 3065 2857 et
3104 2804 3274 2870 calix;
3306 2805 3448 2874 quod
3488 2807 3639 2862 vobis

2063 2879 2223 2933 etiam
2244 2883 2382 2937 oculi
2403 2886 2562 2939 vestri
2583 2890 2890 2945 renuntiant
2913 2910 2926 2946 :
2954 2894 3095 2956 quod
3117 2905 3291 2951 autem
3312 2897 3443 2955 fides
3464 2909 3639 2956 vestra

2063 2970 2295 3039 postulat
2324 2973 2662 3044 instruenda,
2702 2981 2854 3048 panis
2894 2992 2975 3038 est
3011 3001 3204 3055 corpus
3230 2988 3458 3055 Christi,
3500 2993 3640 3050 calix

2063 3062 2277 3153 sanguis
2300 3063 2516 3120 Christi.
2541 3068 2781 3126 Breviter
2800 3074 3011 3142 quidem
3032 3077 3133 3133 hoc
3152 3079 3349 3135 dictum
3372 3091 3474 3149 est,
3496 3082 3641 3153 quod

2063 3151 2189 3209 ﬁdei
2214 3152 2350 3211 forte
2374 3155 2597 3214 sufﬁciat
2622 3178 2636 3216 :
2658 3163 2751 3218 sed
2774 3163 2905 3221 ﬁdes
2926 3168 3324 3229 instructionem
3346 3151 3633 3232 desiderat.

2066 3240 2204 3340 Dicit
2227 3244 2368 3299 enim
2396 3250 2650 3319 propheta
2675 3271 2688 3308 :
2721 3253 2841 3309 Nisi
2866 3258 3199 3329 credideritis,
3224 3281 3322 3319 non
3350 3267 3639 3340 intelligetis

2065 3331 2215 3404 (ιεαε.
2246 3352 2344 3402 vu,
2379 3337 2433 3405 9,
2467 3356 2565 3394 sec.
2597 3342 2784 3415 LXX).
2831 3346 3059 3406 potestis
3096 3354 3237 3407 enim
3267 3357 3425 3412 modo
3465 3331 3644 3417 dicere

2065 3423 2196 3477 mihi
2224 3442 2237 3479 :
2265 3424 2569 3498 Prmcepisti
2608 3441 2666 3487 ut
2693 3435 3006 3509 credamus,
3052 3457 3259 3512 expone
3296 3438 3353 3500 ut
3382 3447 3643 3519 intelliga-

2064 3528 2203 3569 mus.
2234 3516 2413 3572 Potest
2450 3522 2591 3574 enim
2618 3524 2669 3577 in
2696 3525 2875 3582 animo
2900 3531 3213 3600 cujusquam
3244 3536 3491 3605 cogitatio
3522 3516 3642 3596 talis

2064 3606 2333 3662 suboriri:
2379 3609 2633 3667 Dominus
2676 3626 2861 3672 noster
2900 3618 3054 3675 Jesus
3094 3620 3367 3692 Christus,
3396 3628 3642 3685 novimus

2067 3697 2207 3754 unde
2247 3703 2513 3771 acceperit
2540 3719 2783 3773 carnem;
2814 3708 2881 3763 de
2907 3711 3109 3781 virgine
3136 3714 3316 3769 Maria.
3365 3717 3539 3775 lnl'ans
3564 3721 3643 3776 la-

2065 3801 2239 3848 ctatus
2262 3803 2365 3862 est,
2395 3799 2622 3853 nutritus
2647 3808 2729 3855 est
2748 3843 2761 3867 ,
2790 3804 2988 3871 crevit,
3029 3806 3097 3861 ad
3116 3806 3403 3875 juvenilem
3429 3821 3642 3867 aetatem

2067 3884 2351 3954 perductus
2376 3897 2478 3955 est,
2506 3904 2535 3942 a
2558 3889 2754 3945 Judmis
2781 3898 3200 3962 persecutionem
3228 3914 3414 3968 passus
3437 3909 3539 3968 est,
3571 3902 3639 3956 li-

2065 3988 2170 4043 gno
2195 3990 2485 4045 suspensus
2510 3989 2592 4034 est
2624 3981 2665 4047 ¹,
2696 3980 2747 4035 in
2776 3982 2916 4053 ligno
2946 3984 3252 4042 interfectus
3274 4000 3375 4054 est,
3403 3991 3471 4047 de
3499 3992 3641 4062 ligno

2067 4064 2339 4135 depositus
2360 4077 2464 4135 est,
2496 4070 2733 4139 sepultus
2758 4082 2859 4140 est,
2891 4076 3045 4130 tertia
3073 4076 3160 4133 die
3188 4082 3509 4149 resurrexit,
3537 4097 3645 4153 quo

2067 4154 2156 4211 die
2193 4158 2389 4224 voluit,
2433 4160 2486 4213 in
2524 4162 2717 4215 caelum
2760 4165 3026 4230 ascendit;
3062 4167 3186 4224 illuc
3229 4170 3424 4226 levavit
3449 4187 3644 4243 corpus

2068 4263 2257 4316 suum;
2289 4250 2411 4306 inde
2436 4263 2518 4306 est
2538 4261 2790 4308 venturus
2819 4265 2875 4309 ut
2893 4256 3096 4325 judicet
3121 4262 3267 4315 vivos
3296 4271 3353 4317 et
3374 4273 3642 4332 mortuos;

2069 4338 2143 4394 ibi
2185 4348 2269 4395 est
2294 4342 2453 4397 modo
2481 4344 2675 4400 sedens
2716 4345 2785 4399 ad
2825 4345 3098 4404 dexteram
3141 4350 3352 4409 Patris:
3379 4356 3647 4424 quomodo

2136 4526 2151 4558 ι
2176 4530 2287 4584 Hoc,
2309 4522 2533 4573 aJudinis
2555 4525 2926 4587 persecutionem

2068 4592 2157 4645 est,
2181 4598 2276 4649 non
2314 4600 2377 4635 ex
2409 4586 2659 4649 Augustini
2700 4595 2822 4648 MSS.,
2864 4602 2890 4638 s

2107 4648 2242 4699 entii.

2070 4663 2462 4780 gepiilemgnitus
2483 4709 2532 4780 in_
2548 4708 2611 4758 cl.
2630 4709 2680 4758 ﬁ.
2700 4717 2738 4760 t.
2774 4718 2892 4774 vat.,
2916 4714 2967 4764 in
2990 4718 3143 4779 Vign.,
3171 4720 3222 4766 et
3241 4718 3292 4767 in
3314 4718 3517 4780 epistola
3537 4722 3646 4772 Ful-

2071 4773 2225 4837 gentii
2248 4772 2306 4837 ad
2329 4771 2636 4837 Ferrandum.

2157 4836 2207 4895 a)
2234 4832 2372 4891 Alias,
2400 4846 2463 4880 ex
2487 4834 2790 4894 vignerianis
2808 4834 2888 4884 16.

2157 4836 2207 4895 a)
2234 4835 2372 4891 Alias,
2400 4846 2463 4880 ex
2487 4835 2790 4894 vignerianis
2808 4835 2888 4884 16.

2134 4835 2205 4958 ib)
2239 4901 2289 4943 In
2323 4895 2545 4944 omnibus
2585 4898 2919 4959 manuscriptis
2954 4904 3245 4959 pmnotatur
3290 4919 3313 4949 ι
3344 4902 3536 4955 habitus
3562 4905 3649 4957 die

3058 4532 3648 4597 usest,lignosuspensus

2994 4599 3175 4643 tantum
3199 4608 3261 4643 ex
3281 4594 3507 4657 “epistola
3544 4598 3648 4647 Ful-

2081 4976 2104 5004 ι
2126 4955 2450 5024 ιξβωρρρδῑθξ.
2467 4973 2497 5024 ν»
2529 4955 2749 5024 Refertur
2770 4970 2798 5006 a
2820 4955 3067 5024 fulgentia
3081 4961 3127 5007 in
3145 4960 3239 5009 line
3269 4964 3488 5024 epistola:
3518 4955 3648 5019 nunc

2073 5017 2243 5090 prdine
2270 5016 2421 5090 12,_ad
2459 5019 2749 5090 Ferrandum
2766 5052 2780 5076 ,
2803 5019 2883 5090 de_
2903 5016 3101 5069 Duabus
3131 5016 3503 5090 quaestionibus,
3543 5016 3650 5090 post

2074 5079 2240 5153 isthax;
2258 5079 2437 5153 verba;
2463 5096 2485 5125 ι
2612 5081 3010 5153 ergo_membr‘um
3030 5079 3241 5153 corporis
3261 5079 3518 5153 Cbristifit',

2082 5163 2106 5192 ι
2129 5140 2271 5189 modo
2294 5153 2389 5189 non
2421 5142 2593 5209 accipit
2614 5140 2741 5209 quod
2767 5142 2873 5201 ipse
2906 5141 2996 5209 ﬁt?
3018 5140 3207 5209 quando
3230 5149 3399 5209 utique
3430 5140 3567 5201 illius
3596 5151 3649 5203 ﬁt

2084 5224 2107 5253 α
2129 5214 2297 5252 verum
2319 5203 2533 5262 corporis
2554 5204 2843 5265 membrum,
2866 5203 3004 5265 cujus
3023 5206 3234 5265 corporis
3258 5203 3334 5259 esi
3355 5211 3403 5258 in
3420 5212 3649 5263 sacriﬁcio

2082 5284 2107 5316 ι
2126 5270 2496 5327 sacramentum.
2517 5271 2617 5327 μορ
2641 5276 2759 5327 ergo
2780 5262 2833 5310 ﬁt
2866 5262 2951 5327 ille
2985 5262 3361 5327 regeneratione
3400 5276 3551 5323 sancti
3574 5262 3651 5326 Ba-

2083 5346 2107 5377 ι
2127 5325 2381 5394 ptisntatis,
2403 5323 2544 5394 quod
2565 5330 2641 5394 est
2674 5323 2738 5394 de
2759 5324 2988 5394 sacriﬁcio
3020 5323 3296 5394 sumpturus
3315 5330 3495 5384 altaris.
3519 5323 3653 5394 ςιυώ

2083 5406 2106 5437 ι
2128 5384 2275 5436 etiam
2295 5384 2485 5435 sanctos
2523 5392 2686 5434 Patres
2709 5384 3034 5436 indubitanter
3055 5384 3317 5441 credidisse
3350 5408 3406 5444 ac
3427 5384 3651 5449 doaiisse

2084 5468 2107 5499 ι
2126 5450 2471 5513 cognoscimus.
2492 5452 2880 5513 Beatusquoque
2903 5451 3191 5513 Augustinus
3203 5451 3267 5502 de
3288 5454 3376 5505 hac
3396 5470 3453 5507 re
3467 5472 3655 5510 sermo-

2086 5528 2107 5558 α
2130 5505 2381 5574 neinfecit
2398 5505 2651 5574 admodum
2667 5505 2999 5574 luculentum:
3005 5518 3057 5562 et
3078 5522 3241 5574 aptum
3262 5505 3653 5572 :ediﬁea'tio‘tiiﬂa't-

2086 5590 2106 5618 α
2129 5585 2228 5644 que
2251 5568 2546 5644 instructioni
2570 5568 2815 5642 ﬁdelium;
2841 5568 2987 5633 quem
3010 5568 3285 5644 sermonem
3304 5568 3654 5644 totum

2086 5652 2108 5680 ι
2216 5630 2359 5708 malui
2381 5630 2699 5708 subjungere,
2723 5632 2834 5708 quia
2859 5630 2962 5705 nec
2995 5643 3072 5685 est
3106 5638 3337 5708 prolixus,
3379 5630 3653 5708 ararim

2089 5714 2110 5741 α
2134 5695 2373 5744 brevitate
2393 5703 2582 5753 magna:
2605 5695 2931 5746 instructionis
2951 5708 3007 5747 ac
3028 5695 3273 5749 suavitatis
3299 5695 3372 5753 est
3409 5695 3598 5759 plenus.
3621 5721 3645 5752 ι
