4056 6428
428 300 563 360 124⁸1

425 422 510 469 est
530 411 680 484 panis
701 423 893 482 corpus
917 409 1065 481 ejus?
1090 417 1143 466 ct
1166 408 1326 475 calix,
1352 409 1436 462 vel
1476 405 1618 477 quod
1645 406 1807 463 habet
1831 406 1967 461 calix
1989 447 2004 472 ,

425 505 692 576 quomodo
713 513 798 560 est-
820 503 1033 574 sanguis
1057 502 1209 573 ejus?
1227 501 1351 570 Ista,
1380 501 1590 567 fratres,
1615 499 1736 555 ideo
1762 499 2008 554 dicuntur

424 595 787 659 Sacramenta,
815 594 937 663 quia
968 595 1020 647 in
1051 594 1130 648 eis
1155 592 1303 647 aliud.
1325 589 1554 656 videtur,
1583 590 1726 646 aliud
1757 589 2007 659 intelligi-

426 694 530 740 tur.
565 683 717 750 Quod
755 683 983 748 videtur,
1019 683 1252 754 speciem
1279 681 1438 736 habet
1471 679 1836 750 corporalem,
1866 677 2009 749 quod

425 775 754 845 intelligitur,
797 774 1025 828 fructum
1073 774 1230 829 habet
1267 771 1615 842 spiritualem.
1644 770 1852 840 Corpus
1881 783 2009 840 ergo

388 864 621 937 ,Christi
651 864 694 919 si
725 864 805 919 vis
845 864 1180 934 intelligere,
1227 863 1540 931 Apostolum
1583 861 1706 916 audi
1745 861 2008 916 dicentem

421 953 700 1017 ﬁdelibus,
741 953 838 1008 Vos
874 965 1043 1008 autem
1071 954 1189 1007 estis
1225 969 1410 1024 corpus
1452 951 1667 1018 Christi,
1709 961 1754 1006 et
1787 951 2008 1006 membra

423 1044 465 1118 (Ι
495 1045 614 1100 Cor.
642 1061 718 1103 xu
737 1086 752 1113 ,
792 1045 860 1098 27
879 1045 923 1113 ).
951 1045 1007 1100 Si
1037 1060 1165 1115 ergo
1195 1060 1293 1099 vos
1323 1045 1452 1100 estis
1481 1059 1675 1114 corpus
1716 1043 1913 1098 Christi
1950 1051 2007 1102 et

422 1138 684 1206 membra,
715 1147 1026 1208 mysterium
1054 1145 1288 1192 vestrum
1317 1137 1369 1190 in
1395 1151 1580 1192 mensa
1612 1135 1884 1190 Dominica
1907 1149 2008 1205 po-

420 1230 580 1285 situm
609 1237 690 1284 est
717 1245 731 1283 :
761 1229 1072 1299 mysterium
1101 1237 1341 1284 vestrum
1367 1228 1629 1298 accipitis.
1665 1227 1749 1282 Ad
1788 1227 1839 1281 id
1865 1226 2006 1297 quod

420 1321 568 1385 eatis,
599 1319 766 1374 Amen
794 1318 1145 1388 respondctis,
1174 1327 1229 1374 et
1251 1318 1624 1387 reSpondendo
1646 1317 2000 1377 subscribilis.

419 1410 588 1470 Audis
619 1410 796 1476 enim,
841 1408 1048 1481 Corpus
1077 1409 1304 1475 Christi;
1353 1419 1407 1463 et
1444 1407 1766 1477 respondes,
1812 1408 2002 1462 Amen.

419 1504 549 1563 Esto
589 1502 885 1560 membrum
914 1503 1156 1572 corporis
1178 1501 1402 1568 Christi,
1431 1511 1488 1556 ut
1512 1517 1696 1556 verum
1724 1501 1794 1555 sit
1813 1502 2003 1555 Amen.

419 1593 595 1661 Quare
623 1607 751 1662 ergo
791 1593 843 1647 in
889 1594 1066 1662 pane?
1095 1592 1234 1646 Nihil
1257 1592 1354 1656 hic
1395 1592 1463 1647 de
1493 1601 1675 1647 nostro
1701 1592 2002 1660 alleramus,

419 1687 590 1754 ipsum
620 1685 932 1755 Apostolum
979 1684 1271 1740 identidem
1317 1684 1630 1751 audiamus,
1662 1685 1750 1754 qtti
1779 1700 1901 1739 eum
1939 1685 2007 1739 de

418 1779 523 1834 isto
548 1778 896 1833 Sacramento
926 1779 1256 1847 loqueretur,
1304 1777 1590 1840 ait,'Unus
1629 1777 1807 1846 panis,
1847 1793 2006 1830 unum

417 1885 600 1936 corpus
626 1869 769 1922 multi
789 1884 961 1924 sumus
984 1865 1093 1940 (Id.
1125 1883 1180 1935 x,
1205 1868 1293 1939 i7)
1321 1885 1332 1920 :
1366 1867 1640 1937 intelligite
1662 1877 1712 1922 et
1739 1868 1964 1936 gaudete
1987 1885 2002 1934 ;

417 1963 614 2028 unitas,
641 1962 858 2029 veritas,
889 1961 1076 2031 pietas,
1107 1961 1358 2016 charitas.
1396 1961 1538 2016 Unus
1567 1961 1712 2031 panis
1736 1977 1753 2015 :
1778 1961 1897 2030 quis
1922 1969 2007 2016 est

417 2053 518 2108 iste
562 2069 696 2108 unus
741 2055 932 2122 panis?
966 2051 1137 2107 Unum
1175 2069 1358 2123 corpus
1401 2053 1565 2105 multi.
1610 2053 1846 2108 Recolite
1883 2053 2006 2122 quia

417 2143 572 2214 panis
598 2159 701 2197 non
745 2144 802 2197 ﬁt
834 2143 901 2198 de
931 2159 1036 2197 uno
1081 2159 1279 2214 grano,
1327 2142 1420 2197 sed
1449 2143 1514 2198 de
1543 2144 1744 2205 multis.
1785 2144 2007 2212 Quando

416 2233 888 2300 exorcizabamini,
932 2234 1084 2303 quasi
1111 2234 1470 2289 molebamini.
1501 2234 1723 2302 Quando
1751 2235 2002 2305 baptizati

415 2325 579 2389 estis,
619 2325 769 2391 quasi
811 2326 1083 2395 conspersi
1118 2327 1267 2381 estis.
1299 2325 1524 2393 Quando
1567 2325 1794 2395 Spiritus
1835 2329 2006 2383 sancti

416 2415 592 2484 ignem
613 2415 911 2484 accepistis,
933 2415 1085 2486 quasi
1105 2416 1240 2471 cocti
1261 2418 1411 2470 estis.
1433 2418 1613 2471 Estote
1629 2417 1769 2487 quod
1793 2417 2004 2480 videtis,

1659 291 1717 347 S.
1757 289 2120 349 AUGUSTINI
2160 291 2462 348 EPISCOPI

3567 297 3711 356 1248

2116 415 2170 460 ct
2193 406 2413 476 accipite
2451 405 2592 476 quod
2617 405 2766 462 estis.
2797 406 2910 462 Hoc
2948 407 3236 478 Apostolus
3278 407 3346 466 de
3368 423 3510 480 pane
3548 409 3707 466 dixit.

2116 496 2231 551 Jam
2257 497 2322 552 de
2346 497 2510 552 calice
2533 497 2661 568 quid
2688 498 3128 570 intelligeremus,
3154 501 3315 556 etiam
3344 517 3451 556 non
3477 501 3705 568 dictum,

2116 590 2245 643 satis
2266 588 2515 645 ostendit.
2541 589 2689 645 Sicut
2708 590 2851 645 enim
2875 600 2932 645 ut
2951 591 3025 646 sit
3045 592 3257 661 Species
3285 592 3507 648 visibilis
3529 596 3707 664 panis,

2111 678 2277 733 multa
2314 694 2478 750 grana
2509 679 2562 733 in
2594 695 2757 734 unum
2799 691 3245 751 consperguntur,
3275 690 3525 753 tanquam
3569 683 3704 738 illud

2112 769 2234 837 ﬁat,
2266 770 2406 840 quod
2433 769 2501 825 de
2526 769 2770 826 ﬁdelibus
2805 771 2879 825 ait
2901 771 3172 841 Scriptura
3200 783 3414 837 sancta,
3446 772 3572 827 Erat
3599 775 3708 829 illis

2111 861 2282 914 anima
2309 877 2442 928 una,
2484 872 2531 916 et
2559 879 2646 916 cor
2669 877 2823 916 unum
2847 862 2900 915 in
2927 861 3088 917 Deum
3115 862 3259 933 (Act.
3283 878 3356 926 tv,
3383 863 3476 936 5'2)
3503 882 3516 918 :
3544 866 3623 919 sic
3647 876 3707 919 et

2111 949 2180 1006 de
2197 950 2340 1005 vino.
2365 951 2601 1018 Fratres,
2628 951 2847 1008 recolite
2869 951 3010 1007 unde
3030 954 3089 1007 ﬁt
3107 953 3309 1008 vinum.
3333 952 3509 1009 Grana
3535 957 3704 1012 multa

2111 1043 2343 1112 pendent
2383 1044 2450 1098 ad
2475 1044 2684 1100 botrum
2706 1087 2720 1109 ,
2750 1045 2844 1101 sed
2886 1046 3057 1116 liquor
3097 1062 3385 1117 granorum
3417 1048 3469 1102 in
3497 1048 3705 1104 unitate

2109 1134 2471 1190 confunditur.
2501 1137 2573 1191 lta
2603 1146 2657 1192 et
2684 1137 2938 1192 Dominus
2966 1136 3206 1194 Christus
3240 1153 3340 1194 nos
3363 1139 3698 1210 signiﬁcavi.

2111 1239 2208 1280 nos
2234 1225 2298 1279 ad
2326 1241 2382 1280 se
2406 1227 2672 1296 pertinere
2695 1228 2883 1293 voluit,
2907 1229 3224 1299 mysterium
3245 1229 3392 1299 pacis
3410 1238 3466 1284 et
3484 1229 3705 1286 unitatis

2109 1325 2308 1370 nostra:
2336 1318 2386 1370 iu
2417 1332 2510 1372 sua
2545 1334 2727 1374 mensa
2754 1320 3107 1375 consecravit.
3151 1320 3251 1388 Qui
3277 1321 3471 1391 accipit
3494 1330 3706 1394 myste-

2109 1412 2246 1465 rium
2275 1411 2524 1477 unitatis,
2555 1421 2611 1466 et
2649 1421 2756 1466 non
2786 1421 2931 1468 tenet
2958 1413 3224 1468 vinculum
3253 1414 3420 1483 pacis,
3447 1429 3554 1468 non
3585 1429 3708 1484 my-

2108 1501 2333 1555 sterium
2359 1502 2550 1570 accipit
2594 1517 2690 1572 pro
2731 1517 2819 1566 se,
2867 1502 2969 1558 sed
3004 1503 3364 1558 testimonium
3403 1513 3591 1558 contra
3617 1519 3704 1560 se.

2109 1590 2364 1646 Conversi
2394 1591 2458 1645 ad
2489 1591 2770 1646 Dominum
2797 1593 2967 1648 Deum
2994 1593 3206 1648 Patrem
3236 1594 3658 1665 omnipotentem
3683 1636 3700 1660 ,

2107 1698 2242 1753 puro
2267 1683 2426 1738 corde
2455 1683 2525 1750 ei,
2553 1693 2808 1754 quantum
2835 1694 3010 1756 potest
3033 1686 3266 1756 parvitas
3292 1696 3494 1753 nostra,
3529 1688 3706 1742 maxi-

2109 1789 2223 1829 mas
2243 1783 2401 1844 atque
2418 1789 2572 1830 veras
2590 1775 2790 1846 gratias
2810 1791 3064 1847 agamus;
3087 1786 3362 1847 precantes
3385 1785 3498 1831 toto
3514 1779 3702 1834 animo

2108 1866 2428 1936 singularem
2455 1868 2914 1924 mansuetudinem
2938 1868 3076 1939 ejus,
3105 1878 3163 1924 ut
3183 1885 3369 1939 preces
3401 1877 3615 1924 nostras
3647 1872 3702 1924 in

2108 1957 2439 2027 beneplaeito
2465 1974 2562 2014 suo
2590 1961 2842 2016 exaudire
2881 1961 3158 2032 dignetur;
3188 1961 3462 2016 inimicum
3487 1977 3704 2032 quoque

2107 2064 2138 2103 a
2159 2051 2356 2104 nostris
2372 2050 2578 2105 actibus
2601 2061 2656 2107 et
2679 2052 3090 2123 cogitationibus
3113 2068 3208 2110 sua
3228 2054 3424 2108 virtute
3443 2054 3700 2124 expellat,

2109 2142 2263 2197 nobis
2305 2143 2620 2212 multiplicet
2665 2144 2864 2211 ﬁdem,
2918 2157 3151 2201 mentem
3201 2145 3497 2216 gubernet,
3543 2147 3705 2216 spiri-

2109 2235 2279 2288 tualcs
2329 2235 2679 2304 cogitationes
2725 2237 3018 2304 concedat,
3087 2245 3143 2293 et
3195 2238 3263 2292 ad
3313 2239 3702 2294 beatitudinem

2109 2338 2258 2378 suam
2305 2325 2600 2394 perducat:
2649 2342 2742 2397 per
2782 2327 2964 2384 Jesum
3007 2329 3276 2387 Christum
3319 2329 3516 2384 Filium
3560 2329 3702 2401 ejus.

2111 2420 2301 2473 Amen.

411 2557 3700 2618 Μ

1708 2601 2018 2610 .——~————_—

2019 2599 2338 2611 —.——-——’-

937 2693 1097 2838 S.
1190 2693 2013 2839 AURELII
2087 2679 3108 2844 AUGUSTIN
3120 2704 3184 2844 Ι

1404 2932 2169 3064 HIPPONENSIS
2204 2914 2738 3033 EPISC'OPI

1337 3114 2759 3370 SERMONES

1434 3398 1692 3514 ΔΙ)
1734 3397 2646 3519 Ροιιιπιπιπ.

1915 3593 2276 3637 -ῡ-θ-ὶουηεε-ρ-ε-

1014 3682 1622 3847 CLASSIS
1695 3737 1918 3843 III.
1995 3691 2238 3892 DE
2315 3736 2752 3846 δΑΝο
2764 3740 3038 3850 TIS.

830 3948 1058 4008 SERMO
1094 3948 1395 4008 CCLXXII!
1421 3951 1438 3972 ·
1472 3946 1574 4018 (a).

405 4071 456 4114 In
476 4060 624 4116 Natali
643 4071 901 4129 martyrum
933 4068 1175 4129 Fructuosi
1201 4061 1413 4129 episcopi
1431 4094 1446 4121 ,
1486 4059 1680 4123 Augurii
1718 4064 1770 4109 et
1804 4057 1988 4122 Eulogii

983 4123 1290 4200 diaconorum
1313 4123 1401 4188 (b).
1629 4185 1632 4189 ν

473 4245 700 4302 CAPUT
735 4246 1017 4303 PRIMUM.
1047 4276 1117 4287 --
1145 4248 1196 4300 i.
1226 4246 1370 4300 Mors
1390 4245 1576 4299 animle
1603 4244 1824 4298 timenda
1842 4286 1856 4311 ,
1883 4261 1985 4300 non

403 4336 650 4406 corporis.
695 4335 835 4389 Deus
859 4337 1040 4390 animae
1068 4337 1190 4389 vita.
1233 4336 1490 4390 Dominus
1525 4335 1682 4390 Jesus
1725 4345 1986 4404 martyres

403 4443 531 4482 suos
576 4443 679 4481 non
720 4427 889 4482 solum
931 4427 1176 4482 instruxit
1205 4435 1502 4496 praecepto,
1535 4425 1628 4482 scd
1657 4435 1712 4482 et
1756 4426 1988 4482 ﬁrmavit

401 4521 667 4590 exemplo.
700 4519 768 4576 Ut
797 4519 940 4574 enim
985 4520 1124 4590 quod
1171 4529 1521 4590 sequerentur
1561 4519 1821 4574 haberent
1865 4535 1986 4589 pas-

401 4610 545 4675 suri,
580 4609 724 4680 prior
770 4610 857 4664 ille
899 4624 1084 4679 passus
1129 4618 1210 4664 est
1250 4625 1345 4679 pro
1374 4611 1452 4665 eis
1481 4629 1493 4663 :
1523 4609 1624 4665 iter
1651 4610 1903 4674 ostendit,
1932 4619 1986 4665 et

401 4700 540 4757 viam
582 4700 727 4758 fecit.
759 4701 898 4757 Mors
925 4710 1016 4756 aut
1049 4703 1242 4756 animm
1279 4711 1393 4769 est,
1440 4711 1532 4758 aut
1573 4704 1830 4774 corporis.
1877 4703 1984 4759 Sed

398 4795 577 4849 anima
613 4810 720 4850 non
769 4804 944 4865 potest
990 4795 1156 4859 mori,
1189 4802 1242 4849 et
1280 4804 1453 4863 potest
1486 4795 1619 4850 mori
1661 4813 1674 4849 :
1713 4795 1847 4851 mori
1878 4811 1984 4851 non

399 4893 605 4955 potest,
627 4885 748 4954 quia
775 4900 963 4940 sensus
994 4885 1110 4953 ejus
1149 4899 1416 4954 nunquam
1450 4886 1619 4954 perit;
1645 4886 1778 4941 mori
1805 4895 1982 4942 autem

401 4991 598 5054 potest,
629 4982 674 5038 si
716 4982 884 5037 Deum
929 4982 1122 5053 perdit.
1171 4982 1320 5037 Sicut
1353 4981 1494 5036 enim
1538 4990 1622 5037 est
1663 4982 1776 5053 ipsa
1799 4985 1982 5040 anima

460 5140 480 5160 ‘
503 5140 768 5201 Castigatus
789 5139 846 5188 ad
874 5139 904 5186 f.
929 5151 971 5187 r.
997 5153 1088 5188 rm.
1115 5153 1164 5188 v.
1202 5146 1254 5190 et
1289 5138 1348 5189 ad
1380 5145 1489 5189 Lor.

483 5203 533 5264 a)
560 5201 708 5261 Alias,
740 5201 804 5251 de
838 5201 1045 5250 Diversis
1078 5201 1184 5252 iOt.

481 5260 530 5325 ὸ)
552 5260 821 5313 'l'arraCone
848 5264 897 5311 in
920 5264 1160 5324 niSpania,
1197 5271 1418 5323 tempore
1433 5261 1634 5325 Galienl,
1659 5260 1907 5325 Aimilianp
1932 5269 1983 5325 et

397 5322 540 5374 BaSso
572 5331 700 5373 Coss.
737 5326 860 5386 passi
893 5322 1022 5381 sunt,
1061 5325 1141 5386 die
1166 5322 1399 5386 vigesima
1441 5325 1593 5386 prima
1609 5323 1831 5386 januarii,
1860 5322 1980 5386 feria

397 5392 592 5448 quarta.
609 5391 657 5432 In
680 5384 800 5448 hanc
818 5385 1020 5448 januarii
1052 5385 1182 5448 diem
1213 5384 1495 5448 vigesima—mi
1521 5384 1720 5448 primam
1745 5384 1983 5448 praedictis

397 5445 673 5508 consulibus
704 5445 872 5508 incidit
907 5453 1075 5508 quarta
1115 5445 1419 5507 feriafanno
1455 5445 1624 5495 Christi
1646 5445 1981 5496 ducentesimo

397 5507 796 5568 quinquagesimo
833 5507 978 5556 nono.
1017 5509 1243 5571 Passionis
1283 5521 1453 5557 eorum
1493 5516 1612 5566 acta,
1663 5508 1813 5571 inque
1865 5509 1982 5571 ipsis

396 5571 646 5632 Martyrum
660 5581 893 5632 responsa
907 5581 1017 5631 qua?
1033 5569 1108 5617 hic
1123 5569 1280 5618 refert
1303 5571 1608 5632 Augustinus,
1620 5569 1842 5632 reperies
1854 5569 1978 5632 apud

394 5629 582 5677 aurium
621 5636 672 5679 et
709 5628 998 5680 Bollandu'm.
1036 5637 1314 5681 Sermonem
1342 5628 1469 5682 hunc
1492 5633 1607 5682 citat
1644 5628 1806 5681 Florus
1843 5628 1903 5682 ad
1943 5637 1977 5680 tt

393 5695 499 5739 σοι’.
524 5705 573 5741 ιι.

2099 3945 2182 4000 sui
2211 3945 2454 4016 corporis
2490 3946 2630 4014 vita;
2670 3946 2749 4002 sic
2799 3947 2943 4004 Deus
2989 3955 3071 4004 est
3110 3948 3275 4018 ipsius
3315 3953 3514 4010 anima:
3559 3957 3691 4014 rita.

2093 4035 2370 4102 Quomodo
2394 4051 2522 4106 ergo
2547 4052 2742 4106 corpus
2771 4038 2994 4094 moritur
3015 4080 3030 4106 ,
3075 4041 3291 4110 quando
3341 4043 3476 4100 illud
3519 4047 3688 4104 dimi-

2092 4126 2221 4179 serit
2247 4125 2444 4191 anima,
2489 4125 2542 4180 id
2586 4135 2669 4181 est
2701 4127 2805 4182 vita
2853 4128 3052 4197 ipsius;
3083 4129 3162 4184 sic
3188 4132 3366 4187 anima
3412 4138 3688 4205 moritur,

2091 4217 2304 4286 quando
2333 4217 2477 4272 illam
2505 4217 2767 4274 dimiserit
2795 4219 2956 4275 Deus.
2997 4220 3067 4277 Ut
3105 4233 3284 4278 autem
3311 4226 3551 4293 animam
3578 4245 3687 4284 non

2091 4311 2323 4367 dimittat
2348 4312 2509 4380 Deus,
2541 4312 2612 4368 sit
2638 4327 2852 4383 semper
2879 4314 2930 4368 in
2959 4313 3084 4380 ﬁde,
3108 4323 3167 4370 ut
3191 4331 3296 4372 non
3327 4319 3517 4375 timeat
3541 4337 3689 4377 mor-

2093 4411 2201 4458 tem
2232 4417 2330 4472 pro
2353 4403 2497 4469 Deo;
2534 4411 2589 4458 et
2615 4417 2719 4458 non
2756 4404 2980 4460 moritur
3016 4405 3233 4461 dimissa
3257 4423 3287 4460 a
3315 4408 3447 4464 Deo.
3493 4411 3687 4468 Restat

2091 4507 2218 4563 ergo
2250 4503 2310 4547 ut
2359 4507 2507 4548 mors
2542 4509 2661 4564 quae
2705 4494 2952 4561 timetur,
2993 4498 3206 4566 corpori
3259 4499 3532 4558 timeatur.
3574 4503 3683 4560 Sed

2090 4583 2250 4638 etiam
2289 4583 2414 4638 inde
2444 4584 2698 4640 Dominus
2724 4585 2966 4642 Christus
2989 4601 3207 4644 securos
3244 4598 3510 4663 martyres
3555 4609 3685 4652 suos

2090 4673 2232 4729 fecit.
2277 4674 2554 4742 Quomodo
2603 4675 2744 4730 enim
2795 4675 2986 4733 incerti
3029 4687 3211 4734 essent
3261 4680 3330 4735 de
3370 4682 3684 4755 integritate

2091 4764 2473 4842 membrorum,
2504 4764 2593 4834 qui
2633 4766 2970 4824 securitatem
3012 4780 3328 4840 acceperant
3358 4771 3426 4829 de
3454 4791 3684 4833 numero

2089 4855 2438 4925 capillorum?
2463 4855 2670 4926 Capilli,
2687 4857 2872 4927 inquit,
2886 4859 3036 4913 vestri
3060 4862 3313 4920 numerati
3326 4873 3446 4917 sunt
3459 4864 3680 4938 (Manli.

2088 4963 2144 5007 ι.
2168 4948 2256 5012 50,
2286 4956 2332 5002 et
2349 4947 2473 5001 Luc.
2497 4964 2626 5015 χχιι,
2648 4947 2727 5019 7).
2757 4949 2878 5004 Alio
2904 4958 3082 5006 autem
3109 4952 3226 5008 loco
3256 4955 3498 5024 apertius
3516 4957 3682 5015 dicit:

2088 5037 2220 5092 Dico
2248 5037 2382 5092 enim
2411 5039 2544 5092 vobis
2561 5079 2576 5103 ,
2598 5039 2716 5106 quia
2740 5038 2956 5110 capillus
2980 5043 3162 5111 capitis
3191 5044 3343 5099 vestri
3367 5062 3473 5101 non
3501 5050 3682 5117 peribit

2090 5128 2240 5202 (Luc.
2267 5145 2383 5193 XXI,
2409 5129 2519 5202 i8).
2550 5129 2684 5185 Dicit
2709 5129 2948 5200 Veritas,
2978 5133 3204 5203 trepidat
3230 5135 3557 5195 inﬁrmitas?

2159 5219 2384 5276 CAPUT
2408 5220 2474 5275 ll.
2498 5251 2570 5262 -—
2595 5221 2650 5276 2.
2673 5220 3026 5279 Solemnitates
3045 5235 3323 5298 martyrum
3351 5230 3422 5282 ad
3439 5233 3680 5287 exhorta-

2089 5312 2272 5366 tionem
2297 5311 2544 5381 ﬁdelium.
2565 5312 2627 5367 S.
2655 5311 2927 5369 Fructuosi
2954 5332 3268 5386 responsum.
3299 5319 3452 5376 Beati
3481 5326 3676 5390 sancti,

2089 5403 2141 5458 in
2168 5419 2397 5474 quorum
2431 5404 2704 5460 memoriis
2737 5405 3074 5462 celebramus
3097 5408 3238 5464 diem
3267 5414 3536 5480 passionis
3562 5417 3676 5470 illo-

2087 5513 2206 5552 rum
2238 5516 2252 5553 :
2285 5499 2358 5553 illi
2392 5508 2713 5570 acceperunt
2761 5516 2858 5571 pro
2903 5503 3179 5573 temporali
3217 5504 3391 5561 salute
3418 5516 3670 5562 aeternam

2086 5606 2360 5657 coronam,
2392 5592 2507 5647 sine
2534 5591 2639 5648 ﬁne
2663 5593 3147 5662 immortalitatem;
3175 5596 3331 5652 nobis
3355 5597 3670 5655 dimiserunt

2087 5684 2139 5740 in
2164 5684 2278 5742 istis
2305 5685 2731 5743 solemnitatibus
2773 5687 3218 5744 exhortationem.
3261 5691 3493 5759 Quando
3516 5692 3663 5749 audi;
