4056 6432
368 380 504 437 1⁸139

366 508 485 548 mus
532 491 802 561 quomodo
850 489 989 560 passi
1049 497 1173 545 sunt
1217 496 1508 559 martyres,
1558 483 1850 556 gaudemus
1897 492 1951 563 et

366 586 723 655 glorificamus
751 585 801 638 in
833 584 936 638 illis
967 583 1171 638 Deum:
1207 596 1304 636 nec
1330 579 1574 634 dolemus
1599 577 1720 647 quia
1753 574 1949 630 mortui

367 688 508 736 sunt.
534 677 743 732 Etenim
773 677 816 730 si
845 676 1035 731 mortui
1066 691 1161 744 pro
1189 674 1400 727 Christo
1428 688 1532 726 non
1563 678 1760 731 essent,
1790 684 1949 722 num-

367 769 493 840 quid
535 784 700 838 usque
729 767 887 822 hodie
920 765 1194 820 viverent?
1231 764 1406 832 Quare
1440 777 1545 817 non
1579 762 1776 816 faceret
1817 773 1946 813 con-

367 861 566 934 fessio,
617 859 758 928 quod
797 857 996 912 factura
1040 857 1210 912 fuerat
1247 853 1543 925 aegritudo?
1570 852 1802 906 Audistis
1829 866 1950 920 pcr-

365 953 701 1022 sequentium
759 949 1239 1018 interrogationes,
1293 945 1514 1000 audistis
1581 941 1948 997 confitentium

365 1042 742 1113 responsiones
760 1081 775 1103 ,
817 1055 937 1094 cum
961 1047 1265 1093 sanctorum
1292 1035 1468 1105 passio
1492 1034 1776 1103 legeretur.
1808 1030 1950 1108 Inter

365 1144 598 1197 caetera,
655 1131 812 1202 quale
851 1139 966 1184 erat
1002 1128 1133 1183 illud
1178 1127 1316 1182 beati
1355 1123 1635 1180 Fructuosi
1677 1119 1950 1191 episcopi?

365 1225 498 1279 Cum
526 1225 574 1279 ei
602 1223 803 1278 diceret
831 1221 1080 1292 quidam,
1107 1228 1160 1274 et
1187 1227 1390 1289 peteret
1417 1227 1475 1270 ut
1513 1229 1633 1270 eum
1674 1213 1727 1267 in
1771 1219 1950 1265 mente

368 1319 622 1381 haberet,
663 1325 720 1371 et
745 1321 923 1369 oraret
954 1330 1048 1382 pro
1076 1312 1190 1377 illo,
1221 1309 1496 1379 respondit
1525 1324 1539 1362 :
1571 1305 1657 1360 Mc
1681 1321 1827 1360 orare
1857 1321 1946 1357 ue-

366 1425 500 1462 cesse
534 1416 606 1461 est
645 1423 737 1478 pro
781 1404 1005 1459 Ecclesia
1043 1402 1293 1456 catholica
1317 1442 1331 1464 ,
1359 1399 1419 1453 ab
1465 1399 1655 1453 oriente
1696 1412 1850 1463 usque
1883 1393 1950 1446 ad

366 1500 671 1552 occidentem
715 1495 924 1563 diffusa.
967 1494 1096 1562 Quis
1121 1493 1263 1548 enim
1288 1501 1406 1545 orat
1432 1505 1528 1560 pro
1552 1488 1810 1560 singulis?
1846 1485 1949 1540 Sed

369 1593 637 1648 nemiuem
661 1589 984 1659 singulorum
1009 1585 1261 1656 praeterit,
1290 1584 1378 1654 qui
1406 1591 1522 1637 orat
1549 1598 1646 1652 pro
1666 1579 1946 1636 universis.

367 1683 451 1738 Ab
470 1698 536 1737 eo
564 1681 763 1736 nullum
794 1680 1090 1734 membrum
1129 1675 1576 1746 przetermittitnr,
1612 1672 1764 1742 cujus
1779 1670 1951 1725 oratio

366 1793 466 1848 pro
508 1785 619 1831 toto
654 1789 881 1843 corpore
915 1770 1170 1826 funditur.
1212 1769 1348 1838 Quid
1394 1783 1523 1838 ergo
1559 1766 1708 1820 vobis
1744 1763 1951 1820 videtur

365 1866 711 1924 admonuisse
738 1866 932 1944 istum,
959 1877 990 1916 a
1014 1877 1120 1932 quo
1151 1859 1433 1930 rogabatur
1449 1867 1506 1914 ut
1525 1865 1704 1912 oraret
1733 1871 1828 1924 pro
1848 1853 1950 1908 eo?

365 1959 491 2031 quid
521 1957 752 2028 putatis?
775 1954 902 2011 Siue
934 1953 1097 2009 dubio
1115 1951 1428 2022 intelligitis.
1446 1944 1949 2004 Commemoratnini

364 2069 395 2108 a
421 2052 592 2108 nobis.
629 2049 865 2119 Rogabat
903 2047 991 2101 ille
1029 2055 1086 2100 ut
1126 2053 1306 2099 oraret
1346 2057 1443 2114 pro
1483 2042 1590 2096 illo.
1621 2039 1686 2093 Et
1714 2056 1824 2110 ego,
1865 2037 1947 2091 in-

365 2143 499 2214 quit,
532 2157 621 2196 oro
659 2156 750 2210 pro
791 2136 1017 2191 Ecclesia
1049 2133 1326 2197 catholica,
1363 2133 1426 2186 ab
1460 2133 1648 2186 oriente
1684 2144 1838 2199 usque
1882 2127 1949 2180 ad

365 2235 672 2290 occidentem
717 2229 924 2298 diﬂ'usa.
969 2229 1052 2285 Tu
1095 2229 1138 2282 si
1179 2228 1261 2282 vis
1299 2236 1357 2280 ut
1389 2240 1484 2296 pro
1526 2235 1574 2279 te
1607 2237 1756 2279 orem
1780 2263 1796 2290 ,
1843 2221 1947 2277 noli

365 2326 620 2383 recedere
646 2326 714 2380 ab
741 2325 852 2388 illa,
881 2338 976 2393 pro
1002 2336 1104 2392 qua
1130 2335 1246 2375 oro.

436 2416 662 2473 CAPUT
713 2414 797 2470 Ill.
838 2443 912 2454 —
960 2414 1014 2467 5.
1072 2413 1388 2481 Responsum
1458 2408 1666 2478 Eulogii
1726 2407 1946 2462 diaconi.

366 2510 619 2581 Martyres
645 2507 950 2571 honorandi,
982 2504 1116 2558 Deus
1136 2503 1390 2556 colendus.
1418 2499 1636 2554 Mortuis
1665 2498 1950 2552 hominibus

364 2601 531 2655 cultus
555 2615 587 2651 a
615 2597 837 2668 Paganis
867 2597 1140 2666 impensus.
1170 2593 1336 2660 Quale
1363 2601 1446 2646 est
1470 2592 1629 2645 etiam
1670 2589 1796 2643 illud
1827 2603 1951 2642 san-

363 2692 437 2745 cti
485 2689 714 2753 diaconi,
749 2686 838 2758 qui
877 2701 998 2740 cum
1034 2685 1287 2754 episcopo
1327 2699 1424 2736 suo
1465 2695 1652 2751 passus
1696 2687 1751 2733 et
1789 2694 1947 2734 coro-

365 2793 523 2838 natus
553 2779 672 2835 est?
694 2780 780 2833 Ait
807 2779 881 2832 illi
899 2778 1058 2847 judex
1085 2795 1098 2830 :
1126 2775 1390 2844 Numquid
1427 2782 1473 2828 et
1511 2782 1566 2826 tu
1606 2770 1950 2825 Fructuosum

362 2875 530 2928 colis?
561 2871 628 2926 Et
653 2871 740 2925 ille
779 2889 793 2924 :
836 2868 946 2940 Ego
981 2884 1080 2921 non
1115 2866 1226 2920 colo
1267 2865 1622 2932 Fructuosum,
1651 2862 1740 2916 sed
1784 2861 1949 2916 Deum

363 2965 500 3028 colo,
528 2980 673 3034 quem
707 2963 825 3015 colit
859 2970 904 3015 et
939 2958 1271 3013 Fructuosus.
1306 2957 1422 3024 Quo
1450 2955 1608 3009 modo
1639 2968 1735 3008 nos
1764 2953 1948 3008 admo-

367 3058 524 3121 nuit,
579 3065 636 3110 ut
684 3061 944 3123 martyres
991 3049 1316 3104 honoremus
1339 3089 1352 3110 ,
1383 3056 1438 3102 et
1475 3061 1594 3100 cum
1625 3043 1949 3116 martyribus

369 3149 537 3203 Deum
594 3146 848 3200 colamus.
897 3141 1078 3212 Neque
1126 3139 1264 3194 enim
1313 3139 1444 3192 tales
1487 3152 1608 3192 esse
1661 3135 1946 3201 debemus,

364 3238 553 3309 quales
583 3236 821 3304 Pagauos
849 3232 1109 3286 dolemus.
1151 3230 1215 3286 Et
1245 3227 1459 3299 quidem
1485 3227 1560 3282 illi
1586 3239 1825 3282 mortuos
1855 3227 1950 3280 ho-

366 3329 542 3383 mines
565 3327 765 3382 colunt.
798 3325 876 3379 Illi
904 3323 1098 3394 quippe
1125 3337 1332 3387 attines,
1359 3337 1579 3390 quorum
1613 3321 1824 3374 nomina
1850 3335 1948 3398 au-

365 3421 513 3485 ditis,
535 3419 725 3490 quibus
744 3417 933 3486 templa
950 3424 1248 3470 constructa
1268 3424 1409 3477 sunt,
1434 3414 1676 3469 homines
1698 3413 1946 3478 fuerunt;

365 3521 420 3568 et
468 3513 520 3566 in
568 3511 728 3565 rebus
776 3508 1020 3562 humanis
1067 3505 1364 3560 habuerunt
1407 3505 1646 3574 plerique
1685 3520 1869 3558 eorum
1897 3512 1950 3557 et

367 3619 507 3674 pene
533 3617 719 3656 omnes
761 3600 957 3669 regiam
999 3605 1333 3666 potestatem.
1368 3593 1576 3647 Auditis
1600 3593 1783 3647 Jovem
1809 3634 1823 3658 ,
1852 3608 1946 3646 au-

369 3695 496 3748 ditis
531 3691 832 3755 Herculem,
863 3688 1057 3744 auditis
1084 3687 1404 3755 Neptunum,
1429 3683 1620 3736 auditis
1649 3683 1947 3748 Plutonem,

368 3785 710 3848 Mercurium,
742 3782 992 3836 Liberum
1034 3788 1086 3832 et
1123 3785 1347 3831 caeteros
1389 3792 1402 3828 :
1445 3774 1688 3829 homines
1717 3773 1948 3827 fuerunt.

367 3876 486 3932 Non
532 3877 630 3930 ista
683 3873 853 3928 solum
903 3872 954 3925 in
1001 3869 1192 3924 fabulis
1236 3875 1532 3938 poetarum,
1581 3864 1676 3921 scd
1706 3866 1866 3920 etiam
1899 3866 1953 3921 in

370 3969 589 4024 historia
610 3967 844 4037 gentium
867 3963 1223 4018 declarantur.
1240 3959 1339 4028 Qui
1361 3961 1620 4030 legerunt,
1641 3969 1902 4014 noverunt
1933 3976 1948 4013 :

368 4061 459 4132 qui
493 4076 598 4115 non
631 4059 902 4130 legerunt,
934 4054 1154 4110 credant
1181 4055 1258 4108 eis
1285 4052 1374 4123 qui
1402 4051 1661 4122 legerunt.
1705 4051 1781 4105 llli
1825 4067 1953 4122 ergo

371 4153 618 4208 homines
665 4147 937 4204 beneﬁciis
977 4144 1289 4216 quibusdam
1335 4141 1714 4212 temporalibus
1739 4157 1824 4196 res
1852 4141 1952 4195 hu-

370 4259 558 4300 manas
603 4242 702 4297 sibi
740 4239 1156 4297 conciliaverunt
1189 4245 1242 4289 et
1283 4235 1348 4288 ab
1391 4230 1688 4288 hominibus
1728 4233 1875 4286 vanis
1902 4241 1953 4287 et

372 4351 504 4389 vana
537 4331 858 4388 sectantibus
888 4327 1085 4395 ita‘coli
1116 4333 1408 4395 cmperunt,
1435 4332 1492 4378 ut
1514 4323 1584 4378 dii
1613 4332 1950 4392 vocarentur,

369 4427 443 4482 dii
493 4424 844 4486 haberentur;
877 4392 1124 4488 tanqugm
1153 4392 1254 4471 diis
1284 4415 1478 4484 templa
1515 4413 1924 4480 mdiﬁcarentur,

370 4528 621 4586 tanquam
664 4513 766 4567 diis
803 4511 1209 4580 supplicaretur,
1243 4516 1490 4576 tanquam
1534 4505 1636 4559 diis
1679 4521 1786 4559 ara:
1826 4519 1955 4560 eon-

353 4611 723 4668 struereutur,
775 4613 1023 4670 tauquam
1070 4599 1172 4653 diis
1213 4597 1517 4652 sacerdotes
1556 4595 1952 4665 ordinarentur,

369 4710 622 4768 tanquam
654 4697 755 4752 diis
785 4695 1010 4748 victima:
1041 4693 1459 4746 immolarentur.

444 4787 669 4842 CAPUT
698 4785 787 4842 IV.
809 4816 876 4825 —
897 4786 950 4839 ὁ.
973 4782 1240 4854 Templum
1276 4792 1321 4835 et
1359 4781 1669 4849 sacri/icium
1711 4780 1800 4835 uni
1842 4797 1955 4835 vero

369 4867 493 4934 Deo'
509 4880 747 4932 debitum.
778 4876 1057 4946 Templum
1087 4882 1264 4928 autem
1305 4873 1452 4926 solus
1491 4873 1632 4927 Deus
1674 4888 1829 4926 verus
1861 4869 1958 4925 ha-

369 4971 502 5026 bere
537 4969 697 5025 debet
718 5011 732 5035 ,
763 4967 1090 5024 sacrificium
1123 4965 1224 5022 soli
1256 4965 1367 5020 Deo
1404 4980 1532 5018 vero
1562 4964 1737 5018 offerri
1775 4963 1952 5018 debet.

367 5063 475 5118 Ista
507 5077 634 5132 ergo
660 5077 778 5132 qua:
806 5059 1065 5115 debentur
1104 5058 1204 5113 rite
1234 5067 1288 5111 et
1316 5057 1520 5124 integre
1550 5057 1637 5110 uni
1667 5070 1794 5109 vero
1823 5057 1952 5121 Deo,

365 5153 691 5210 exhibebant
721 5152 898 5206 miseri
925 5150 1133 5220 decepti
1163 5148 1340 5204 multis
1379 5147 1522 5202 falsis
1547 5148 1668 5202 diis.
1700 5147 1834 5203 llinc
1859 5148 1955 5202 hu-

367 5262 582 5302 manam
629 5244 897 5300 miseriam
957 5256 1238 5313 perversus
1284 5256 1435 5296 error
1495 5240 1702 5295 obsedit
1759 5258 1770 5294 :
1831 5240 1956 5296 hinc

365 5338 607 5393 omnium
640 5336 918 5406 prostratis
947 5333 1214 5388 mentibus
1253 5331 1496 5386 diabolus
1547 5325 1848 5385 incubabat.
1888 5332 1958 5386 At

365 5429 457 5482 ubi
506 5429 672 5498 gratia
721 5425 1011 5481 Salvatoris
1059 5432 1114 5478 et
1183 5421 1546 5478 misericordia
1597 5421 1687 5476 Dei
1742 5421 1955 5476 tandem

369 5520 606 5589 respexit
656 5519 935 5588 indignos;
987 5515 1260 5584 impletum
1314 5521 1397 5567 est
1447 5513 1586 5582 quod
1647 5514 1956 5583 praphetice

366 5609 685 5680 pra'dictnm
718 5620 798 5662 est
821 5608 872 5661 iu
901 5606 1121 5661 Cantica
1140 5605 1466 5659 canticorum
1494 5621 1507 5657 :
1544 5603 1791 5675 Exsurge,
1820 5608 1958 5672 aqui-

365 5705 510 5765 lo;et
528 5701 660 5765 ueni,
683 5709 882 5761 auster;
908 5708 953 5750 et
981 5697 1141 5767 per/la
1161 5696 1360 5748 hortum
1379 5711 1564 5758 meum,
1582 5705 1628 5748 et
1652 5697 1808 5762 ﬂuent
1834 5714 1955 5751 πνοι
2031 5685 2036 5748 ί

368 5801 501 5846 mata
518 5789 883 5862 (Cant.tv,|6).
905 5791 1174 5858 Tanquam
1195 5785 1390 5841 dictum
1413 5795 1512 5854 est,
1541 5786 1786 5861 Exsurge,
1806 5795 1952 5863 aqui-
2029 5807 2036 5812 ·

1740 373 1968 429 SEllllO
2006 337 2324 428 cetxxut.

3507 374 3648 432 {25-0

2055 485 2126 538 lo.
2192 484 2473 566 Aquilonia
2533 484 2674 540 enim
2735 500 2858 556 pars
2907 485 3092 540 mundi
3140 485 3326 556 frigida
3377 495 3480 542 est.
3533 485 3649 542 Sub

2055 574 2272 630 diabolo
2301 587 2549 647 tanquam
2592 578 2691 632 sub
2717 578 2962 649 aquilone
2999 579 3190 634 anima:
3230 579 3525 650 friguerunt
3548 621 3562 647 ,
3591 590 3648 636 et

2055 666 2328 722 charitatis
2368 669 2545 723 calore
2577 669 2782 738 perdito
2812 669 3139 738 gelaverunt.
3181 669 3284 724 Sed
3333 671 3460 742 quid
3487 672 3533 726 ei
3562 671 3647 725 di-

2055 756 2231 810 citur?
2255 750 2502 826 Exsurge,
2519 755 2706 828 aquilo.
2737 758 2939 813 Sufficit
2962 758 3098 828 quod
3124 759 3428 827 incubuisti,
3452 761 3649 816 sufﬁcit

2054 846 2195 915 quod
2258 847 2573 916 possedisti,
2621 847 2816 902 sufﬁcit
2849 843 2989 918 quod
3034 864 3194 918 super
3235 858 3527 919 prostratos
3563 867 3649 905 re-

2054 937 2280 990 citbuisti
2313 956 2324 989 :
2354 935 2602 1014 Exsurge.
2633 936 2777 1004 Veni,
2802 948 2990 1005 auster,
3019 951 3209 994 ventus
3238 939 3302 994 de
3335 953 3482 1010 parte
3511 941 3646 996 lucis

2055 1034 2213 1094 atque
2247 1021 2466 1078 fervoris
2494 1043 2506 1077 :
2537 1035 2579 1078 et
2605 1027 2767 1096 perﬂa
2797 1027 2995 1080 hortum
3028 1044 3189 1082 meum
3212 1068 3226 1094 ,
3254 1035 3299 1082 et
3327 1021 3485 1098 [luent
3525 1047 3645 1084 aro-

2057 1128 2214 1170 mata.
2247 1113 2347 1171 Ista
2379 1113 2535 1186 paulo
2563 1126 2684 1170 ante
2710 1127 2943 1172 aromata
2974 1119 3304 1188 legebantur.

2125 1203 2348 1264 CAPUT
2383 1209 2442 1261 V.
2467 1239 2534 1248 —
2556 1209 2608 1263 5.
2638 1207 2898 1273 Aromata,
2928 1211 3090 1284 sancti
3123 1221 3170 1267 et
3201 1223 3467 1284 martyres.
3511 1213 3641 1282 Quae

2055 1310 2178 1354 sunt
2226 1300 2322 1353 ista
2372 1299 2648 1353 aromata?
2678 1299 2753 1354 De
2801 1301 2992 1370 quibus
3041 1302 3169 1358 dicit
3215 1303 3326 1374 ipSa
3372 1305 3642 1361 Dominica

2055 1407 2290 1464 sponsa:
2319 1391 2442 1445 Post
2490 1385 2695 1446 odorem
2741 1401 3105 1462 unguentorum
3147 1406 3346 1449 tuorum
3384 1414 3643 1452 curreums

2059 1485 2225 1556 (Cant.
2244 1503 2280 1550 ι,
2314 1483 2390 1555 3).
2421 1484 2586 1556 Cujus
2611 1485 2791 1539 odoris
2818 1501 3021 1540 memor
3044 1489 3318 1556 apostolus
3340 1489 3536 1543 Paulus
3557 1487 3641 1543 di-

2054 1579 2126 1632 cit
2156 1595 2169 1630 :
2199 1572 2385 1632 Christi
2417 1579 2575 1631 bonus
2602 1577 2730 1630 odor
2753 1593 2924 1630 sumus
2950 1577 3000 1629 in
3028 1579 3164 1630 omni
3204 1575 3342 1645 loco,
3378 1589 3426 1632 et
3471 1573 3521 1634 in
3565 1579 3642 1634 his

2053 1669 2138 1738 qui
2163 1661 2288 1723 salvi
2315 1667 2523 1736 [iunt,et
2549 1668 2598 1721 in
2621 1666 2698 1722 his
2713 1668 2800 1737 qui
2821 1674 3047 1737 pereunt.
3067 1667 3309 1738 Magnum
3335 1684 3643 1726 sacramen-

2054 1768 2165 1814 tum
2191 1758 2414 1814 :Christi
2438 1757 2595 1812 bonus
2623 1755 2750 1812 odor
2785 1761 2958 1813 sumus
2991 1759 3045 1812 in
3079 1760 3215 1813 onmi
3253 1759 3379 1825 loco,
3414 1772 3457 1815 et
3483 1763 3534 1816 in
3564 1765 3642 1819 his

2052 1858 2138 1928 qui
2163 1859 2288 1912 salvi
2318 1859 2464 1926 ﬁunt,
2491 1868 2536 1910 et
2558 1859 2608 1911 in
2636 1859 2712 1912 his
2738 1860 2822 1928 qui
2850 1867 3072 1929 pereunt.
3111 1857 3416 1924 Quibusdam
3442 1858 3642 1928 quidem

2053 1952 2180 2006 odor
2215 1954 2327 2007 vitm
2364 1954 2416 2008 in
2456 1955 2646 2021 vitam,
2690 1955 2987 2026 quibusdam
3032 1956 3158 2010 odor
3186 1957 3360 2009 mortis
3397 1954 3464 2007 ad
3509 1970 3644 2006 mor-

2054 2054 2171 2103 tem.
2198 2043 2264 2097 Et
2295 2047 2362 2098 ad
2392 2047 2498 2100 htec
2531 2048 2868 2118 intelligenda
2896 2050 3006 2118 quis
3034 2049 3243 2102 idoneus
3287 2048 3368 2117 (ll
3416 2047 3533 2100 Cor.
3572 2062 3604 2099 Il
3624 2087 3638 2109 ,

2055 2134 2280 2207 M-lﬁ)?
2321 2136 2598 2200 Quomodo
2653 2137 2822 2193 bonus
2863 2139 2996 2194 odor
3038 2139 3173 2194 alios
3214 2146 3459 2208 vegetat,
3510 2137 3644 2192 alios

2053 2228 2244 2281 necat?
2290 2229 2468 2283 Bonus
2502 2216 2634 2284 odor
2655 2272 2669 2294 .
2703 2246 2806 2284 non
2837 2231 3026 2284 malus.
3065 2231 3180 2285 Non
3211 2232 3351 2286 enim
3382 2231 3455 2283 ait
3486 2247 3499 2284 :
3538 2225 3643 2283 Bo-

2054 2334 2153 2372 nus
2178 2319 2310 2374 odor
2337 2320 2505 2375 bonos
2533 2331 2774 2391 vegetat,
2804 2331 2858 2376 et
2885 2323 3055 2376 malus
3085 2322 3220 2376 odor
3260 2315 3430 2376 malos
3458 2329 3634 2374 necat.

2053 2411 2165 2465 Non
2197 2413 2269 2466 ait
2298 2431 2311 2466 :
2346 2414 2476 2468 Aliis
2502 2415 2714 2483 quidem
2757 2429 2941 2468 sumus
2981 2414 3117 2469 odor
3143 2416 3316 2470 bonus
3344 2413 3408 2467 ad
3439 2410 3637 2477 vitam,

2052 2503 2169 2556 aliis
2193 2503 2327 2558 odor
2349 2505 2518 2558 malus
2539 2505 2603 2558 ad
2630 2514 2874 2559 mortem.
2909 2505 3023 2561 Non
3048 2507 3147 2560 hoc
3164 2505 3237 2559 ait
3261 2521 3274 2558 :
3305 2504 3398 2560 sed
3417 2545 3430 2568 ,
3453 2494 3642 2558 Christi

2051 2591 2208 2646 bonus
2238 2593 2364 2647 odor
2388 2611 2562 2648 sumus
2588 2596 2638 2648 in
2665 2597 2803 2649 omni
2825 2597 2955 2648 loco.
2992 2594 3082 2649 Va:
3113 2595 3356 2659 miseris,
3387 2607 3520 2664 quos
3545 2591 3643 2646 bo-

2052 2700 2152 2738 nus
2181 2685 2315 2740 odor
2341 2687 2557 2740 occidit.
2589 2685 2642 2742 Si
2671 2703 2798 2757 ergo
2825 2688 2995 2741 bonus
3024 2683 3157 2741 odor
3184 2687 3312 2740 estis
3332 2725 3346 2749 ,
3378 2700 3411 2740 ο
3439 2682 3634 2747 Paule,

2052 2793 2221 2847 quare
2255 2779 2369 2847 iste
2412 2779 2546 2833 odor
2592 2779 2722 2832 alios
2769 2778 2994 2843 occidit,
3035 2777 3168 2832 alios
3212 2775 3460 2846 vegetat?
3487 2771 3642 2842 Quod

2052 2867 2187 2922 alios
2233 2843 2472 2937 vegetat,
2503 2869 2696 2934 audio,
2744 2869 2981 2939 intelligo
3015 2888 3026 2922 :
3055 2867 3195 2938 quod
3238 2843 3370 2922 alios
3413 2860 3636 2931 occidit,

2051 2956 2268 3014 difﬁcile
2306 2971 2608 3029 assequar;
2642 2959 2871 3013 maxime
2914 2960 3035 3029 quia
3076 2958 3287 3020 dixisti,
3319 2956 3384 3010 Et
3427 2957 3495 3009 ad
3533 2955 3642 3009 lucc

2051 3051 2163 3118 quis
2206 3049 2457 3104 idoneus?
2501 3049 2616 3104 Non
2665 3057 2748 3105 est
2797 3051 2986 3105 mirum
3015 3051 3134 3120 quia
3182 3053 3286 3103 non
3317 3063 3500 3102 sumus
3522 3047 3641 3099 ido-

2051 3142 2160 3198 nci.
2194 3141 2373 3199 Faciat
2415 3157 2511 3198 nos
2567 3142 2821 3208 idoneos,
2871 3145 3022 3212 cujus
3077 3142 3210 3195 odor
3275 3149 3390 3195 erat
3428 3138 3641 3208 dequo

2052 3233 2337 3302 loquimur.
2368 3234 2484 3289 Cito
2514 3235 2655 3289 enim
2699 3235 2826 3288 mihi
2873 3235 3160 3304 respondet
3191 3233 3478 3304 Apostolus
3507 3250 3519 3285 :
3554 3231 3639 3284 ln-

2054 3325 2248 3395 tellige,
2265 3323 2451 3380 Christi
2480 3327 2636 3379 bonus
2663 3326 2788 3380 odor
2811 3343 2982 3380 sumus
3011 3327 3063 3380 in
3090 3327 3226 3379 omni
3249 3327 3379 3389 loco,
3412 3333 3457 3377 et
3480 3323 3531 3376 in
3558 3323 3638 3377 his

2050 3415 2134 3485 qui
2159 3416 2282 3470 salvi
2311 3417 2458 3484 ﬁunt,
2485 3426 2532 3469 et
2562 3417 2613 3468 in
2639 3416 2718 3469 his
2744 3417 2827 3484 qui
2852 3426 3078 3486 pereunt.
3106 3415 3215 3470 Nos
3251 3425 3426 3471 nmen
3466 3414 3640 3470 bonus

2052 3507 2204 3572 odor,
2250 3507 2366 3560 aliis
2403 3507 2529 3561 odor
2566 3508 2680 3560 vita:
2718 3507 2785 3560 ad
2816 3509 2988 3572 vitam,
3034 3507 3148 3561 aliis
3190 3508 3314 3560 odor
3360 3505 3533 3560 mortis
3573 3507 3642 3559 ad

2053 3607 2280 3651 mortem.
2303 3597 2447 3651 Odor
2473 3598 2570 3652 iste
2592 3605 2799 3667 vegetat
2819 3598 3115 3668 diligentes,
3144 3607 3298 3652 necat
3319 3597 3636 3652 invidentes.

2053 3690 2109 3744 Si
2140 3689 2281 3744 enim
2310 3706 2416 3744 non
2449 3700 2593 3745 esset
2621 3690 2881 3744 claritudo
2927 3699 3253 3756 sanctorum,
3305 3689 3498 3743 invidia
3533 3705 3640 3744 non

2053 3791 2294 3852 surgeret
2342 3783 2644 3853 impiorum.
2694 3781 2869 3850 Cmpit
2905 3782 3330 3851 persecutionem
3371 3779 3475 3849 pati
3507 3777 3643 3835 odor

2053 3884 2358 3928 sanctorum
2404 3891 2416 3924 :
2465 3873 2557 3927 sed
2600 3873 2866 3943 quomodo
2911 3870 3157 3940 ampullze
3201 3879 3588 3940 unguentorum
3620 3911 3636 3936 ,

2055 3974 2252 4036 quanto
2281 3965 2448 4035 magis
2479 3965 2878 4036 frangebantur,
2911 3971 3055 4018 tanto
3083 3962 3309 4032 amplius
3355 3960 3490 4016 odor
3534 3957 3640 4016 dif.

2055 4060 2390 4115 fundebatur.

2125 4151 2350 4207 CAPUT
2391 4150 2477 4205 Vl.
2496 4180 2564 4190 —-
2583 4149 2637 4203 6.
2678 4148 2834 4203 Beata
2862 4148 3047 4219 Agnes.
3076 4146 3159 4201 Dii
3186 4145 3513 4218 Paganorum
3536 4161 3639 4200 non

2056 4240 2386 4312 comparandi
2416 4240 2742 4310 martyribus.
2779 4239 2925 4294 Beati
2956 4252 3181 4308 quorum
3210 4237 3388 4308 passio
3422 4235 3640 4292 recitata

2057 4345 2157 4390 est.
2205 4335 2366 4388 Beata
2397 4334 2574 4404 Agnes
2621 4341 2826 4398 sancta,
2868 4332 3024 4398 cujus
3063 4331 3324 4402 passionis
3353 4326 3643 4384 hodiernus

2055 4438 2139 4484 est
2162 4427 2295 4482 dies.
2337 4425 2496 4496 Virgo
2535 4441 2655 4495 qua:
2683 4425 2824 4495 quod
2858 4424 3170 4490 vocabatur,
3197 4432 3330 4478 erat.
3358 4423 3533 4489 Agnes
3561 4420 3642 4475 la-

2058 4520 2169 4573 tine
2199 4531 2392 4586 agnam
2436 4514 2730 4585 significat;
2758 4529 2950 4584 gratce,
2979 4523 3201 4568 castam.
3231 4511 3359 4566 Erat
3382 4509 3523 4580 quod
3545 4526 3641 4564 vo-

2056 4611 2274 4664 cabatur
2299 4626 2311 4662 :
2339 4607 2530 4662 merito
2558 4607 2933 4661 coronabatur.
2956 4605 3091 4674 Quid
3115 4620 3262 4674 ergo,
3293 4603 3483 4656 fratres
3510 4602 3639 4667 mei,

2056 4702 2183 4772 quid
2207 4701 2357 4756 vobis
2385 4700 2557 4755 dicam
2586 4698 2652 4753 de
2686 4698 2988 4753 hominibus
3031 4698 3136 4752 illis
3163 4710 3295 4764 quos
3319 4692 3516 4763 Pagani
3545 4707 3643 4763 pro

2055 4793 2156 4848 diis
2181 4793 2482 4856 coluerunt,
2510 4790 2704 4861 quibus
2724 4789 2939 4860 templa,
2972 4784 3288 4848 sacerdotia,
3316 4783 3520 4848 altaria,
3555 4797 3642 4837 sa-

2057 4886 2254 4942 crificia
2302 4853 2694 4948 exhibuerunt?
2740 4853 2876 4949 Quid
2919 4879 3070 4932 vobis
3109 4875 3320 4931 dicam?
3362 4890 3467 4929 non
3522 4853 3670 4930 illos.

2057 4992 2176 5032 esse
2217 4975 2607 5044 comparandos
2658 4972 2979 5042 martyribus
3037 4966 3270 5022 nostris?
3316 4963 3488 5022 Etiam
3542 4966 3644 5023 hoc

2057 5066 2229 5134 ipsum
2263 5065 2452 5134 injuria
2478 5073 2579 5129 est,
2598 5064 2718 5133 quia
2745 5062 2831 5117 vel
2857 5060 2996 5115 dico.
3027 5058 3481 5128 Quibuscumque,
3512 5074 3645 5127 qua-

2057 5155 2426 5224 libus-cumque
2451 5153 2676 5208 inﬁrmis
2701 5150 2964 5216 fidelibus,
2993 5148 3118 5204 licet
3141 5149 3316 5204 adhuc
3342 5148 3642 5203 carnalibus

2057 5256 2112 5302 et
2139 5248 2272 5302 lacte
2298 5247 2527 5310 alendis,
2559 5259 2678 5298 non
2694 5243 2835 5308 cibo,
2864 5240 3002 5294 absit
3028 5249 3089 5296 ut
3128 5241 3201 5294 illi
3229 5239 3470 5309 sacrilegi
3496 5249 3644 5293 com-

2057 5349 2329 5410 parentur.
2359 5335 2554 5393 Coutra
2582 5349 2739 5388 unam
2762 5331 3023 5387 aniculam
3057 5332 3268 5388 ﬁdelem
3297 5331 3640 5388 christianum

2059 5429 2181 5499 quid
2207 5429 2343 5483 valet
2366 5427 2537 5482 Juno?
2557 5425 2750 5480 Contra
2774 5439 2936 5479 unum
2961 5423 3230 5478 infirmum
3251 5432 3304 5479 et
3329 5432 3642 5479 trementem

2059 5523 2306 5576 omnibus
2334 5519 2588 5574 membris
2616 5532 2798 5572 senem
2835 5516 3181 5571 christianum
3203 5515 3328 5588 quid
3351 5517 3489 5571 valet
3513 5516 3645 5571 Iler-

2059 5613 2244 5668 eules?
2294 5610 2430 5665 Vicit
2475 5609 2728 5674 Cacum',
2771 5609 2896 5662 vicit
2928 5607 3198 5663 Hercules
3236 5609 3464 5674 leonem,
3519 5608 3642 5664 vicit

2128 5787 2140 5817 |
2168 5783 2314 5832 Blitio
2335 5787 2446 5832 Lor.
2471 5795 2570 5834 non
2593 5781 2764 5842 habet,
2793 5777 2912 5830 Vicit
2935 5788 3127 5828 (acum.
