4056 6428
441 386 575 458 “Si

443 513 695 571 ilercules
732 526 917 568 canem
957 509 1287 567 Cerberum:
1321 507 1447 563 vicit
1485 502 1808 562 Fructuosus
1848 513 2016 558 totum

441 607 719 663 mundum.
767 605 1029 676 Compara
1053 604 1227 658 virum
1255 601 1391 656 viro.
1432 601 1610 671 Agnes
1634 597 1808 668 puella
1839 595 2018 651 trede-

441 699 544 754 cim
575 698 889 763 annorum',
915 696 1041 752 vicit
1063 694 1356 750 diabolum.
1386 691 1520 747 Eum
1547 690 1721 762 puella
1750 688 1852 744 ista
1872 685 2016 754 vicit,

443 789 533 859 qui
563 787 630 843 de
660 787 884 842 Hercule
912 787 1104 842 multos
1130 783 1357 854 decepit.

509 876 736 934 CAPUT
778 878 886 932 VII.
906 907 978 917 —
995 879 1048 932 '7.
1089 875 1300 946 Templa
1323 881 1370 927 et
1393 871 1764 942 sacriﬁcia‘non
1785 866 2021 938 martyri-

443 969 554 1035 bus,
578 971 667 1024 sed
693 969 800 1024 Deo
822 970 917 1025 soli
936 968 1244 1025 exhibentur.
1278 964 1529 1037 Martyres
1549 966 1657 1019 loco
1681 961 1882 1016 meliore
1904 958 2022 1013 reci-

443 1068 614 1113 tantur
639 1059 708 1112 ad
737 1061 917 1114 altare.
948 1059 1013 1113 Et
1042 1067 1234 1122 tamen,
1274 1055 1592 1120 eharissimi,
1629 1068 1727 1108 nos
1760 1059 2021 1121 martyres

388 1190 399 1230 ,
440 1155 676 1218 nostros,
704 1150 894 1220 quibus
943 1149 1019 1204 illi
1063 1148 1206 1203 nulla
1235 1163 1301 1203 ex
1330 1155 1480 1217 parte
1523 1151 1648 1201 sunt
1688 1139 2017 1206 conferendi,

440 1257 538 1312 pro
566 1242 666 1297 diis
709 1257 814 1297 non
859 1241 1136 1308 habemus,
1182 1255 1288 1295 non
1330 1249 1576 1309 tanquam
1602 1236 1732 1291 deos
1774 1233 2017 1289 colimus.

439 1331 554 1388 Non
582 1333 660 1388 eis
692 1333 903 1404 templa,
937 1347 1044 1387 non
1073 1331 1150 1386 eis
1190 1330 1396 1395 altaria,
1429 1343 1536 1383 non
1577 1325 1833 1382 sacriﬁcia
1872 1321 2020 1378 exhi-

442 1423 656 1480 bemus.
685 1425 798 1480 Non
827 1426 904 1480 eis
935 1425 1239 1481 sacerdotes
1265 1423 1493 1478 otl‘erunt
1520 1438 1533 1476 :
1561 1420 1718 1476 absit.
1751 1419 1860 1474 Deo
1884 1431 2023 1488 praes

439 1525 667 1571 stantur.
701 1515 811 1570 lmo
840 1517 949 1571 Deo
975 1517 1072 1571 ista
1113 1515 1427 1579 offeruntur,
1466 1527 1494 1565 a
1521 1525 1626 1582 quo
1656 1509 1808 1566 nobis
1831 1515 2020 1563 cuncta

439 1615 779 1678 praestantur.
803 1608 976 1662 Etiam
1000 1606 1140 1677 apud
1168 1604 1452 1660 memorias
1481 1611 1783 1658 sanctorum
1820 1607 2020 1669 marty-

438 1713 557 1753 rum
595 1714 716 1754 cum
753 1698 1044 1763 oﬁ‘erlmus,
1095 1710 1271 1751 nonne
1315 1695 1425 1750 Deo
1468 1689 1776 1748 offerimus?
1816 1688 2022 1743 Habent

439 1789 804 1845 honorabilem
853 1789 1032 1846 locum
1079 1795 1343 1858 martyres
1384 1785 1573 1840 sancti.
1623 1781 1894 1838 Advortite
1921 1798 1935 1834 :
1966 1780 2020 1834 in

444 1883 757 1938 recitatione
785 1883 850 1937 ad
876 1883 1046 1937 altare
1072 1879 1265 1935 Christi
1291 1876 1410 1934 loco
1435 1868 1659 1933 meliore
1686 1874 1980 1930 recitantur
2004 1879 2021 1940 ι

439 1989 546 2029 non
588 1983 762 2030 tamen
794 1988 889 2044 pro
931 1971 1145 2028 Christo
1187 1970 1493 2026 adorantur.
1535 1967 1758 2037 Quando
1800 1963 2022 2020 audistis

438 2067 540 2122 dici
571 2067 708 2138 apud
735 2066 1045 2122 memoriam
1074 2063 1244 2120 sancti
1268 2061 1572 2134 Theogenis
1597 2059 1701 2132 (a),
1746 2073 1776 2113 a
1803 2072 1910 2124 me,
1935 2055 2021 2111 vel

438 2158 506 2214 ab
539 2159 715 2228 aliquo
757 2157 920 2212 fratre
959 2164 1014 2212 et
1043 2157 1243 2226 collega
1290 2169 1427 2221 meo,
1459 2153 1547 2209 vel
1584 2151 1760 2221 aliquo
1797 2148 2021 2220 presby-

439 2251 590 2304 tero’
622 2267 634 2304 :
665 2249 842 2304 Oﬁ'cro
872 2249 986 2314 tibi,
1015 2256 1198 2304 sancte
1223 2245 1561 2317 Theogenis?
1590 2252 1682 2298 aut
1709 2241 1878 2298 oﬁ‘ero
1905 2240 2019 2308 tibi,

435 2338 630 2396 Petre?
677 2348 788 2406 aut,
837 2337 1002 2394 oﬁ‘ero
1045 2337 1156 2405 tibi,
1205 2335 1404 2393 Paule?
1463 2335 1740 2406 Nunquam
1774 2332 2017 2388 audistis.

432 2431 552 2487 Non
576 2431 634 2485 lit
661 2449 673 2483 :
708 2447 812 2486 non
845 2431 986 2486 licet.
1017 2431 1085 2486 Et
1112 2431 1156 2486 si
1183 2430 1392 2486 dicatur
1416 2429 1532 2497 tibi,
1561 2426 1817 2498 numquid
1848 2435 1900 2481 tu
1923 2424 2022 2482 Pe-

443 2526 581 2579 trum
625 2524 797 2579 colis?
846 2523 1109 2593 responde
1137 2522 1278 2595 quod
1307 2521 1374 2577 de
1411 2516 1704 2576 Fructuoso
1747 2517 2022 2588 respondit

439 2614 695 2686 Eulogius
726 2632 740 2669 :
766 2609 886 2687 'Ego
929 2615 1147 2670 Petrum
1196 2629 1302 2668 non
1342 2613 1479 2679 colo,
1529 2612 1622 2667 sed
1667 2611 1836 2666 Deum
1879 2610 2018 2676 colo,

439 2720 597 2775 quem
628 2706 755 2760 colit
794 2714 848 2760 et
883 2705 1094 2760 Petrus.
1131 2703 1283 2759 Tunc
1312 2711 1364 2757 te
1393 2710 1536 2758 amat
1575 2701 1784 2757 Petrus.
1813 2699 1945 2756 Nam
1975 2699 2021 2754 si

437 2796 672 2852 volueris
701 2810 796 2866 pro
826 2796 934 2850 Deo
958 2793 1156 2850 habere
1184 2793 1421 2858 Petrum,
1449 2791 1674 2847 oﬁ'endis
1712 2789 1937 2861 petram,
1968 2797 2023 2846 et

437 2889 562 2945 vide
587 2905 653 2946 ne
676 2889 864 2960 pedem
890 2888 1120 2958 frangas,
1151 2885 1468 2942 offendendo
1501 2885 1553 2940 in
1580 2893 1806 2954 petram.

510 2981 735 3038 CAPUT
775 2981 908 3038 Vlll.
931 3011 1002 3021 —
1020 2981 1073 3036 8.
1117 2979 1295 3036 Sancti
1321 2979 1511 3033 cultum
1547 2976 1651 3032 Deo
1676 2976 1894 3030 debitum
1925 2976 2024 3030 im-

449 3073 600 3142 pendi
618 3073 712 3126 sibi
740 3073 962 3125 horrent.
984 3067 1055 3126 Ut
1080 3069 1334 3124 noveritis
1365 3083 1545 3122 verum
1567 3082 1686 3123 esse
1705 3065 1846 3137 quod
1865 3066 2018 3132 dico;

441 3161 642 3228 audite,
684 3161 950 3216 admoneo
991 3173 1107 3215 vos.
1139 3158 1196 3213 In
1240 3157 1460 3212 Actibus
1499 3155 1871 3225 Apostolorum
1900 3169 2022 3210 cum

441 3268 692 3324 magnum
721 3251 1030 3306 miraculum
1065 3249 1278 3305 fecisset
1300 3247 1572 3318 apostolus
1603 3245 1796 3301 Paulus
1821 3246 1875 3300 in
1913 3245 2022 3316 Ly-

444 3345 649 3410 caonia,
682 3343 825 3413 cives
851 3342 1088 3413 ejusdem
1124 3337 1390 3411 regionis'
1416 3338 1527 3393 sive
1562 3337 1847 3408 provinciae
1873 3344 2022 3407 puta-

443 3444 634 3492 verunt
658 3408 797 3490 deos.
816 3408 1158 3489 descendisse
1183 3408 1250 3485 ad
1294 3429 1560 3496 homines,
1604 3436 1658 3484 et
1682 3426 2024 3484 crediderunt

444 3546 564 3585 esse
605 3527 901 3584 Barnabam
937 3525 1142 3589 Jovem,
1191 3524 1409 3579 Paulum
1455 3531 1632 3577 autem
1676 3520 2020 3586 Mercurium,

445 3619 563 3689 quia
595 3619 707 3689 ipse
734 3624 850 3673 erat
890 3617 944 3671 in
974 3627 1223 3671 sermone
1263 3613 1709 3684 promptissimus.
1752 3611 1865 3667 iioc
1899 3625 2023 3667 cre-

444 3710 632 3765 dentes
656 3709 946 3764 attulerunt
974 3707 1130 3762 vittas
1156 3717 1210 3762 et
1237 3705 1503 3771 victimas,
1525 3713 1581 3759 et
1608 3704 1890 3760 voluerunt
1919 3703 2021 3759 illis

445 3800 639 3857 oll‘erre
675 3798 1013 3854 sacriﬁcium.
1055 3797 1134 3851 Illi
1173 3795 1426 3851 continuo
1457 3809 1562 3849 non
1603 3793 1897 3858 irriserunt,
1927 3793 2021 3848 sed

443 3901 798 3963 expaverunt;
839 3889 1155 3946 vestimenta
1192 3903 1287 3943 sua
1325 3887 1576 3942 continuo
1624 3886 2020 3951 consciderunt,

445 3994 498 4040 et
524 3985 768 4039 dixerunt
793 3983 873 4038 eis
899 3999 912 4036 :
937 3980 1164 4045 Fratres,
1191 3979 1311 4050 quid
1347 3980 1514 4050 facitis
1533 3979 1558 4032 ?
1577 3977 1646 4032 Et
1667 3995 1757 4032 nos
1781 3979 1910 4033 sicut
1937 3994 2025 4034 vos

446 4075 670 4128 homines
695 4089 868 4126 sumus
893 4071 1150 4142 passibiles
1173 4069 1299 4124 :sed
1322 4069 1681 4123 annuntiamus
1697 4066 1832 4122 vobis
1861 4067 2024 4122 Deum

445 4180 636 4218 verum.
668 4162 1020 4217 Convertimini
1042 4162 1104 4215 ab
1121 4161 1197 4214 his
1225 4159 1365 4213 vanis
1392 4157 1529 4230 (Act.
1555 4174 1664 4222 xw,
1692 4157 1902 4228 10-14).
1939 4157 2024 4212 Vi-

447 4256 586 4310 detis
607 4253 872 4325 quomodo
923 4253 1093 4307 sancti
1139 4250 1460 4306 horruerunt
1508 4248 1612 4304 coli
1654 4262 1712 4304 se
1758 4263 1855 4318 pro
1899 4249 2023 4304 diis.

447 4346 578 4400 ltcm
615 4345 799 4399 beatus
819 4341 1048 4398 Joannes
1073 4341 1418 4412 evangelista,
1445 4340 1533 4411 qui
1564 4339 1780 4410 scripsit
1816 4340 2026 4411 Apoca-

449 4439 659 4511 lypsim,
686 4452 807 4493 cum
835 4437 921 4491 illa
952 4435 1082 4489 mira
1113 4450 1230 4504 qua:
1255 4432 1358 4488 sibi
1399 4431 1818 4489 ostendebantur
1847 4441 2029 4503 stupe-

449 4539 549 4597 ret,
573 4541 928 4598 expavescens
949 4525 1176 4597 quodam
1207 4523 1325 4579 loco
1349 4524 1538 4579 cecidit
1560 4523 1624 4578 ad
1652 4525 1815 4593 pedes
1830 4525 2022 4594 angeli,

450 4635 478 4672 a
519 4635 623 4688 quo
653 4618 751 4672 sibi
781 4617 958 4671 omnia
995 4615 1445 4669 monstrabantur.
1478 4614 1544 4670 Et
1569 4616 1642 4668 ait
1669 4615 1741 4669 illi
1779 4615 2022 4684 angelus,
2109 4631 2112 4634 '

451 4710 532 4764 cui
564 4709 738 4763 nullus
766 4707 927 4761 homo
947 4713 1029 4761 est
1052 4704 1440 4775 comparandus
1465 4723 1476 4757 :
1507 4705 1692 4774 Surge,
1715 4705 1837 4774 quid
1859 4707 1986 4777 facis
2002 4705 2028 4758 ἱ)

449 4801 615 4854 Deum
641 4799 820 4852 adora.
855 4798 990 4852 Nam
1016 4813 1105 4868 ego
1134 4809 1398 4850 conservus
1427 4805 1540 4850 tuus
1577 4812 1708 4862 sum,
1737 4805 1783 4849 et
1811 4799 2027 4867 fratrum

449 4903 647 4948 tuorum
676 4892 856 4963 (Apoc.
881 4907 994 4956 χιχ,
1020 4890 1130 4962 10).
1157 4888 1397 4945 Oderunt
1414 4897 1672 4959 martyres
1702 4889 1913 4960 lagenas
1935 4905 2025 4945 ve-

448 4997 608 5054 stras,
648 4985 875 5040 oderunt
920 4995 1181 5055 martyres
1221 4983 1514 5052 sartagines
1540 4991 1764 5046 vestras,
1796 4981 2027 5037 oderunt

449 5085 710 5146 martyres
732 5074 1017 5128 ebrietates
1038 5081 1260 5126 vestras.
1293 5071 1420 5126 Sine
1455 5070 1643 5140 injuria
1670 5084 1853 5125 eorum
1881 5071 2020 5137 dico,

448 5170 536 5239 qui
569 5168 702 5224 tales
744 5181 851 5221 non
888 5174 1049 5221 sunt:
1079 5165 1153 5219 illi
1182 5164 1247 5218 ad
1278 5177 1336 5218 se
1375 5162 1626 5226 referant,
1669 5163 1758 5233 qui
1790 5163 1910 5217 talia
1945 5164 2022 5218 fa-

512 5283 528 5312 ι
555 5278 914 5330 Vetustissimus
931 5275 1242 5325 Floriacensis
1263 5273 1416 5324 codex
1457 5285 1555 5322 non
1587 5271 1756 5334 habet,
1794 5271 2027 5323 tredecim

445 5352 775 5462 mgggdam
799 5399 876 5448 hic
915 5411 978 5447 ex
1009 5397 1294 5462 Florjacensi
1335 5394 1459 5445 libro
1495 5395 1820 5462 restituuntur
1857 5395 2022 5462 verba,

446 5457 622 5528 quibus
642 5470 777 5528 patet
798 5471 1074 5511 sermonem
1108 5459 1322 5508 habitum
1352 5470 1463 5507 esse
1487 5458 1751 5521 Augustino
1788 5457 1886 5518 jam
1925 5458 2026 5519 epi-

447 5540 620 5670 56%;
636 5584 950 5670 liloriacensils
972 5590 1053 5658 us.
1080 5587 1135 5631 At
1158 5582 1292 5654 editi,
1319 5579 1535 5653 ejusdem
1556 5577 1778 5670 diligatis.
1881 5641 1892 5651 _

510 5647 583 5712 (α)
613 5649 891 5720 Theogenis
902 5643 1308 5717 .(cujuishominis
1331 5642 1584 5716 episcopus
1604 5642 1922 5715 Hipponensis
1943 5642 2026 5690 ad-

447 5712 535 5762 fuit
555 5710 913 5779 (Iarthagtttenst
928 5703 1145 5779 conctho,
1157 5705 1221 5755 de
1235 5719 1332 5779 quo
1346 5704 1533 5779 inlibro
1552 5713 1697 5779 sentt.)
1713 5704 1777 5779 de
1792 5710 2026 5779 Baptismo

447 5781 613 5842 contra
635 5765 920 5842 Donatista)
952 5769 1109 5842 passio
1126 5769 1174 5818 in
1196 5765 1542 5832 mirtyrologiis
1562 5767 1839 5819 celebratur
1854 5765 1940 5816 'die
1953 5767 2024 5829 ja-

450 5835 603 5883 uuarii
629 5835 858 5890 vigesima
881 5836 1038 5888 sexta.

1670 387 1728 444 s.
1769 370 2130 444 AUGUSTiNl
2167 383 2469 442 EPISCUiZ

2125 501 2269 557 ciunt
2302 521 2314 556 :
2344 502 2573 557 oderunt
2618 502 2715 558 ista
2763 513 3043 577 martyres,
3090 523 3198 565 non
3241 521 3423 568 amant
3462 516 3588 572 talia
3625 518 3702 573 fa-

2125 593 2345 650 cientes.
2387 593 2494 650 Sed
2523 595 2690 649 multo
2721 595 2838 666 plus
2863 597 3108 666 oderunt,
3137 599 3181 655 si
3211 603 3474 660 colantur.

2195 685 2421 742 CAPUT
2460 671 2551 742 IX.
2576 717 2646 728 —-
2669 686 2722 743 9.
2763 675 2829 742 In
2851 688 3022 744 diebus
3059 701 3340 764 martyrum
3379 699 3704 768 cogitandum

2126 775 2189 829 de
2225 777 2453 845 ipsorum
2495 777 2756 848 sequendi:
2794 780 3030 850 vestigiis.
3081 781 3336 853 Martyres
3375 783 3620 844 laudandi
3657 793 3706 846 et

2125 866 2351 932 amandi,
2396 865 2535 920 Deus
2573 876 2851 938 martyrum
2889 869 3146 926 colendus.
3191 872 3337 941 Ideo,
3379 877 3703 948 charissimi,

2126 957 2386 1012 exsultate
2417 957 2468 1011 in
2498 957 2683 1013 diebus
2724 969 3028 1014 sanctorum
3068 973 3362 1034 martyrum
3393 984 3406 1020 :
3435 980 3606 1038 orate,
3646 977 3706 1028 ut

2126 1046 2422 1116 sequamini
2477 1041 2698 1118 vestigia
2753 1060 3066 1122 martyrum.
3111 1051 3228 1108 Non
3269 1056 3411 1111 enim
3457 1059 3702 1117 homines

2124 1137 2274 1205 estis,
2319 1147 2374 1192 et
2417 1137 2492 1194 illi
2538 1138 2781 1196 homines
2821 1155 2924 1196 non
2970 1142 3223 1198 fuerunt:
3253 1144 3361 1202 non
3405 1149 3546 1204 enim
3593 1153 3704 1209 nati

2124 1227 2274 1295 estis,
2300 1237 2356 1284 et
2381 1228 2457 1284 illi
2485 1230 2697 1286 aliunde
2726 1231 2834 1286 nati
2861 1240 3022 1288 sunt:
3057 1250 3161 1289 non
3190 1236 3332 1292 enim
3369 1240 3587 1296 alterius
3609 1252 3706 1311 ge;

2125 1320 2269 1375 neris
2309 1335 2522 1376 carnem
2569 1331 2934 1391 portaverunt,
2989 1340 3146 1395 quam
3194 1341 3290 1382 vos
3334 1329 3572 1397 portatis.
3626 1331 3705 1387 es

2125 1409 2295 1465 Adam
2322 1423 2511 1465 omnes
2531 1425 2737 1477 sumus,
2769 1411 2822 1466 in
2848 1412 3061 1468 Christo
3080 1428 3267 1470 omnes
3286 1431 3406 1472 esse
3425 1434 3704 1476 conamur.

2125 1496 2255 1568 ipse.
2270 1499 2527 1554 Dominus
2548 1496 2748 1568 noster,
2780 1502 2952 1571 ipsimi
2972 1512 3134 1575 eaput-
3157 1505 3436 1574 Ecclesiae,
3459 1511 3709 1581 unigeni-

2125 1597 2211 1643 tus
2246 1587 2411 1644 Filius
2454 1589 2570 1656 Dei,
2616 1589 2844 1647 Verbum
2883 1592 3056 1650 Patris
3094 1609 3191 1664 per
3234 1597 3375 1667 quod
3405 1599 3543 1654 facta
3582 1611 3710 1658 sunt

2124 1679 2324 1746 omnia,
2345 1695 2451 1735 non
2480 1679 2700 1736 alterius
2725 1683 2937 1752 generis
2961 1698 3176 1740 carnem
3195 1685 3378 1742 habuit
3395 1704 3554 1758 quam
3581 1706 3704 1747 nos.

2124 1769 2250 1825 Ideo
2275 1769 2440 1826 voluit
2467 1770 2531 1827 de
2557 1771 2760 1843 virgine
2783 1771 3054 1830 hominem
3091 1776 3382 1848 suscipere,
3409 1778 3478 1833 de
3503 1795 3606 1834 una
3635 1796 3705 1837 ex

2123 1869 2318 1931 genere
2341 1860 2573 1916 humano
2598 1864 2792 1918 carne‘
2819 1864 2985 1920 nasci.
3015 1865 3160 1947 Nam
3177 1867 3221 1922 si
3247 1868 3464 1926 aliunde
3499 1868 3707 1928 faceret

2124 1951 2226 2006 sibi
2263 1966 2478 2022 corpus,
2530 1953 2651 2024 quis
2700 1953 2945 2011 crederet
2991 1958 3114 2027 quia
3164 1973 3381 2016 carnem
3433 1964 3706 2033 portabat,-

2125 2056 2282 2112 quam
2310 2050 2582 2111 portamus
2616 2053 2671 2100 et
2694 2041 2831 2101 nos?
2853 2045 2958 2102 Sed
2991 2055 3164 2103 tamen
3193 2050 3280 2105 ille
3303 2067 3520 2108 carnem
3557 2055 3610 2109 in
3634 2057 3710 2110 si-

2124 2130 2477 2188 militudinem
2517 2135 2694 2190 carnis
2747 2136 2972 2206 peccati,
3027 2139 3163 2194 nos'
3215 2154 3430 2196 carnem
3475 2147 3704 2213 peccati.-

2123 2221 2239 2278 Non
2268 2223 2410 2279 enim
2435 2240 2503 2280 ex
2533 2226 2671 2281 virili
2696 2227 2919 2293 semine,
2959 2239 3050 2284 aut
3073 2246 3137 2285 ex
3167 2234 3386 2289 masculi
3413 2243 3467 2290 et
3495 2235 3710 2293 femina:

2123 2317 2550 2386 concupiscentia
2582 2335 2596 2372 :
2624 2319 2719 2375 sed
2753 2320 2919 2391 quid?
2954 2321 3148 2379 Nuntio
3188 2323 3380 2381 Patris.
3423 2327 3490 2382 Et
3527 2336 3709 2385 tamen

2124 2420 2246 2462 cum
2273 2408 2346 2462 sit
2369 2407 2679 2465 mirabiliter
2705 2419 2882 2478 natus,
2910 2414 3148 2469 mortalis
3169 2418 3312 2471 nasci
3339 2418 3585 2489 dignatus
3599 2430 3704 2490 est,

2125 2506 2180 2553 et
2203 2500 2338 2554 mori
2365 2515 2462 2570 pro
2489 2500 2664 2570 nobis,
2690 2511 2744 2558 et
2767 2505 3028 2575 sanguine
3057 2522 3154 2561 suo
3179 2508 3444 2566 redimere
3470 2527 3588 2578 nos,
3617 2528 3709 2569 sed

2124 2591 2356 2646 cundum
2397 2593 2538 2663 quod
2565 2595 2726 2651 homo
2763 2606 2865 2652 est.
2898 2597 3083 2653 Videte
3115 2600 3256 2668 quod
3297 2601 3438 2670 dico,
3465 2603 3660 2660 fratres
3691 2623 3706 2659 :

2125 2690 2181 2736 et
2218 2682 2332 2752 ipse
2369 2680 2614 2741 Christus
2654 2701 2776 2741 cum
2817 2689 2886 2742 sit
2923 2687 3083 2755 Deus,
3126 2705 3248 2745 cum
3293 2692 3363 2747 sit
3401 2708 3522 2748 cum
3551 2695 3711 2752 Patre

2124 2777 2265 2828 unus
2291 2774 2453 2842 Deus,
2483 2791 2607 2831 cum
2625 2777 2696 2832 sit
2720 2777 2946 2833 Verbum
2971 2779 3160 2848 Patris,
3184 2782 3501 2852 unigenitus,
3527 2792 3711 2856 aequa-

2125 2863 2192 2917 lis
2211 2863 2353 2920 Patri
2383 2873 2439 2921 et
2463 2877 2800 2935 corcternus;
2831 2877 3010 2924 tamen
3038 2871 3089 2925 in
3115 2881 3369 2942 quantum
3398 2873 3560 2930 homo
3588 2888 3712 2934 esse

2125 2957 2370 3030 dignatus
2393 2969 2497 3027 est,
2525 2962 2712 3016 maluit
2739 2963 2991 3018 sacerdos
3019 2965 3141 3032 dici,
3171 2982 3327 3036 quam
3357 2968 3457 3024 sibi
3493 2971 3711 3041 exigere

2125 3051 2492 3120 sacerdotem;
2521 3054 2707 3109 maluit
2729 3055 3047 3112 sacrificium
3086 3074 3224 3124 esse,
3257 3075 3414 3130 quam
3445 3076 3708 3132 poscere:

2127 3143 2179 3197 in
2208 3153 2462 3215 quantum
2491 3144 2650 3202 homo
2679 3157 2779 3203 est.
2807 3147 2940 3203 Nam
2966 3149 3017 3204 in
3047 3162 3299 3220 quantum
3323 3153 3462 3209 Deus
3489 3166 3596 3223 ess,
3626 3167 3710 3212 to-

2127 3241 2239 3288 tum
2277 3235 2416 3306 quod
2443 3235 2590 3292 Patri
2630 3237 2872 3307 debetur,
2905 3248 2959 3294 et
3002 3242 3272 3311 unigenito
3298 3243 3431 3299 Filio
3459 3245 3708 3302 debetur.

2128 3325 2292 3393 Ideo,
2359 3326 2698 3395 charissimi,
2746 3330 3073 3386 veneramini
3124 3341 3404 3406 martyres,
3460 3337 3709 3407 laudate,

2126 3425 2322 3484 amate,
2349 3419 2653 3489 praedicata,
2684 3421 2942 3478 honorate
2970 3441 2984 3478 :
3013 3423 3179 3480 Deum
3205 3435 3500 3500 martyrum
3526 3431 3712 3488 colite.

2125 3508 2379 3566 Conversi
2409 3511 2475 3567 ad
2497 3512 2796 3582 Dominum,
2823 3523 2929 3569 etc.

2552 3665 2781 3722 SERMD
2816 3664 3148 3724 CCLxxtv-
3177 3671 3279 3743 (α).

2443 3777 2495 3826 tn
2525 3773 2673 3828 Natali
2705 3779 2926 3842 martyris
2956 3780 3208 3843 vincentii,
3242 3798 3258 3833 ι
3291 3780 3381 3847 (ὑ).
3423 3817 3428 3821 .

2207 3894 2497 3959 Vincentius
2547 3903 2728 3974 ubique
2777 3906 2912 3960 vicit.
2964 3905 3148 3962 Christi
3201 3911 3446 3982 sanguine
3507 3915 3716 3971 redeat-

2132 4002 2246 4063 ptus
2291 4011 2393 4049 non
2430 3995 2579 4066 perit.
2627 3993 2881 4051 Patientia
2930 3997 3116 4052 donum
3167 4000 3279 4056 Dei.
3322 3990 3542 4058 Victoria
3592 4023 3722 4076 pero

2129 4084 2262 4154 [ecta
2306 4086 2368 4141 de
2415 4088 2658 4143 universis
2701 4090 2944 4145 machinis
3001 4092 3234 4147 inimicis.
3283 4093 3527 4166 Magnum
3577 4115 3707 4169 spc-

2130 4179 2391 4234 ctaculum
2439 4181 2794 4250 spectavimus
2838 4183 3010 4238 oculis
3057 4183 3204 4251 ﬁdei,
3250 4199 3536 4260 martyrem
3578 4207 3712 4246 eam

2130 4278 2276 4324 ctum
2314 4269 2650 4326 Vincentium
2681 4271 2878 4342 ubique
2907 4274 3226 4332 vincentem.
3262 4277 3396 4334 Vicit
3417 4281 3467 4334 iu
3501 4283 3708 4350 verbis,

2129 4362 2256 4416 vicit
2299 4361 2351 4416 in
2381 4361 2588 4432 poenis;
2616 4363 2744 4418 vicit
2787 4364 2839 4418 in
2869 4364 3206 4434 conbssionc
3230 4409 3244 4432 ,
3289 4370 3413 4424 vicit
3454 4371 3506 4425 in
3541 4373 3714 4427 tribu-

2132 4450 2356 4518 latione;
2392 4453 2518 4506 vicit
2551 4462 2767 4507 esustus
2809 4455 3036 4525 ignibus,
3081 4457 3207 4512 vicit
3249 4459 3559 4517 submersus
3613 4464 3723 4518 fluo

2131 4542 2302 4599 ctibus
2334 4561 2349 4600 :
2376 4553 2646 4616 postremo
2671 4547 2797 4601 vicit
2822 4557 3019 4615 tortus,
3046 4549 3444 4608 vicitmortuus.
3482 4554 3714 4622 Quando

2131 4648 2256 4689 caro
2293 4634 2427 4703 ejus,
2470 4637 2521 4690 in
2553 4652 2655 4706 qua
2700 4645 2814 4693 erat
2859 4649 3114 4710 tropmum
3145 4640 3342 4698 Christi
3372 4645 3611 4713 victoris,
3646 4648 3717 4704 de

2132 4725 2374 4780 navicula
2417 4727 2722 4782 mittebatur
2759 4730 2812 4783 in
2844 4746 3009 4797 mare,
3049 4733 3205 4788 tacite
3230 4733 3439 4789 dicebat
3468 4754 3481 4789 :
3514 4736 3716 4807 θελξιε-

2132 4834 2265 4884 mur,
2295 4817 2384 4872 sed
2419 4835 2519 4872 non
2544 4821 2760 4890 perimus
2791 4819 2855 4894 (ll
2894 4819 3011 4878 Cor.
3046 4840 3120 4890 tv,
3151 4824 3226 4896 9).
3257 4825 3385 4892 Quis
3415 4827 3571 4882 istam
3610 4845 3713 4900 pa-

2133 4909 2369 4965 tientiam
2418 4911 2568 4965 militi
2613 4926 2709 4965 suo
2738 4911 2972 4978 donavit,
3023 4915 3122 4968 nisi
3171 4916 3256 4986 qui
3284 4932 3382 4988 pro
3428 4918 3522 4974 illo
3563 4922 3716 4991 prior

2131 5003 2439 5074 sanguinem
2468 5004 2635 5059 fudit?
2664 5004 2760 5060 Cui
2789 5006 2983 5062 dicitur
3008 5009 3058 5062 in
3085 5009 3292 5065 Psalmo
3323 5029 3335 5065 :
3371 5011 3630 5077 Quoniam
3659 5028 3713 5069 tu

2131 5113 2182 5151 es
2215 5095 2455 5167 patientia
2493 5113 2623 5164 mea,
2657 5095 2907 5165 Domine;
2937 5101 3166 5167 Domine,
3202 5120 3314 5173 spes
3339 5121 3449 5159 mea
3473 5123 3506 5158 α
3522 5108 3715 5177 juven-

2132 5196 2233 5240 tute
2261 5204 2370 5241 mea
2409 5185 2578 5258 (Psal.
2612 5205 2738 5254 cxx,
2770 5191 2847 5257 5).
2876 5190 3116 5262 Magnum
3154 5203 3423 5250 certamen
3465 5213 3716 5269 magnam

2131 5288 2401 5348 comparat
2429 5279 2688 5350 gloriam;
2732 5297 2836 5335 non
2867 5281 3174 5346 humanam.
3204 5300 3300 5341 nec
3336 5294 3719 5362 temporalem,

2195 5431 2213 5463 ί
2241 5437 2360 5489 Vox,
2383 5443 2546 5489 carne,
2572 5431 2713 5480 abest
2734 5444 2761 5479 a
2785 5430 3069 5482 Floriacensi
3093 5441 3175 5485 Ms.

2195 5494 2215 5524 ³
2237 5499 2288 5542 tn
2309 5499 2417 5543 uss.
2447 5491 2572 5553 loco,
2595 5505 2696 5553 nos,
2716 5492 2940 5554 habetur,
2971 5507 3083 5544 non.

2192 5575 2211 5593 '
2244 5575 2509 5636 castigatus
2529 5573 2588 5636 ad
2610 5571 2672 5623 cl.
2695 5587 2770 5636 gr.
2809 5587 2897 5624 rm.
2926 5589 2971 5623 v.
3000 5584 3052 5626 et
3076 5577 3132 5626 ad
3158 5585 3240 5626 Par
3279 5585 3388 5630 ch.

2215 5653 2245 5688 a
2299 5635 2448 5693 Alias,
2481 5635 2512 5684 8
2542 5635 2670 5685 inter
2704 5635 2861 5686 editos
2891 5648 2920 5686 a
2949 5639 3310 5690 Parisiensibus.

2193 5639 2285 5763 ibi,
2301 5698 2538 5763 Possidius
2558 5708 2811 5763 sermones
2833 5717 2855 5742 ι
2869 5699 2932 5763 de
2949 5699 3154 5763 Natalis.
3173 5703 3310 5752 vince

2219 5698 2266 5756 b)
2301 5698 2538 5748 Possidius
2558 5708 2811 5746 sermones
2833 5717 2855 5742 ι
2869 5699 2932 5747 de
2949 5699 3095 5749 Natali
3111 5707 3154 5748 s.
3173 5703 3407 5754 vincentii
3427 5721 3450 5748 ι
3478 5711 3718 5756 recenset

2130 5766 2178 5815 in
2194 5757 2420 5818 indiculo,
2444 5771 2580 5819 capp.
2606 5757 2656 5818 9,
2682 5759 2754 5808 i0.
2790 5765 2853 5810 Eo
2874 5759 2955 5812 die
2978 5760 3102 5814 festo
3124 5762 3316 5814 habitus
3335 5773 3414 5816 est
3435 5773 3604 5817 Sermo
3637 5779 3717 5817 su.

2129 5838 2216 5880 pra
2238 5823 2406 5874 ordine
2423 5827 2639 5879 quartus.
