4102 6326
374 327 393 377 l
405 323 511 378 955

371 438 465 491 sed
489 436 717 490 divinam
738 444 793 490 et
811 434 1205 506 sempiternam.
1233 431 1390 489 Fides
1413 440 1638 502 pugnat;
1662 440 1716 485 et
1738 428 1951 499 quando

374 530 504 584 ﬁdes
531 537 747 599 pugnat,
776 543 994 583 carnem
1033 524 1209 582 nullus
1247 532 1531 596 expugnat.
1561 524 1695 592 Quia
1737 522 1835 577 etsi
1870 522 1950 576 la-

372 621 569 685 niatur,
616 618 718 674 etsi
771 619 1065 684 laceratur;
1112 616 1322 687 quando
1369 616 1507 685 perit
1551 614 1639 685 qui
1695 613 1951 683 sanguine

374 710 571 766 Christi
611 711 917 781 redemptus
940 709 1060 765 est?
1090 710 1284 765 Potens
1313 706 1474 763 homo
1498 721 1602 762 non
1633 715 1804 777 potest
1831 720 1952 774 per-

373 805 502 862 dere
540 805 681 877 quod
714 805 846 861 emit
886 819 1017 860 auro
1057 818 1176 869 suo,
1218 813 1270 858 et
1316 803 1557 859 Christus
1603 801 1774 870 perdit
1810 798 1950 870 quod

370 898 506 954 emit
547 897 803 968 sanguine
835 897 970 952 suo?
996 896 1101 952 Sed
1127 896 1229 951 hoc
1257 902 1423 950 totum
1453 909 1557 949 non
1603 893 1668 948 ad
1697 893 1947 958 hominis,

376 991 469 1047 sed
495 991 561 1045 ad
591 990 683 1045 Dei
712 988 931 1059 gloriam
952 989 1231 1045 referatur.
1255 987 1337 1043 Ab
1362 988 1477 1057 ipso
1497 1001 1621 1041 vere
1641 993 1722 1040 est
1750 986 1954 1055 patien-

370 1084 468 1149 dia,
497 1098 621 1137 vera
660 1082 932 1152 patientia,
960 1090 1139 1137 sancta
1171 1080 1439 1152 patientia,
1479 1078 1726 1148 religiosa
1752 1075 1949 1146 patien-

367 1176 464 1234 tia.
508 1183 652 1229 recta
695 1174 979 1245 patientia;
1025 1173 1310 1229 christiana
1353 1173 1601 1243 patientia
1627 1170 1824 1225 donum
1856 1170 1950 1225 Dei

375 1274 475 1319 est.
502 1263 632 1322 Nam
656 1274 709 1321 et
747 1265 895 1320 multi
925 1256 1161 1321 latrones
1190 1264 1572 1335 patientissime
1600 1271 1947 1332 torquentur;

373 1368 425 1411 et
451 1373 557 1417 non
582 1358 833 1413 cedentes
857 1367 913 1414 et
934 1368 1186 1413 tortorem
1214 1359 1510 1423 vincentes,
1542 1366 1721 1426 postea
1750 1366 1952 1412 aeterno

371 1446 491 1518 igne
521 1450 828 1525 puniuntur,
855 1448 1053 1504 Causa‘
1081 1448 1336 1504 discernit
1368 1457 1654 1521 martyrem
1683 1464 1713 1503 a
1744 1448 1949 1518 patien-

370 1541 463 1608 tia,
488 1541 595 1595 imo
614 1554 643 1593 a
673 1539 863 1595 duritia
889 1542 1288 1595 sceleratorum.
1304 1540 1405 1594 Par
1429 1548 1511 1595 est
1537 1554 1711 1609 poena,
1738 1540 1829 1595 sed
1843 1539 1955 1593 dis-

370 1645 466 1699 par
503 1638 586 1685 est
622 1645 802 1685 causa.
835 1630 1121 1703 Martyrum
1161 1647 1292 1687 voce
1329 1632 1659 1686 eantavimus
1694 1631 1713 1699 (
1747 1630 1953 1685 dixerat

370 1726 516 1780 enim
538 1726 635 1780 ista
670 1726 977 1782 Vincentius
1006 1727 1056 1781 in
1083 1727 1411 1783 orationibus
1432 1725 1563 1797 suis)
1589 1742 1603 1780 :
1631 1724 1822 1780 Judica
1851 1741 1947 1791 me,

371 1810 530 1879 Deus,
577 1824 624 1869 et
659 1814 883 1870 discerne
920 1832 1125 1907 cqusam
1167 1827 1328 1871 meum
1372 1834 1404 1869 a
1449 1826 1593 1887 gente
1636 1830 1736 1869 non
1776 1825 1952 1869 sancta

372 1906 545 1978 (Psal.
573 1924 700 1975 ml,
730 1908 806 1977 l).
838 1906 1073 1964 Discreta
1101 1918 1183 1965 est
1208 1924 1367 1965 causa
1394 1909 1508 1978 ejus
1538 1927 1551 1962 :
1582 1910 1705 1979 quia
1729 1922 1826 1978 pro
1854 1923 1950 1962 ve-

371 1999 545 2061 ritate,
578 2014 673 2068 pro
694 1999 919 2069 justitia,
963 2012 1062 2070 pro
1088 2000 1220 2065 Deo,
1263 2015 1360 2069 pro
1403 1997 1636 2064 Christo,
1687 2013 1785 2067 pro
1823 1996 1945 2063 fide,

372 2105 469 2159 pro
493 2089 743 2145 Ecclesia:
767 2090 985 2157 unitate,
1011 2106 1106 2160 pro
1127 2090 1390 2146 individua
1420 2089 1677 2145 charitate
1705 2089 1946 2144 certavit.

370 2180 499 2248 Quis
524 2183 572 2236 ei
592 2181 810 2236 donavit
834 2176 987 2237 istam
1013 2182 1317 2251 patientiam
1337 2182 1360 2235 ’ἰ
1384 2180 1550 2248 Quis?
1572 2180 1772 2235 lndicet
1796 2180 1950 2235 nobis

371 2272 630 2328 Psalmus.
664 2273 738 2327 lbi
781 2274 922 2328 enim
954 2274 1163 2343 legitur,
1198 2274 1268 2328 ibi
1309 2282 1553 2328 cantatur
1583 2292 1595 2327 :
1629 2270 1814 2326 Nonne
1842 2271 1949 2326 Deo

369 2360 594 2431 subjecta
636 2362 730 2415 erit
772 2364 943 2416 anima
977 2379 1095 2432 mea
1117 2364 1143 2416 7
1166 2363 1241 2417 Ab
1269 2364 1359 2417 illo
1393 2364 1528 2418 enim
1558 2363 1800 2433 patientia
1841 2379 1952 2415 mea

371 2451 544 2522 (Psal.
577 2468 683 2516 ιχι,
714 2453 795 2524 2).
841 2453 1089 2524 Quisquis
1131 2462 1282 2524 putat
1322 2463 1562 2509 sanctum
1614 2454 1947 2508 Vincentium

368 2545 569 2599 viribus
598 2548 707 2599 suis
735 2546 833 2599 ista
865 2546 1120 2615 potuisse,
1153 2545 1310 2600 nimis
1337 2532 1777 2633 erratﬁluisquis
1805 2544 1947 2600 enim

374 2637 574 2692 viribus
601 2637 712 2692 suis
740 2636 844 2691 hoc
882 2652 942 2693 se
968 2651 1125 2706 posse
1158 2636 1574 2708 praesumpserit,
1615 2636 1716 2691 etsi
1746 2634 1952 2690 videtur

370 2728 586 2783 vincere
616 2727 888 2798 patientia,
919 2728 1147 2783 vincitur
1181 2745 1210 2782 a
1241 2727 1508 2797 superbia.
1544 2727 1685 2782 Bene
1714 2726 1946 2791 vincere,

369 2818 470 2873 hoc
503 2827 602 2884 est,
631 2819 905 2873 universas
943 2817 1217 2873 machinas
1243 2818 1479 2873 vincere.
1514 2817 1792 2873 Illeccbras
1822 2817 1949 2871 dnm

366 2911 649 2977 ministrat,
689 2911 917 2965 vincitur
945 2925 1041 2981 per
1080 2910 1500 2965 continentiam:
1530 2924 1716 2980 poenas
1752 2919 1807 2965 et
1840 2917 1951 2965 tor-

367 3011 543 3058 menta
576 3002 783 3072 inﬂigit,
811 3002 1040 3057 vincitur
1062 3017 1159 3073 per
1189 3001 1497 3072 patientiam
1524 3019 1536 3054 :
1568 3015 1785 3057 errores
1820 3015 1950 3071 sug-

366 3088 521 3165 gerit,
564 3095 790 3150 vincitur
820 3109 915 3164 per
953 3093 1287 3163 sapientiam.
1334 3092 1414 3148 Ad
1462 3102 1781 3158 extremum,
1827 3109 1949 3148 eum

366 3186 542 3241 omnia
564 3185 678 3241 haec
704 3186 838 3240 vieta
867 3184 1080 3250 fuerint,
1107 3185 1344 3255 suggerit
1367 3184 1578 3247 auium,
1604 3185 1770 3256 Euge,
1792 3200 1945 3254 euge,

364 3286 617 3346 quantum
643 3278 897 3349 potuisti?
925 3286 1177 3348 quantum
1217 3276 1476 3332 certasti?
1510 3277 1642 3345 Quis
1672 3278 1765 3331 tibi
1792 3292 1944 3332 com-

365 3377 579 3437 paratur
591 3367 613 3420 ?
625 3369 791 3434 Quam
809 3367 942 3422 bene
959 3368 1166 3422 vicisti?
1185 3367 1517 3437 Restiondeal
1540 3368 1616 3422 illi
1633 3368 1806 3421 anima
1822 3384 1939 3422 sau-

364 3468 447 3512 cla
473 3457 894 3528 :Conl'undantur
912 3468 956 3512 et
972 3469 1307 3525 revereantur,
1325 3460 1410 3529 qui
1429 3459 1602 3512 dicunt
1616 3460 1761 3526 mihi,
1785 3459 1942 3532 Euge,

364 3565 488 3618 euge
517 3548 685 3620 (Psal.
721 3564 865 3612 Lm,
896 3549 986 3620 4).
1034 3548 1256 3616 Quando
1294 3565 1421 3619 ergo
1462 3550 1643 3616 vincit,
1686 3550 1785 3605 nisi
1825 3566 1947 3605 cum

365 3638 511 3703 dicit,
544 3637 609 3692 In
635 3638 851 3692 Domino
870 3638 1160 3693 laudabitur
1184 3641 1354 3693 anima
1374 3657 1520 3705 mea;
1546 3642 1757 3697 audiant
1780 3644 1942 3710 mites,

365 3736 412 3781 et
432 3727 779 3797 jucundentur
820 3728 987 3799 (Psal.
1036 3745 1221 3793 χχχιιι,
1267 3728 1342 3799 5).
1387 3730 1538 3786 Miles
1583 3733 1726 3787 enim
1774 3734 1949 3788 sciunt

365 3817 505 3886 quod
537 3818 687 3885 dico;
716 3819 835 3889 quia
860 3819 913 3873 in
941 3819 1043 3875 illis
1081 3821 1281 3875 habitat
1307 3822 1552 3890 verbum,
1584 3824 1635 3878 in
1664 3824 1767 3879 illis
1792 3824 1945 3880 habi-

367 3913 443 3960 tat
469 3909 790 3978 exemplum.
818 3910 948 3964 Nam
971 3911 1058 3981 qui
1087 3927 1190 3965 non
1214 3920 1296 3966 est
1317 3913 1479 3978 mitis,
1509 3915 1678 3969 nescit
1707 3916 1832 3985 quid
1857 3933 1945 3971 sa-

366 4000 475 4069 piat
516 4001 655 4070 quod
689 4002 886 4057 dictum
932 4013 1034 4071 est,
1079 4004 1147 4059 In
1178 4006 1394 4060 Domino
1439 4008 1729 4064 laudabitur
1767 4012 1938 4066 anima

367 4106 494 4143 mea.
524 4090 708 4147 Omnis
730 4093 869 4147 enim
911 4110 1018 4148 non
1046 4096 1205 4161 mitis,
1232 4098 1512 4166 superbus,
1547 4114 1723 4169 asper,
1752 4101 1945 4171 elatus,

368 4180 420 4234 in
459 4197 516 4237 se
554 4184 664 4238 vult
687 4184 910 4248 laudari,
946 4200 1050 4240 non
1090 4188 1141 4240 in
1175 4187 1419 4243 Domino.
1449 4190 1548 4256 Qui
1589 4202 1765 4247 autem
1797 4194 1944 4259 dicit,

369 4269 435 4325 In
459 4271 675 4328 Domino
702 4274 994 4330 laudabitur
1021 4278 1194 4331 anima
1222 4294 1371 4345 mea;
1410 4295 1515 4335 non
1542 4282 1692 4351 dicit,
1721 4283 1952 4340 Audiant

367 4371 569 4431 gentes,
600 4373 655 4419 et
687 4364 1077 4434 jucundentur;
1107 4356 1323 4424 audiant
1362 4372 1621 4439 homines,
1668 4384 1723 4430 et
1755 4375 1951 4444 jucun-

369 4453 561 4509 dentur
588 4473 601 4508 :
628 4455 743 4521 sed,
773 4457 994 4512 Audiant
1031 4460 1195 4528 mites,
1232 4471 1280 4515 et
1308 4463 1667 4527 iueundentur.
1718 4466 1952 4524 Audiaut

368 4544 561 4613 quibus
600 4546 753 4614 sapit.
787 4548 927 4603 Mitis
956 4550 1097 4604 enim
1128 4561 1243 4606 erat
1265 4551 1508 4608 Christus
1534 4572 1548 4609 :
1582 4555 1725 4610 Sicut
1750 4559 1856 4612 ovis
1880 4560 1948 4611 ad

371 4636 735 4691 immolandum
756 4640 934 4695 ductus
959 4652 1028 4695 est
1048 4642 1200 4712 (lsai.
1231 4660 1340 4711 Llll,
1367 4647 1442 4714 7).
1472 4647 1757 4717 Propterea
1784 4651 1948 4715 mitis,

376 4725 497 4795 quia
529 4726 663 4782 sicut
690 4729 803 4782 ovis
842 4729 909 4783 ad
953 4730 1330 4787 immolandum
1373 4735 1563 4792 ductus
1591 4747 1693 4793 cst.
1729 4740 1955 4796 Audiant

374 4818 538 4883 mites,
580 4827 623 4870 et
635 4818 1002 4888 jucundentur.
1043 4822 1175 4889 Quia
1206 4826 1417 4893 sapiunt
1455 4830 1595 4899 quod
1624 4831 1822 4887 dictum
1848 4842 1951 4901 est,

380 4906 607 4977 Gustate,
627 4920 672 4964 et
700 4912 857 4967 videte
883 4930 1030 4983 quam
1061 4918 1228 4971 suavis
1262 4929 1333 4973 est
1368 4920 1610 4978 Dominus
1633 4941 1651 4977 :
1672 4927 1843 4980 beatus
1880 4930 1957 4983 vir

377 5003 464 5071 qui
490 5013 656 5072 sperat
702 5004 755 5058 in
798 5020 909 5058 eum
944 5005 1112 5078 (Psal.
1160 5026 1349 5077 χχχιιι,
1383 5012 1434 5077 ’5,
1468 5013 1546 5083 9).
1570 5004 1833 5087 «‘Longam
1875 5020 1955 5073 le-

376 5094 604 5149 ctionem
646 5095 963 5163 audivimus,
995 5100 1171 5155 brevis
1214 5111 1295 5157 est
1336 5103 1493 5160 dies:
1523 5109 1679 5178 longo
1707 5122 1958 5167 sermone

376 5188 535 5242 etiam
578 5202 675 5243 nos
719 5184 900 5245 tenere
930 5200 1159 5247 vestram
1188 5195 1495 5264 patientiam
1538 5212 1646 5253 non
1676 5200 1958 5262 debemus.

377 5275 630 5334 Novimus
657 5280 776 5350 quia
806 5283 1073 5351 patienter
1097 5285 1338 5351 audistis,
1366 5296 1419 5343 et
1446 5288 1538 5343 diu
1563 5291 1751 5346 stando
1778 5301 1831 5349 et
1859 5309 1957 5349 au-

377 5365 574 5421 diendo
610 5377 858 5440 tauquam
906 5374 1130 5446 martyri
1174 5379 1439 5448 compassi
1469 5382 1616 5437 estis.
1658 5383 1757 5452 Qui
1808 5386 1959 5440 audit

381 5474 494 5527 vos,
526 5470 669 5517 amet
695 5478 811 5530 vos,
842 5474 894 5521 et
925 5481 1147 5523 coronet
1176 5486 1289 5524 vos.

444 5617 460 5650 ⁸
489 5624 613 5679 Mss,
634 5629 833 5669 merces.

1687 308 1947 370 .SERMO
1985 290 2283 365 ccchv.

3501 318 3640 378 £9.51

2482 424 2713 481 SERMO
2750 424 3021 482 CCLXXV
3055 430 3071 450 ο
3115 426 3211 500 (a).

2425 544 2476 587 ιιι
2496 540 2643 590 Natali
2675 542 2895 604 martyris
2929 542 3163 592 vincentii
3217 556 3269 592 ιι.

2129 664 2181 716 l.
2236 663 2477 719 Vincentii
2514 667 2567 720 in
2606 668 2764 736 poenis
2806 667 3051 737 fortitudo
3087 684 3152 722 ea:
3194 667 3448 738 adjutorio
3488 667 3637 724 Citri-

2057 756 2140 811 sti.
2188 755 2438 827 Martyres
2475 759 2710 813 discernit
2769 777 2964 827 causa,
3017 777 3117 815 non
3173 778 3338 831 premi.
3390 762 3639 833 Magnum

2060 856 2115 902 et
2142 848 2360 901 multum
2399 848 2697 904 uitandum
2727 852 3084 921 spectaculum
3112 862 3292 908 noster
3317 855 3525 911 animus
3550 871 3641 911 ce-

2060 941 2168 1011 pit:
2196 956 2294 995 nec
2328 940 2689 997 inanissimam
2716 953 2769 998 et
2794 946 3319 1013 perniciosissimam,
3343 947 3481 1003 sicut
3504 950 3642 1004 solet

2058 1031 2111 1085 in
2143 1030 2362 1086 theatris
2407 1044 2735 1103 quarumque
2783 1051 3058 1105 nugarum,
3104 1036 3197 1093 sed
3236 1039 3389 1106 plane
3416 1040 3638 1095 utilissi-

2059 1138 2198 1179 mam
2226 1133 2279 1180 et
2306 1123 2784 1181 fructuosissimum
2821 1130 3142 1199 voluptatem
3180 1133 3349 1187 oculis
3373 1133 3644 1191 interiori-

2058 1215 2158 1271 bus
2190 1215 2477 1282 hausimus,
2504 1232 2624 1271 cum
2654 1216 2794 1272 beati
2827 1214 3085 1275 Vince-itii
3110 1224 3339 1293 gloriosa
3361 1225 3538 1295 passio
3560 1227 3640 1283 le-

2057 1316 2290 1376 geretur.
2321 1308 2446 1365 Erat
2472 1310 2652 1365 viderc
2678 1311 2925 1367 invictam
2963 1312 3207 1385 Martyris
3246 1317 3478 1374 animam
3509 1336 3642 1376 con-

2059 1411 2137 1455 tra
2167 1401 2385 1456 insidias
2404 1403 2605 1474 antiqui
2632 1404 2819 1470 hostis,
2848 1416 3030 1461 contra
3058 1411 3311 1465 saevitiam
3336 1414 3480 1484 impii
3497 1416 3642 1485 judi-

2057 1490 2154 1554 εἰς,
2202 1502 2387 1547 contra
2417 1492 2631 1550 dolores
2658 1498 2899 1552 mortalis
2932 1500 3127 1564 carnis,
3179 1504 3435 1558 acerrima
3461 1506 3645 1561 confli-

2057 1582 2286 1637 ctatione
2333 1590 2648 1652 certantem,
2698 1596 2751 1641 et
2799 1587 2851 1642 in
2895 1588 3164 1658 adjutorio
3208 1591 3417 1649 Domini
3452 1609 3642 1653 cuncta

2056 1685 2414 1743 superantem.
2436 1676 2509 1732 Ita
2530 1678 2705 1749 plane,
2729 1680 3048 1750 charissimi,
3072 1682 3140 1737 ita
3161 1698 3383 1753 prorsus
3421 1688 3552 1746 fuit:
3587 1692 3640 1745 in

2058 1767 2284 1823 Domino
2310 1770 2588 1826 laudemus
2613 1773 2747 1828 hanc
2774 1774 3027 1841 animam,
3063 1784 3120 1830 ut
3150 1777 3368 1833 audiant
3395 1782 3568 1845 mites,
3590 1794 3645 1838 et

2051 1858 2415 1927 jucundentur
2465 1860 2633 1931 (Psal.
2667 1879 2861 1930 χχχιιι,
2895 1865 2969 1935 5).
3002 1866 3146 1933 Quas
3191 1883 3350 1923 voces
3394 1870 3641 1941 audierit,

2055 1964 2186 2019 quas
2202 1950 2508 2017 reddiderit,
2529 1968 2647 2020 qua:
2670 1962 2933 2009 tormenta
2956 1956 3233 2023 devicerit,
3250 1959 3471 2015 decursa
3488 1962 3646 2019 lectio

2055 2038 2362 2105 declaravit,
2377 2050 2429 2096 et
2439 2042 2592 2096 nobis
2605 2051 2852 2113 tanquam
2865 2045 2914 2098 in
2929 2058 3215 2116 conspectu
3233 2064 3351 2120 qua:
3365 2061 3510 2120 gesta
3524 2064 3648 2109 sunt

2055 2132 2249 2201 posuit.
2270 2131 2435 2187 Tanta
2464 2149 2616 2203 poena
2635 2144 2750 2190 erat
2774 2137 2824 2190 in
2847 2138 3129 2206 membris,
3153 2149 3296 2196 tanta
3317 2145 3575 2199 securitas
3591 2146 3645 2202 in

2055 2225 2251 2290 verbis,
2274 2234 2520 2296 tanquam
2538 2228 2672 2283 alius
2692 2237 3045 2299 torqueretur,
3066 2232 3202 2287 alius
3229 2233 3555 2305 loqueretur.
3580 2240 3646 2295 Et

2055 2333 2178 2372 vere
2215 2318 2382 2373 alius:
2416 2319 2659 2389 przedlxit
2699 2322 2842 2375 enim
2884 2322 2989 2377 hoc
3016 2324 3295 2391 Dominus,
3323 2337 3378 2382 et
3405 2330 3647 2398 promisit

2055 2409 2377 2479 martyribus
2403 2411 2515 2465 suis
2539 2410 2755 2468 dicens:
2782 2411 2902 2467 Non
2922 2430 3008 2469 vos
3020 2417 3134 2469 estis
3158 2418 3241 2488 qui
3255 2418 3534 2489 loquimini,
3558 2423 3646 2477 sed

2056 2501 2282 2570 Spiritus
2312 2500 2481 2557 Patris
2504 2504 2651 2558 vestri
2685 2506 2774 2575 qui
2798 2506 3021 2576 loquitur
3061 2508 3113 2562 in
3152 2509 3289 2564 vobis
3333 2509 3547 2578 (Matth.
3585 2530 3639 2578 χ,

2053 2592 2165 2662 20).
2202 2591 2259 2645 lu
2296 2592 2523 2647 Domino
2546 2609 2674 2664 ergo
2704 2595 2946 2651 laudetur
2975 2597 3088 2653 haec
3126 2599 3323 2654 anima.
3362 2601 3493 2656 Nam
3523 2604 3646 2673 quid

2054 2690 2126 2735 est
2152 2681 2321 2749 homo,
2350 2683 2448 2737 nisi
2467 2684 2604 2752 quod
2628 2701 2818 2739 memor
2836 2696 2918 2742 est
2942 2688 3053 2758 ejus
3083 2687 3253 2761 (Psal.
3285 2707 3401 2758 vnt,
3423 2693 3514 2763 5)?
3542 2697 3647 2750 Aut

2054 2788 2174 2842 qua":
2204 2772 2345 2828 vires
2372 2774 2627 2843 pulveris,
2656 2776 2758 2831 nisi
2784 2776 2875 2831 illo
2894 2777 3177 2846 adjuvante
3198 2772 3285 2851 qui
3309 2796 3407 2838 nos
3434 2781 3558 2838 fecit
3577 2800 3644 2841 ex

2055 2863 2303 2931 pulvere?
2329 2862 2397 2919 Ut
2423 2866 2510 2935 qui
2546 2866 2816 2937 gloriatur,
2837 2869 2890 2922 in
2918 2865 3141 2925 Domino
3180 2872 3422 2941 glorietur
3451 2873 3495 2947 (Ι
3520 2875 3639 2930 Cor.

2055 2967 2093 3019 ι,
2126 2953 2237 3022 51).
2269 2953 2322 3009 Si
2352 2956 2493 3009 enim
2523 2956 2816 3012 diabolicus
2831 2966 2884 3013 et
2900 2958 3150 3014 seductor
3169 2961 3387 3030 spiritus
3409 2963 3645 3034 plerum-

2054 3059 2156 3114 que
2183 3045 2250 3098 im
2257 3045 2364 3114 plet
2386 3047 2469 3100 vel
2491 3046 2704 3102 fallaces
2720 3057 2887 3113 vates,
2917 3051 3002 3104 vel
3030 3050 3192 3105 falsos
3216 3063 3477 3125 martyres
3492 3070 3641 3125 suos,

2054 3144 2113 3189 ut
2134 3143 2397 3190 tormenta
2425 3138 2664 3207 corporis
2683 3139 2769 3193 vel
2792 3138 2888 3208 ipsi
2911 3139 3010 3194 sibi
3039 3142 3299 3212 ingerant,
3333 3145 3415 3200 vel
3440 3145 3642 3216 ingesta

2053 3237 2428 3285 contemnant:
2457 3228 2583 3299 quid
2614 3245 2864 3299 magumn
2892 3240 2975 3286 est
2997 3230 3222 3289 Domino
3248 3235 3357 3291 Deo
3377 3246 3556 3292 nostro
3575 3237 3641 3293 ad

2052 3319 2469 3374 continuandam
2512 3320 2940 3389 prtedicatiouem
2989 3325 3220 3380 nominis
3259 3328 3362 3394 sui,
3406 3329 3641 3398 ipsorum

2052 3412 2460 3483 przedicatorum
2505 3427 2721 3467 carnem
2754 3415 2968 3484 quidem
3013 3415 3069 3469 in
3100 3432 3286 3472 manus
3313 3434 3641 3490 persequen-

2054 3505 2185 3558 tium
2212 3503 2442 3566 tradere,
2473 3512 2708 3558 mentem
2740 3520 2869 3560 vero
2897 3506 2949 3561 in
2979 3522 3156 3563 arcem
3185 3508 3445 3564 libertatis
3484 3525 3639 3565 assu-

2052 3609 2232 3660 mere;
2261 3594 2496 3648 utetiam
2521 3593 2645 3649 dum
2673 3596 2759 3650 illa
2786 3596 2985 3665 patitur
3014 3598 3368 3668 iniquitatem,
3400 3599 3515 3655 hzec
3550 3615 3640 3656 as-

2052 3694 2197 3741 serat
2220 3685 2532 3740 veritatem?
2557 3687 2757 3742 scilicet
2786 3697 2842 3743 ut
2865 3688 3095 3744 victores
3120 3705 3226 3743 non
3259 3690 3538 3745 tolerantia
3555 3690 3640 3746 fa-

2052 3777 2178 3843 ciat,
2210 3775 2558 3845 sedjustitia:
2590 3778 2840 3848 quoniam
2872 3786 3142 3849 martyres
3166 3778 3422 3835 discernit
3458 3795 3639 3849 causa,

2053 3882 2158 3921 non
2187 3881 2367 3936 paena.
2396 3866 2543 3920 Multi
2575 3867 2716 3921 enim
2745 3867 2961 3923 dolores
3007 3869 3365 3924 toleraverunt
3407 3871 3642 3940 pertina-

2053 3959 2152 4025 cia,
2184 3974 2290 4013 nou
2316 3960 2642 4024 constantia;
2682 3960 2828 4026 vitio,
2861 3976 2969 4016 non
3001 3962 3221 4029 virtute;
3252 3979 3414 4033 pravo
3432 3980 3637 4032 errore,

2053 4065 2160 4106 non
2187 4059 2331 4107 recta
2358 4051 2591 4118 ratione;
2610 4051 2824 4108 diabolo
2847 4054 3170 4122 possidente,
3188 4070 3289 4110 non
3310 4071 3639 4126 persequen-

2053 4149 2124 4198 te.
2157 4141 2212 4196 ln
2239 4152 2420 4197 nostro
2446 4155 2623 4197 autem
2668 4143 2913 4198 vincente
2952 4142 3250 4210 Vincentio,
3293 4147 3382 4201 ille
3426 4146 3640 4216 quidem

2053 4234 2319 4300 vincebat,
2342 4233 2434 4303 qui
2456 4234 2789 4304 possidebat:
2816 4235 2908 4291 sed
2932 4236 3022 4291 ille
3044 4237 3364 4305 possidebat,
3391 4240 3478 4308 qui
3498 4240 3643 4310 priu-

2054 4325 2227 4396 cipem
2255 4325 2413 4395 hujus
2438 4325 2618 4381 mundi
2648 4326 2871 4381 miserat
2920 4326 3066 4382 foras
3102 4327 3277 4397 (Joan.
3306 4345 3400 4395 χιι,
3430 4332 3549 4401 5|);
3583 4341 3642 4386 ut

2055 4414 2215 4469 etiam
2242 4429 2482 4484 pugnans
2498 4415 2826 4471 extrinsecus
2844 4428 3209 4487 superaretur,
3235 4420 3444 4490 quijam
3468 4420 3643 4478 fuerat

2055 4514 2357 4576 superatus,
2390 4520 2457 4560 ne
2487 4506 2631 4561 intus
2654 4507 3037 4564 dominaretur.
3068 4508 3161 4565 llle
3185 4512 3376 4581 quippe
3401 4512 3489 4581 qui
3515 4512 3644 4569 mis.

2057 4613 2150 4653 sus
2175 4606 2256 4653 est
2286 4597 2449 4665 imas,
2474 4613 2579 4653 nou
2601 4614 2817 4654 cessans
2844 4609 3095 4671 tanquam
3118 4603 3199 4658 leo
3220 4605 3431 4673 rugiens
3456 4605 3645 4661 circuit

2058 4689 2380 4760 requirendo
2405 4706 2562 4760 quem
2586 4690 2805 4746 devoret
2836 4693 2879 4765 (ι
2910 4693 3050 4748 Petr.
3076 4709 3130 4759 ν,
3157 4694 3235 4762 8).
3268 4696 3373 4751 Sed
3404 4713 3524 4752 eum
3553 4714 3646 4753 ex-

2059 4790 2257 4850 pugnat
2286 4781 2373 4835 ille
2402 4797 2499 4850 pro
2536 4782 2711 4852 nobis,
2740 4783 2834 4853 qui
2859 4800 2924 4839 eo
2946 4786 3162 4841 excluso
3186 4799 3370 4855 regnat
3390 4790 3439 4843 in
3467 4792 3669 4846 nobis.’

2130 4870 2185 4923 2.
2228 4869 2474 4926 Diabolus
2499 4874 2551 4926 in
2583 4871 2831 4929 Vincentii
2850 4878 3107 4931 tormentis
3127 4879 3290 4949 magis
3316 4890 3474 4935 tortus
3494 4900 3645 4951 quam

2071 4959 2379 5016 Vincentius.
2402 4963 2638 5034 Denique
2658 4966 2825 5035 magis
2850 4966 3088 5022 diabolus
3106 4984 3211 5022 non
3236 4970 3378 5026 victo
3408 4971 3610 5028 Vincen
3627 5005 3653 5019 -

2064 5050 2159 5116 tio,
2190 5065 2348 5120 quam
2380 5051 2689 5110 Vincentius
2726 5067 3077 5127 persequente
3105 5058 3318 5116 diabolo
3356 5064 3652 5133 torqueba-

2064 5149 2168 5195 tur.
2215 5142 2423 5210 Quanto
2449 5147 2589 5200 enim
2622 5156 2775 5202 erant
2802 5148 2891 5203 illa
2918 5152 3297 5207 truculentiora
3326 5163 3380 5207 et
3407 5157 3651 5225 exquisi-

2066 5231 2200 5287 tiora
2221 5242 2501 5302 tormenta,
2525 5244 2674 5292 tanto
2694 5239 2861 5308 magis
2887 5248 3057 5296 tortus
3080 5242 3146 5298 de
3169 5252 3446 5314 torquente
3463 5248 3650 5302 trium-

2066 5325 2289 5395 phabat;
2308 5335 2364 5383 et
2380 5343 2447 5384 ex
2465 5329 2552 5383 illa
2570 5344 2730 5385 carne
2750 5341 2997 5402 tauquam
3014 5348 3077 5389 ex
3100 5344 3238 5390 terra
3267 5351 3365 5391 suo
3392 5343 3650 5410 sanguine

2067 5418 2300 5489 irrigata,
2333 5420 2399 5476 de
2425 5436 2526 5490 qua
2555 5421 2676 5491 plus
2702 5423 2916 5479 dolebat
2946 5426 3212 5492 inimicus,
3246 5430 3419 5499 palma
3449 5446 3651 5487 cresce-

2070 5510 2176 5566 bat.
2206 5513 2311 5567 Sed
2336 5513 2458 5583 quia
2481 5513 2572 5569 ille
2600 5514 2827 5570 latenter
2850 5516 3018 5583 saevit,
3052 5528 3107 5573 et
3133 5518 3360 5577 latenter
3384 5523 3552 5577 victus
3582 5526 3655 5579 af-

2133 5669 2150 5687 '
2175 5670 2439 5732 Castigatus
2462 5672 2605 5720 etiam
2629 5673 2687 5721 ad
2711 5672 2773 5723 cl.
2799 5688 2873 5737 gr.
2899 5688 2988 5725 rm.
3016 5691 3061 5725 v.
3090 5684 3139 5727 et
3175 5678 3232 5727 ad
3259 5687 3356 5728 Par.
3384 5686 3491 5731 Lov.

2134 5741 2206 5805 (a)
2239 5742 2379 5808 Alias,
2402 5746 2434 5794 9
2465 5748 2593 5797 inter
2616 5749 2773 5801 editos
2794 5763 2822 5799 a
2845 5750 3206 5803 Parisiensthns.
