4056 6426
459 339 600 402 {256

421 489 434 503 ο
455 455 685 526 liigimr;
714 453 993 511 manifeste
1031 451 1319 524 apparebat
1343 451 1397 506 in
1414 450 1641 522 praeside
1658 451 1893 518 homine,
1913 451 2039 522 quid

460 547 514 602 in
534 546 743 603 occulto
767 544 1011 599 diabolus
1036 552 1327 613 pateretur,
1356 550 1413 598 et
1436 543 1526 599 ille
1552 542 1828 598 invisibilis
1852 541 2041 597 adver-

460 636 632 691 sarius
657 648 753 705 per
776 632 856 688 sui
882 624 1108 702 vasculi,
1129 625 1271 704 quod
1302 627 1634 702 impleverat,
1670 631 1940 701 crepantis
1967 631 2042 686 ri—

462 727 630 780 mulas
656 724 996 796 prodebatur.
1024 723 1195 780 Voces
1220 725 1361 779 enim
1387 724 1545 794 hujus
1574 722 1826 790 hominis,
1876 723 2039 790 oculi,

461 818 658 883 vultus,
690 824 745 873 et
769 817 1103 873 turbulentus
1138 815 1298 871 totius
1326 817 1566 886 corporis
1608 825 1803 884 motus,
1836 817 2042 871 indica—

460 909 590 964 bant
612 924 771 978 quam
796 908 1036 978 graviora
1064 916 1324 964 tormenta
1361 908 1584 964 sentiret
1602 909 1860 974 ~interius,
1884 924 2044 980 quam

463 1002 617 1054 erant
653 1015 771 1069 qua:
799 998 1017 1071 Martyri
1042 999 1311 1069 inlligebat
1350 1000 1600 1055 exterius.
1642 998 1695 1055 Si
1740 999 2045 1055 considere-

464 1106 583 1149 mus
599 1094 1046 1164 perturbationem
1078 1095 1372 1163 torquentis
1399 1102 1455 1149 et
1480 1094 1911 1165 tranquillitatem
1938 1094 2048 1147 tor-

465 1194 643 1240 menta
675 1184 938 1255 patientis,
968 1183 1150 1239 videre
1192 1183 1499 1238 facillimum
1528 1174 1621 1239 est
1654 1182 1774 1254 quis
1811 1191 1926 1237 erat
1948 1182 2047 1237 sub

466 1276 659 1346 prunis,
681 1275 801 1346 quis
820 1288 975 1344 supra
1000 1260 1202 1343 ptenas.
1221 1273 1349 1342 Quae
1368 1274 1557 1345 gaudia
1573 1283 1729 1328 erttut
1746 1273 1796 1327 in
1813 1274 2006 1329 virtute
2028 1273 2045 1305 ί

466 1366 800 1438 regnantium
819 1407 835 1432 ,
880 1365 1092 1435 quando
1123 1375 1264 1420 tanta
1295 1374 1419 1420 sunt
1447 1380 1544 1437 pro
1567 1365 1790 1420 veritate
1815 1366 2050 1420 morien-

466 1457 640 1513 tium?
660 1456 796 1524 Quid
819 1456 921 1511 erit
946 1471 1066 1511 cum
1088 1456 1327 1526 corporis
1348 1456 1745 1525 incorruptione
1764 1454 1885 1510 l‘ons
1902 1456 2046 1523 vitze',

467 1547 682 1618 quando
700 1561 788 1602 ros
802 1546 917 1617 ejus
945 1546 1085 1602 inter
1101 1554 1362 1601 tormenta
1389 1557 1494 1600 tam
1520 1547 1691 1601 dulcis
1704 1546 1820 1602 est?
1840 1547 1905 1601 Et
1926 1545 2052 1616 quid

467 1639 628 1695 faciet
654 1639 831 1709 impiis
857 1650 1057 1695 acterna
1078 1640 1312 1703 flamma,
1337 1653 1471 1708 quos
1495 1638 1565 1692 ita
1594 1646 1765 1692 vastat
1795 1638 1914 1692 irati
1934 1652 2054 1693 cor—
2086 1684 2094 1691 ,

469 1729 554 1786 dis
580 1730 817 1785 insania?
837 1730 972 1797 Quid
992 1731 1196 1801 passuri
1220 1739 1364 1794 sunt,
1395 1744 1515 1784 cum
1535 1728 1931 1799 iudicabuntur,
1962 1734 2053 1800 qui

467 1820 578 1892 jam
595 1836 716 1877 cum
725 1821 966 1892 judicent
986 1822 1322 1877 cruciantur?
1336 1822 1540 1877 Judicia
1558 1820 1732 1878 futura
1751 1832 2053 1877 sanctorum

472 1911 600 1981 quid
630 1911 876 1967 habitura
901 1921 1025 1967 sunt
1049 1913 1342 1983 potestatis,
1365 1927 1486 1967 cum
1509 1913 1560 1966 in
1582 1913 1682 1969 hac
1702 1915 1804 1969 vita
1827 1913 2055 1970 tribunal

466 2002 663 2073 judicis
677 2013 874 2060 catasta
896 2007 1110 2060 torserit
1137 2005 1418 2077 Martyris?

545 2095 600 2149 3.
638 2092 836 2166 Corpus
861 2095 1105 2165 Martyris
1127 2097 1358 2150 exanime
1384 2095 1552 2151 divino
1577 2098 1816 2168 prtesidio
1841 2108 1940 2153 tton
1970 2098 2059 2152 de-

474 2185 724 2240 stitutum.
763 2184 1010 2256 Reliquiis
1037 2197 1326 2241 sanctorum
1363 2187 1602 2241 diuinitus
1627 2188 1791 2242 horter
1817 2188 2059 2243 concilia-

476 2287 577 2332 tus.
604 2277 851 2348 Magnum
878 2288 1055 2335 autem
1084 2280 1336 2336 Dominus
1367 2281 1727 2336 testimonium
1753 2281 1954 2352 praebet
1974 2289 2056 2336 te-

476 2371 646 2427 stibus
665 2371 797 2436 suis,
823 2386 945 2427 eum
973 2373 1063 2429 ille
1081 2374 1170 2444 qui
1194 2373 1334 2429 rexit
1350 2374 1371 2406 ⁸
1394 2373 1553 2428 corda
1586 2374 1927 2439 certantium,
1960 2384 2059 2430 nec

476 2474 702 2530 corpora
723 2460 918 2517 deserit
940 2473 1290 2528 mortuorum,
1315 2464 1460 2519 velut
1479 2465 1546 2520 de
1568 2464 1726 2534 hujus
1743 2465 1905 2535 ipsius
1919 2466 2061 2521 beati

479 2551 743 2609 Vincentii
793 2569 1018 2625 corpore
1060 2556 1523 2626 praeclarissimum
1569 2558 1882 2613 miraculum
1910 2557 2062 2614 exhi-

474 2646 620 2711 buit;
649 2655 706 2701 ut
734 2646 788 2701 id
816 2648 957 2717 quod
987 2647 1231 2704 inimicus
1268 2650 1488 2705 omnino
1528 2665 1634 2706 non
1679 2665 1936 2722 apparere
1962 2666 2059 2707 cu-

478 2734 667 2805 pierat,
697 2745 979 2808 sategerat,
1029 2737 1245 2805 fecerat,
1294 2750 1398 2795 tam
1431 2742 1680 2811 praesenti
1708 2750 1838 2797 nntu
1883 2743 2061 2798 divino

477 2826 814 2898 proderetur,
847 2840 901 2885 et
929 2829 1228 2900 religiosius
1248 2830 1573 2887 humandum
1595 2832 2063 2903 venerandumque

477 2916 957 2985 demonstraretur,
981 2929 1041 2975 ut
1059 2922 1292 2976 victricis
1318 2923 1528 2992 pietatis
1556 2932 1610 2978 et
1634 2924 1854 2980 devicta!
1876 2925 2063 2996 impie-

480 3009 605 3064 tatis
627 3011 882 3080 praeelara
910 3010 963 3065 in
1001 3025 1069 3067 eo
1097 3013 1352 3068 memoria
1393 3014 1728 3083 perduraret.
1778 3016 1913 3072 Vere
1950 3032 2066 3085 pre-

460 3100 611 3163 tiosa
632 3101 687 3154 in
708 3111 979 3171 conspectu
1021 3100 1226 3157 Domini
1264 3119 1400 3158 mors
1437 3115 1726 3160 sanctorum
1752 3107 1863 3177 ejus
1888 3105 2060 3178 (Psal.

479 3190 756 3264 cxv,15):
784 3193 996 3262 quando
1024 3210 1122 3250 nec
1151 3203 1292 3251 terra
1318 3198 1493 3251 carnis
1516 3198 1623 3253 vita
1640 3199 1920 3255 deserente
1936 3214 2063 3255 con-

482 3281 763 3347 temnitur;
795 3288 852 3337 et
891 3283 1143 3339 invisibili
1168 3285 1344 3340 anima
1367 3285 1437 3342 de
1469 3285 1631 3344 domo
1658 3288 1849 3344 visibili
1887 3290 2063 3347 disce-

480 3371 663 3440 dente,
686 3373 1046 3431 habitaculum
1066 3376 1207 3431 servi
1224 3390 1351 3432 cura
1370 3378 1578 3434 Domini
1598 3379 1913 3449 custoditur,
1936 3382 2063 3438 etin

478 3463 700 3533 gloriam
728 3464 940 3520 Domini
969 3481 1001 3522 a
1027 3469 1301 3524 conservis
1326 3468 1569 3526 ﬁdelibus
1595 3470 1903 3528 honoratur.
1928 3474 2065 3543 Quid

481 3557 623 3611 enim
652 3557 760 3627 agit
783 3558 944 3627 Deus,
973 3560 1107 3615 mira
1133 3575 1295 3632 opera
1319 3562 1562 3619 faciendo
1590 3565 1731 3621 circa
1758 3575 2063 3623 sanctorum

480 3661 703 3717 corpora
729 3646 1122 3718 defunctorum,
1153 3651 1256 3707 nisi
1279 3653 1638 3710 testimonium
1666 3656 1929 3725 perhibet,
1961 3657 2064 3713 sibi

482 3753 588 3793 non
631 3740 807 3809 perire
846 3739 988 3811 quod
1031 3742 1284 3808 moritur;
1315 3752 1369 3798 et
1396 3752 1454 3799 ut
1478 3746 1603 3802 hinc
1645 3747 1968 3818 intelligatur
2009 3749 2064 3804 in

459 3831 620 3901 .quali
645 3831 849 3887 honore
866 3846 1047 3887 secum
1068 3831 1261 3888 habeat
1278 3834 1484 3891 animas
1503 3837 1822 3904 occisorum,
1851 3838 2063 3909 quando
2112 3860 2115 3865 λ

478 3937 607 3979 caro
627 3922 888 3978 exanimis
917 3931 1063 3979 tanto
1087 3924 1277 3980 effectu
1299 3925 1588 3983 divinitatis
1607 3939 1828 3985 ornatur
1842 3931 1898 3984 "t
1916 3931 2064 3989 Sicut

479 4014 622 4070 enim
646 4013 715 4070 de
743 4015 1000 4071 membris
1022 4015 1276 4071 Ecclesiae
1313 4017 1541 4088 loquens
1569 4019 1875 4088 Apostolus,
1909 4023 2063 4078 simi-

481 4104 756 4160 litudinem
780 4105 1022 4161 adhibuit
1047 4106 1115 4161 de
1154 4106 1410 4163 membris
1434 4111 1676 4180 corporis
1701 4114 1888 4180 nostri,
1924 4126 2061 4185 quo-

478 4195 623 4249 niam
650 4211 763 4264 qua:
787 4195 1050 4251 inhonesta
1071 4208 1191 4251 sunt
1213 4208 1402 4265 nostra,
1434 4200 1513 4253 his
1534 4201 1949 4258 abundantiorem
1971 4206 2062 4261 Ito-

480 4299 654 4338 norem
678 4285 1103 4356 circumpouintus
1127 4286 1173 4357 (Ι
1201 4286 1319 4343 Cor.
1347 4304 1443 4357 xu,
1463 4289 1590 4361 25):
1623 4291 1695 4346 ita
1728 4294 2059 4363 providentia

478 4375 749 4432 Creatoris
769 4377 1118 4434 cadaveribus
1145 4389 1439 4453 martyrum
1481 4392 1586 4437 tam
1613 4386 1865 4454 praeclara
1891 4387 2060 4441 mita-

478 4467 729 4545 culorum
754 4469 1057 4526 testimonia
1075 4472 1397 4542 praestando,
1421 4473 1859 4531 abundantiorem
1885 4476 2060 4531 hono-

479 4574 594 4615 rem
623 4560 990 4633 exsanguibus
1029 4561 1266 4633 reliquiis
1290 4563 1565 4621 hominum
1602 4567 1976 4639 eireumponit,
2005 4578 2061 4625 et

479 4651 622 4722 quod
649 4653 754 4708 vita
774 4654 1065 4724 emigrante
1106 4663 1352 4726 tanquam
1379 4656 1620 4733 deforme
1647 4659 1758 4730 jam
1796 4669 2057 4728 remanet,

480 4745 553 4801 ibi
576 4746 874 4804 evidentius
900 4758 1141 4818 praesens
1162 4749 1293 4803 vitae
1312 4748 1467 4803 dator
1494 4758 1737 4820 apparet.

904 4838 1128 4895 SERMO
1163 4838 1462 4895 ecsxxvr
1491 4844 1512 4865 α
1540 4839 1635 4911 (α).

849 4938 898 4981 ιιι
930 4929 1053 4981 festo
1082 4932 1303 4995 martyris
1332 4932 1587 4994 Vincentii,
1618 4945 1688 4984 in.

555 5011 784 5069 CAPUT
809 5012 1097 5068 PRIMUM.
1123 5042 1193 5054 --
1226 5014 1276 5068 1.
1303 5012 1549 5084 Martyris
1576 5014 1821 5083 fortitudo
1847 5033 1881 5070 a
1914 5018 2060 5072 Chri-

479 5114 558 5158 sto
573 5112 663 5157 est.
682 5103 738 5157 In
760 5102 1025 5171 passione,
1040 5118 1159 5173 qua:
1170 5103 1323 5158 nobis
1342 5103 1501 5159 hodie
1511 5104 1727 5161 recitata
1743 5115 1846 5173 est,
1867 5107 2060 5166 fratres

480 5194 607 5261 mei,
624 5192 900 5250 evidenter
918 5193 1217 5250 ostenditur
1233 5194 1394 5264 judex
1410 5193 1579 5260 ferox,
1600 5204 1770 5253 tortor
1781 5210 2055 5269 cruentus,

479 5285 677 5357 Martyr
710 5284 955 5341 invictus.
986 5283 1044 5341 In
1067 5284 1215 5357 cujus
1236 5301 1462 5358 corpore
1491 5288 1663 5359 penis
1681 5290 1844 5347 variis
1866 5305 2057 5347 exara-

542 5444 557 5475 ¹
587 5436 776 5507 Aliquot
796 5449 924 5507 Mss,
952 5436 1002 5495 in
1024 5442 1235 5494 veritate.

543 5508 565 5537 ³
592 5512 641 5553 ιιι
664 5504 955 5566 quibusdam
979 5514 1103 5561 Mss,
1128 5504 1301 5556 erexit.

542 5567 561 5598 ³
585 5567 657 5616 sic
678 5573 783 5629 uss.
809 5574 863 5616 Αι
887 5567 1023 5629 editi,
1046 5567 1219 5629 affectu
1241 5566 1501 5620 divinitatis
1523 5574 1793 5620 coronatur.

542 5630 556 5645 '
581 5628 848 5696 castigatus
870 5627 928 5676 ad
957 5627 1176 5678 duoscb.
1205 5637 1257 5679 et
1281 5638 1382 5680 tres
1402 5643 1476 5694 gr.
1502 5632 1560 5681 ad
1581 5645 1646 5681 ιιι.
1672 5645 1799 5696 n.pr.
1814 5643 1902 5680 rm.
1925 5639 1975 5682 et
1999 5630 2060 5683 ad

476 5694 575 5736 Am.
604 5694 676 5737 Er.
702 5696 802 5737 Par.
829 5696 937 5738 Lov.

540 5750 611 5812 (ιι)
644 5749 768 5801 Alias
789 5791 800 5812 η,
835 5750 899 5800 de
932 5751 1109 5803 Sanctis
1148 5748 1218 5801 i2.

1679 340 1736 398 s.
1776 332 2148 397 annosum
2184 334 2485 394 EPlSCOPl
2562 294 2573 301 ’

3586 326 3727 400 1256

2149 453 2219 518 to,
2244 448 2353 518 jam
2383 455 2645 524 tormenta
2670 447 2992 515 defecerant,
3022 459 3076 507 et
3090 449 3268 519 adhuc
3296 450 3536 509 membra
3557 453 3727 510 dura-

2145 536 2294 592 bant.
2322 537 2423 592 Tot
2442 539 2683 615 convieta
2711 541 2985 621 miraculis
3003 544 3324 617 persistebat
3348 544 3616 616 impietas,
3648 556 3731 603 tot

2149 636 2342 682 vexata
2377 628 2654 698 suppliciis
2683 646 2790 686 non
2827 631 3049 688 cedebat
3076 633 3733 712 inﬁrmitaszagnoscatur

2146 733 2273 788 ergo
2293 728 2511 790 operata
2533 719 2801 776 divinitas.
2821 722 3043 792 Quando
3069 725 3213 779 enim
3237 726 3595 795 corruptibilis
3613 728 3733 797 pui-

2147 809 2229 863 vis
2256 819 2440 865 contra
2478 818 2585 865 tam
2616 812 2865 892 immania
2898 823 3158 871 tormenta
3184 816 3419 884 duraret,
3457 818 3559 873 nisi
3584 820 3642 874 in
3667 834 3733 874 eo

2149 901 2405 981 Dominus
2416 902 2711 958 habitaret?
2729 904 2786 960 ln
2800 904 2883 959 his
2902 908 3045 986 enim
3065 908 3313 981 omnibus
3339 909 3428 965 ille
3447 924 3736 980 agnoscen-

2149 992 2270 1060 dus,
2301 980 2388 1049 ille
2416 994 2814 1064 gloriﬁeandus,
2859 997 2948 1071 ille
2981 980 3277 1054 laudandus
3313 1008 3413 1068 est,
3459 1000 3548 1071 qui
3593 1009 3649 1056 et
3677 1002 3730 1055 in

2149 1085 2319 1156 prima
2348 1086 2625 1167 vocatione
2650 1086 2796 1142 dedit
2839 1074 3020 1153 ﬁdem,
3038 1099 3102 1171 et
3130 1091 3183 1144 in
3209 1106 3455 1171 suprema
3481 1092 3732 1162 passiozte

2149 1175 2419 1251 virtutem.
2461 1164 2633 1230 Vultis
2673 1192 2833 1234 nosse
2866 1179 2988 1249 quia
3015 1168 3296 1251 utrumque
3322 1164 3571 1237 donatum
3614 1185 3736 1238 est?

2150 1250 2342 1320 Audite
2371 1257 2667 1336 apostolum
2695 1260 2953 1325 Paulum:
2985 1269 3155 1338 Vobis,
3178 1250 3368 1344 inquit,
3396 1273 3639 1329 donatum
3665 1284 3739 1330 est

2152 1375 2244 1429 pro
2275 1344 2494 1426 Christo,
2527 1376 2629 1414 non
2652 1351 2816 1415 solum
2840 1371 2894 1415 ut
2918 1364 3132 1419 credatis
3148 1365 3203 1441 in
3224 1380 3358 1433 eum,
3384 1381 3557 1419 verum
3580 1368 3736 1420 etiam

2152 1459 2207 1502 ut
2233 1442 2495 1519 patiamini
2525 1446 2616 1520 pro
2653 1467 2710 1505 eo
2741 1450 3002 1524 (Philipp.
3046 1470 3084 1521 ι,
3285 1456 3579 1526 Acceperat
3622 1446 3740 1511 iure

2153 1548 2378 1609 utraque
2406 1538 2565 1594 levita
2594 1540 2920 1609 Vincentius,
2965 1554 3245 1614 acceperat
3286 1553 3341 1600 et
3380 1545 3629 1603 habebat.
3678 1530 3738 1605 Si

2154 1628 2296 1684 enim
2328 1642 2431 1683 non
2458 1630 2769 1699 accepisset,
2798 1631 2924 1702 quid
2966 1632 3222 1689 haberet?
3251 1635 3490 1692 Habebat
3528 1636 3583 1692 in
3626 1652 3739 1694 scre

2157 1720 2315 1775 mone
2346 1721 2614 1792 ﬁduciam,
2638 1725 2866 1782 habebat
2892 1728 2945 1781 in
2976 1728 3224 1799 passione
3252 1730 3605 1787 tolerantiam.
3631 1732 3740 1789 Ne-

2158 1828 2246 1868 mo
2276 1829 2401 1884 ergo
2421 1815 2488 1870 de
2513 1831 2609 1872 suo
2635 1818 2795 1875 corde
2822 1830 3129 1891 praesumat,
3153 1822 3363 1893 quando
3393 1826 3593 1894 profert
3618 1841 3710 1883 scr
3736 1865 3740 1870 .

2157 1919 2401 1972 monem;
2426 1921 2583 1962 nemo
2603 1907 2671 1964 de
2691 1910 2801 1964 suis
2823 1911 3022 1967 viribus
3044 1913 3297 1983 conﬁdat,
3319 1916 3531 1986 quando
3552 1918 3743 1974 sum-rt

2160 1997 2538 2053 tentatiouem:
2567 2001 2687 2070 quia
2712 2011 2764 2057 et
2791 2009 2846 2056 ut
2870 2004 3006 2059 bona
3028 1989 3319 2075 prudenter
3340 2007 3645 2078 loquamur,
3672 2009 3741 2065 ab

2158 2085 2251 2141 illo
2271 2091 2354 2141 est
2384 2097 2561 2169 nostra
2590 2084 2878 2161 sapientia;
2909 2103 2965 2148 et
2994 2104 3050 2149 ut
3093 2081 3233 2150 mala
3262 2096 3469 2153 fortiter
3496 2099 3739 2169 perfera-

2159 2176 2298 2245 mus,
2333 2168 2400 2234 ab
2430 2168 2523 2234 illo
2550 2188 2633 2236 est
2661 2191 2841 2237 nostra
2872 2185 3143 2253 patientia.
3186 2186 3425 2245 Recolite
3453 2168 3739 2248 Dominum

2160 2264 2426 2341 Christum
2457 2287 2583 2327 suos
2609 2273 2663 2327 in
2692 2275 2976 2346 Evangelio
3001 2276 3290 2349 discipulos
3318 2280 3701 2339 admonentem
3727 2303 3743 2339 :

2160 2351 2380 2415 recolite
2423 2372 2712 2433 martyrum
2743 2363 2940 2435 Regem
2968 2366 3217 2424 cohortes
3242 2385 3368 2425 suas
3394 2371 3558 2449 armis
3582 2355 3744 2445 spiri-

2160 2444 2393 2504 tualibus
2431 2450 2800 2519 instruentem,
2844 2454 2981 2510 bella
3029 2466 3438 2526 monstrantem,
3478 2444 3746 2530 adjuioria

2162 2540 2571 2610 ministrantem,
2598 2546 2814 2615 praemia
2841 2538 3212 2617 pollicentem:
3244 2546 3334 2621 qui
3366 2567 3491 2609 cum
3518 2554 3745 2609 dixisset

2162 2630 2439 2702 discipulis
2458 2634 2587 2698 suis,
2609 2634 2674 2689 In
2700 2636 2796 2690 hoc
2815 2635 3002 2692 mundo
3019 2656 3305 2718 pressurant
3329 2627 3603 2708 habebitis;
3622 2659 3750 2700 mox

2164 2718 2304 2780 unde
2331 2727 2499 2781 territi
2525 2728 2953 2797 consolarentur,
2986 2731 3224 2803 adjunin
3251 2734 3456 2802 dicens,
3485 2735 3593 2791 Sed
3620 2754 3748 2792 con-

2164 2819 2325 2888 ﬁdite,
2352 2836 2443 2891 ego
2468 2821 2564 2875 vici
2585 2811 2828 2878 mundum
2851 2823 3036 2894 (Joan.
3068 2842 3175 2893 xvi,
3198 2812 3312 2898 33).
3342 2828 3477 2897 Quid
3500 2845 3630 2901 ergo
3651 2833 3752 2886 mi-

2164 2925 2366 2976 ramur,
2394 2910 2713 2981 charissimi,
2749 2915 2792 2968 si
2821 2914 2873 2970 in
2909 2916 3003 2972 illo
3034 2916 3340 2988 Vincentius
3382 2919 3529 2997 vicit,
3572 2935 3605 2974 a
3644 2937 3753 2990 quo

2164 3003 2335 3058 victus
2365 3012 2448 3059 est
2472 3004 2734 3062 mundus?
2761 3004 2829 3061 In
2856 3007 2972 3071 hoc.
3006 3007 3197 3076 inquit,
3231 3009 3418 3064 mundo
3456 3028 3747 3081 pressurae:

2165 3086 2443 3150 habebitis:
2471 3097 2530 3151 ut
2562 3097 2607 3152 si
2636 3099 2849 3168 premit,
2890 3115 2999 3155 non
3037 3100 3334 3171 Opprimat;
3377 3102 3425 3157 si
3454 3104 3751 3175 oppugnat,

2165 3203 2272 3242 non
2294 3184 2577 3258 expugnet.
3432 3256 3439 3263 ,

2236 3276 2459 3336 CAPUT
2498 3281 2562 3335 ll.
2588 3311 2661 3321 —
2684 3280 2739 3336 2.
2771 3281 2976 3356 Duplex
2999 3285 3175 3341 mundi
3199 3287 3330 3343 acies
3357 3296 3535 3342 contra
3561 3290 3754 3347 milites

2166 3368 2372 3435 Christi,
2400 3370 2656 3427 blanditite
2681 3382 2729 3427 et
2752 3381 2984 3430 terrores.
3018 3376 3290 3447 Duplicem
3319 3378 3549 3434 mundus
3576 3380 3753 3437 aciem

2165 3460 2412 3532 producit
2448 3472 2634 3518 contra
2676 3464 2873 3521 milites
2913 3464 3133 3523 Christi.
3182 3468 3492 3535 Advertite,
3535 3469 3750 3527 fratres.

2167 3554 2464 3624 Duplicem,
2504 3555 2633 3625 dixi,
2664 3557 2832 3612 aciem
2859 3558 3102 3628 producit
3140 3560 3369 3615 mundus
3394 3568 3580 3616 contra
3609 3564 3757 3618 mili-

2167 3654 2251 3701 tes
2278 3642 2495 3702 Christi.
2538 3648 2814 3705 Blanditur
2841 3650 2985 3706 enim
3009 3692 3025 3717 ,
3063 3659 3122 3707 ut
3147 3652 3415 3722 decipiat;
3445 3662 3651 3722 terret,
3690 3664 3755 3711 ut

2167 3732 2392 3810 frangat.
2425 3737 2540 3794 Non
2584 3755 2683 3796 nos
2722 3749 2903 3797 teneat
2930 3742 3175 3813 voluptas
3213 3745 3461 3814 propria,
3501 3761 3609 3801 non
3649 3761 3753 3803 nos

2169 3836 2369 3886 terreat
2403 3831 2688 3888 crudelitas
2725 3832 2933 3901 aliena;
2973 3844 3026 3890 et
3052 3835 3224 3891 vietus
3262 3845 3346 3892 est
3381 3837 3635 3893 mundus.
3667 3837 3753 3903 Aid

2166 3934 2421 3995 utrosque
2461 3923 2635 3979 aditus
2678 3926 2911 3981 occurrit
2953 3927 3219 3992 Christus,
3263 3937 3319 3983 et
3362 3943 3468 3984 non
3514 3930 3753 3986 vincitur

2166 4006 2506 4069 Christianus.
2535 4014 2591 4070 Si
2628 4015 2994 4072 consideretur
3018 4017 3071 4072 in
3110 4019 3209 4073 ista
3239 4021 3486 4089 passione
3514 4019 3754 4076 humana

2166 4104 2415 4175 patientia
2437 4146 2451 4169 ,
2480 4104 2665 4175 incipit
2706 4121 2826 4162 esse
2857 4099 3219 4175 incredibilis;
3246 4110 3291 4165 si
3319 4122 3643 4181 agnoscatur
3666 4112 3755 4168 di-

2166 4197 2285 4252 vina
2313 4199 2566 4268 potentia,
2596 4194 2790 4254 desinit
2816 4214 2935 4255 esse
2961 4200 3238 4257 mirabilis.
3269 4201 3436 4257 Tanta
3460 4204 3755 4274 grassabu-

2167 4297 2252 4342 tur
2281 4288 2567 4344 crudelitas
2593 4290 2644 4344 in
2671 4288 2916 4361 Martyris
2941 4304 3188 4361 corpore,
3226 4301 3283 4346 et
3307 4300 3453 4347 tanta
3481 4296 3753 4366 tranquil.

2167 4373 2288 4435 [itas
2313 4371 2681 4450 proferebatur
2701 4380 2752 4435 in
2780 4396 2931 4449 voce,
2954 4388 3209 4455 tantaque
3239 4398 3515 4454 poenarum
3541 4388 3755 4457 asperi-

2168 4478 2246 4524 tas
2270 4468 2522 4525 sazviebat
2547 4469 2600 4525 in
2637 4469 2892 4525 membris
2916 4512 2932 4538 ,
2972 4481 3027 4527 et
3067 4480 3211 4526 tanta
3235 4474 3496 4529 securitas
3518 4476 3755 4534 sonabat

2168 4559 2219 4614 in
2262 4557 2474 4627 verbis;
2515 4571 2576 4617 ut
2612 4562 2750 4616 miro
2788 4561 2947 4617 modo
2990 4573 3299 4633 putaremus
3344 4564 3627 4621 Vincentio
3653 4582 3756 4637 pa-

2167 4650 2351 4717 tiente,
2387 4650 2551 4706 alium
2592 4668 2698 4707 non
2723 4652 3028 4723 loquentem
3061 4654 3317 4724 torqueri.
3347 4655 3414 4709 Et
3438 4671 3599 4723 vere,
3641 4657 3757 4712 ira-

2166 4750 2293 4848 tres,
2341 4741 2413 4796 ita
2464 4752 2580 4798 erat
2610 4759 2624 4798 :
2653 4758 2871 4815 prorsus
2916 4742 2988 4799 ita
3031 4753 3181 4808 erat;
3221 4745 3359 4799 alius
3402 4745 3753 4848 loquebatur.

2164 4821 2417 4888 Promisit
2441 4836 2580 4889 enim
2609 4842 2663 4889 et
2698 4830 2797 4889 hoc
2825 4834 3046 4889 testibus
3070 4835 3181 4890 suis
3206 4833 3446 4890 Christus
3474 4821 3541 4891 in
3568 4837 3758 4894 Evan-

2164 4919 2325 4995 gelio,
2357 4936 2493 4998 quos
2520 4925 2586 4979 ad
2614 4925 2917 4992 huiusmodi
2945 4927 3235 4981 certamina
3266 4928 3620 4998 praeparabat.
3657 4928 3762 4985 Sic

2165 5018 2310 5077 enim
2350 5017 2466 5072 ait:
2501 5013 2677 5071 Nolite
2714 5011 3053 5089 praemeditari
3091 5018 3342 5089 quomodo
3379 5027 3472 5072 aut
3506 5019 3634 5091 quid
3670 5021 3760 5074 lo-

2146 5101 2410 5179 quamini.
2442 5102 2562 5163 Non
2582 5108 2714 5163 enim
2737 5124 2824 5163 vos
2847 5108 2964 5163 estis
2985 5110 3072 5178 qui
3096 5108 3378 5179 loquimini,
3409 5109 3503 5165 sed
3523 5111 3760 5181 Spiritus

2170 5195 2341 5254 Patris
2360 5200 2508 5254 vestri
2534 5199 2621 5268 qui
2646 5199 2867 5268 loquitur
2890 5201 2941 5254 in
2969 5194 3104 5254 vobis
3129 5199 3342 5270 (Matth.
3371 5215 3409 5254 ι
3431 5200 3535 5265 .19
3559 5210 3605 5257 et
3624 5198 3752 5271 (ιο).

2165 5290 2304 5346 Caro
2331 5306 2458 5360 ergo
2498 5287 2816 5361 patiebatur,
2845 5299 2899 5346 et
2926 5292 3156 5362 Spiritus
3183 5291 3520 5362 loquebatur.
3561 5293 3631 5348 Et
3664 5293 3764 5350 lo—

2166 5389 2362 5451 quente
2389 5375 2587 5451 Spiritu
2607 5420 2622 5445 ,
2664 5397 2773 5435 non
2801 5380 2976 5436 solum
3002 5381 3421 5437 convincebatur
3450 5381 3712 5453 impietas
3734 5424 3760 5451 ,

2167 5469 2260 5526 sed
2288 5471 2447 5527 etiam
2473 5469 2872 5526 confortabatur
2898 5472 3199 5527 inﬁrmitas.

2235 5561 2463 5617 CAPUT
2501 5561 2587 5617 Ill.
2634 5592 2706 5602 -—
2752 5565 2805 5619 5.
2864 5561 3154 5617 Vincentius
3193 5564 3456 5618 tormentis
3505 5565 3613 5618 suis
3655 5579 3766 5618 non

2168 5663 2359 5707 tantum
2382 5663 2622 5719 vastatus,
2654 5664 2901 5724 quantum
2938 5653 3213 5708 Decianus.
3260 5651 3558 5709 Clariorem
3599 5655 3767 5709 nobis

2168 5745 2449 5817 Martyrem
2502 5755 2578 5801 tot
2630 5755 2894 5804 tormenta
2946 5744 3230 5803 faciebant.
3281 5743 3558 5813 Multiplici
3608 5748 3765 5801 enim
