4102 6326
365 353 371 359 ν
429 282 576 341 ηδε

394 397 405 455 ε
428 396 651 464 buntur,
677 395 771 468 qui
797 392 1007 471 corpori
1036 397 1409 467 pepercerunt.
1436 390 1700 469 Timendo
1727 393 1873 465 enim
1902 401 2015 461 tor-

392 476 400 487 ’
431 497 614 546 menta
641 486 883 559 corporis
907 527 922 552 ,
962 486 1175 558 corpori
1215 494 1610 577 pepercerunt;
1650 496 1707 543 et
1746 484 2017 559 parcendo

433 579 668 653 corpori,
697 578 969 635 Christum
998 568 1356 652 negaverunt;
1382 589 1437 636 et
1459 578 1702 652 negando
1719 576 2016 646 Christum,

432 690 621 748 pinnas
646 682 876 731 aeternas
902 674 1065 732 etiam
1090 675 1302 747 corpori
1340 675 1727 732 distulerunt‘.
1750 674 1808 733 Si
1850 673 2020 732 distu-

430 766 640 833 lerunt,
665 766 920 838 numquid
945 767 1322 824 abstulerunt?

503 856 733 917 CAPUT
771 859 859 915 Ill.
888 890 959 901 —
984 861 1037 917 5.
1066 858 1264 932 Corpus
1302 877 1405 915 non
1444 867 1846 933 contempserunt
1880 874 2021 914 mar-

435 961 590 1024 tyres,
621 952 710 1009 sed
735 954 780 1009 ei
803 953 927 1009 bene
946 954 1326 1043 consuluerunt.
1350 954 1493 1026 Ergo
1515 953 1802 1043 prudenter
1822 959 2021 1023 marty-

432 1060 524 1102 res
552 1044 746 1103 Christi
776 1060 883 1101 non
908 1060 1002 1101 sua
1028 1042 1251 1117 corpora
1276 1042 1733 1120 contempserunt.
1762 1045 2022 1117 Perversa

434 1146 519 1193 est
564 1137 665 1195 ista
690 1179 705 1205 ,
752 1146 807 1193 et
841 1137 1106 1193 mundana
1124 1120 1509 1211 "philosophia,
1558 1153 1743 1194 eorum
1778 1136 1870 1213 qui
1911 1150 2020 1191 non

434 1231 659 1287 credunt
698 1246 981 1302 corporum
1036 1234 1509 1303 resurrectionem.
1568 1231 1829 1291 Videntur
1876 1231 2021 1303 enim

433 1320 537 1378 sibi
576 1322 726 1394 quasi
772 1323 948 1394 magni
985 1324 1228 1394 corporis
1264 1330 1661 1397 contemptores
1683 1364 1700 1391 ,
1744 1321 1868 1399 quia
1906 1322 2020 1399 ipsa

434 1427 660 1487 corpora
687 1416 839 1487 quasi
870 1432 967 1487 pro
1001 1417 1307 1474 carceribus
1333 1432 1393 1474 se
1421 1406 1620 1473 habere
1648 1416 2018 1491 arbitrantur,

435 1521 542 1578 quo
570 1505 815 1564 detrusas
856 1518 1048 1583 putant
1083 1510 1289 1564 animas
1312 1552 1328 1579 ,
1361 1508 1502 1581 quod
1532 1508 1655 1564 alibi
1684 1518 1807 1563 ante
1832 1522 2021 1579 pecca-

436 1606 643 1655 verunt.
692 1599 834 1655 Deus
874 1610 1052 1657 autem
1081 1609 1263 1657 noster
1302 1610 1355 1667 et
1382 1588 1584 1679 corpus
1625 1600 1748 1655 fecit
1774 1608 1829 1654 et
1857 1598 2020 1670 spiris

436 1700 582 1758 tum;
614 1701 669 1749 et
698 1693 973 1765 utriusque
998 1702 1209 1749 creator
1234 1702 1355 1765 est,
1398 1702 1452 1761 et
1493 1692 1768 1764 utriusque
1811 1706 2024 1747 recrea-

434 1792 553 1851 tor;
582 1783 861 1856 utriusque
886 1785 1159 1840 institutor
1184 1827 1199 1853 ,
1228 1786 1506 1856 utriusque
1532 1785 1692 1840 etiam
1724 1784 2022 1841 restitutor.

432 1873 551 1933 Non
576 1891 704 1948 ergo
732 1891 947 1933 carnem
974 1886 1226 1951 tanquam
1251 1878 1543 1943 inimicam,
1572 1879 1656 1933 vel
1679 1887 2023 1947 contempse-

433 1976 581 2037 runt,
608 1968 694 2024 vel
713 1969 978 2040 persecuti
1007 1979 1129 2026 sunt
1149 1980 1431 2042 martyres.
1463 1969 1628 2033 Nemo
1649 1970 1782 2029 enim
1803 1987 2026 2042 unquam

440 2076 643 2117 carnem
665 2078 811 2117 suam
838 2063 955 2117 odio
985 2063 1156 2117 habuit
1179 2062 1394 2134 (Ephes.
1422 2079 1476 2131 v,
1498 2062 1610 2135 29).
1636 2064 1798 2136 Magis
1819 2064 1868 2121 ei
1897 2079 2027 2120 con-

435 2152 738 2223 suluerunt,
762 2156 975 2227 quando
994 2171 1112 2213 eam
1136 2157 1401 2229 negligere
1425 2144 1743 2230 videbantur
1770 2175 1784 2211 :
1814 2158 2029 2231 quando

437 2243 495 2302 in
521 2261 584 2302 ea
628 2245 854 2303 fideliter
881 2250 1226 2319 persistentes
1247 2292 1261 2319 ,
1284 2238 1608 2335 temporalia
1648 2259 1910 2323 tormenta
1952 2260 2030 2319 ιο·

437 2339 712 2411 lerabant,
758 2353 1010 2401 aeternam
1052 2346 1212 2415 etiam
1256 2345 1357 2419 ipsi
1384 2346 1532 2419 carni
1556 2345 1782 2423 gloriam
1809 2359 2029 2416 compa-

437 2430 652 2487 rabant.
1564 2426 1571 2433 ’

510 2523 739 2582 CAPUT
774 2525 865 2581 IV.
912 2557 981 2567 —
1009 2527 1063 2583 4.
1092 2526 1331 2605 Corporis
1359 2529 1523 2605 gloria
1560 2539 1673 2603 post
1708 2529 2032 2601 resurrectio-

438 2633 575 2673 nem.
607 2617 817 2675 Sanitas
840 2622 1085 2693 corporis,
1109 2622 1381 2677 concordia
1406 2640 1578 2678 eorum
1612 2624 1794 2695 quibus
1817 2630 2030 2695 constat.

439 2711 570 2780 Quae
595 2714 665 2770 sit
688 2724 864 2771 autem
889 2716 1063 2773 futura
1101 2718 1155 2773 in
1198 2718 1590 2774 resurrectione
1632 2720 1799 2789 gloria
1854 2718 2031 2773 carnis

437 2803 618 2877 hujus,
648 2809 767 2879 quis
794 2810 1023 2880 explicet
1047 2809 1263 2865 verbis?
1290 2809 1460 2867 Nemo
1484 2810 1657 2866 adhuc
1685 2820 1924 2865 nostrum
1948 2809 2038 2863 ha-

438 2897 617 2955 bendo
653 2910 907 2973 expertus
949 2912 1049 2958 est.
1097 2902 1248 2959 Nunc
1272 2918 1487 2958 carnem
1531 2917 1811 2958 onerosam
1856 2910 2038 2971 porta-

437 3005 588 3059 mus;
628 2994 751 3065 quia
795 2995 1025 3066 indigam
1045 3038 1059 3063 ,
1092 2996 1211 3067 quia
1242 2996 1538 3064 infirmam,
1565 2996 1687 3067 quia
1715 2996 2027 3063 mortalem,

439 3082 564 3152 quia
604 3086 1019 3156 corruptibilem.
1075 3086 1272 3159 Corpus
1312 3088 1456 3143 enim
1494 3087 1628 3159 quod
1671 3088 2029 3159 corrumpitur,

440 3186 681 3248 aggravet
699 3179 922 3251 animam
945 3180 1098 3253 (Sap.
1127 3198 1179 3236 rx
1201 3225 1214 3247 ,
1248 3182 1362 3254 i5).
1390 3181 1497 3237 Sed
1526 3181 1633 3237 noli
1663 3182 1763 3235 hoc
1785 3182 1835 3234 in
1868 3194 2039 3234 resur-

438 3270 678 3327 rectione
703 3282 960 3330 metuere.
989 3274 1200 3347 Oportet
1225 3285 1282 3330 ut
1302 3275 1623 3347 corruptibile
1645 3274 1738 3329 hoc
1762 3273 1941 3328 induat
1960 3274 2013 3328 in

440 3364 843 3434 corruptionem,
893 3376 939 3422 et
983 3369 1194 3423 mortale
1249 3369 1342 3422 hac
1386 3367 1567 3422 induat
1609 3367 2036 3437 immortalitatem

441 3454 489 3528 (l
522 3454 638 3512 Cor.
667 3473 765 3523 xv,
794 3459 907 3530 55).
957 3460 1111 3529 Quod
1155 3475 1299 3515 nunc
1338 3469 1420 3515 est
1461 3473 1630 3527 onus,
1672 3460 1773 3514 erit
1815 3458 2031 3514 honor:

439 3550 581 3621 quod
614 3566 753 3606 nunc
777 3552 982 3607 sarcina
1006 3596 1020 3619 ,
1049 3564 1174 3608 tunc
1200 3553 1464 3608 levamen.
1496 3551 1608 3607 Non
1641 3552 1781 3607 enim
1821 3551 2036 3607 habebit

437 3645 682 3716 pondus,
712 3657 769 3702 ut
796 3663 990 3719 corpus
1040 3647 1235 3704 habere
1279 3657 1333 3703 te
1381 3648 1597 3703 sentias.
1634 3646 1819 3702 Videte
1844 3689 1857 3712 ,
1906 3644 2034 3702 cha-

438 3738 639 3795 rissimi
674 3758 686 3793 :
719 3739 933 3810 quando
962 3754 1151 3794 sanum
1194 3748 1276 3796 est
1319 3754 1516 3810 corpus
1547 3748 1785 3794 nostrum
1806 3781 1819 3803 ,
1873 3737 2032 3792 etiam

437 3828 545 3886 hoc
583 3830 768 3903 fragile
794 3841 951 3903 atque
982 3832 1234 3901 mortale,
1280 3832 1493 3902 quando
1539 3846 1754 3886 suarum
1803 3832 2030 3901 partium

438 3927 863 3993 temperamento
915 3922 1247 3979 moderatum
1295 3930 1415 3990 est,
1454 3922 1668 3993 quando
1709 3923 1761 3977 in
1805 3937 1870 3977 eo
1899 3922 2031 3977 nihil

441 4011 558 4082 ejus
585 4012 839 4068 adversus
867 4014 1010 4069 aliud
1037 4015 1275 4077 rixatur;
1305 4029 1413 4070 non
1437 4014 1584 4069 calor
1613 4023 1831 4084 superat
1855 4024 1911 4069 et
1938 4031 2031 4069 ur-

442 4111 532 4174 get
559 4103 789 4174 algorem
812 4147 825 4170 ,
874 4122 980 4160 non
1008 4107 1158 4175 copia
1186 4107 1397 4177 frigoris
1442 4106 1621 4163 fervor
1649 4107 2025 4178 exstinguitur,

442 4200 499 4249 et
523 4192 649 4249 dum
678 4195 905 4250 luctatur
930 4195 1146 4268 afﬂigit;
1188 4214 1294 4252 non
1339 4198 1614 4254 humorem
1659 4199 1870 4255 siccitas
1916 4216 2033 4254 sor-

440 4284 567 4354 bet,
600 4301 706 4342 non
752 4288 971 4344 inundat
1006 4289 1197 4345 humor
1223 4299 1275 4345 ει
1317 4292 1544 4362 premit;
1580 4292 1673 4349 sed
1704 4294 1879 4348 omnia
1911 4294 2030 4365 qui-

439 4374 543 4433 bus
570 4387 777 4436 constat
803 4381 1053 4437 concordi
1081 4382 1219 4439 inter
1244 4398 1303 4439 se
1341 4383 1586 4454 junctura
1634 4385 1823 4442 librata
1870 4397 2028 4457 sunt,

441 4483 562 4540 quas
586 4471 785 4527 sanitas
812 4472 1023 4529 dicitur.
1054 4474 1152 4531 Est
1178 4483 1389 4543 autem,
1441 4487 1499 4532 ut
1547 4477 1780 4534 breviter
1822 4478 2028 4547 dicam,

440 4561 643 4619 sanitas
670 4565 944 4636 corporis,
998 4580 1183 4622 eorum
1234 4567 1519 4625 concordia
1563 4570 1757 4641 quibus
1797 4578 2027 4627 constat.

440 4651 570 4709 Haec
595 4670 722 4726 ergo
751 4656 979 4725 sanitas,
1006 4656 1061 4712 id
1103 4668 1185 4715 est
1228 4659 1590 4715 membrorum
1641 4662 2032 4735 bumorumque

440 4745 725 4802 concordia
772 4747 825 4803 in
873 4763 932 4804 re
968 4750 1337 4820 corruptibili,
1382 4751 1434 4806 in
1472 4767 1531 4806 re
1568 4767 1735 4823 egena
1783 4762 1838 4809 et
1880 4752 2032 4810 inﬁr-

440 4852 531 4895 ma
554 4877 569 4904 ,
614 4838 668 4894 in
707 4855 767 4897 re
794 4856 913 4912 quae
952 4843 1126 4899 adhuc
1149 4844 1355 4899 esurire
1380 4852 1434 4899 et
1460 4846 1609 4901 sitire
1637 4854 1843 4917 potest,
1881 4857 2028 4905 stan-

440 4929 513 4986 do
569 4930 792 4998 lassari,
855 4934 1093 4991 sedendo
1148 4935 1329 5004 refici,
1386 4952 1570 4992 rursus
1630 4938 1867 4996 sedendo
1926 4940 2032 4997 las-

439 5020 584 5089 sari,
651 5024 934 5080 esuriendo
995 5026 1257 5097 deficere,
1325 5029 1594 5087 vescendo
1652 5031 1847 5101 refici;
1921 5048 2031 5089 non

441 5128 755 5172 succurrere
803 5116 1188 5176 defectionibus
1257 5122 1539 5191 praeteritis
1600 5123 1702 5179 nisi
1756 5124 1875 5180 aliis
1936 5125 2030 5181 in-

441 5207 648 5265 choatis
676 5229 690 5265 :
717 5210 974 5282 quidquid
997 5212 1138 5268 enim
1163 5213 1307 5269 aliud
1334 5214 1400 5270 ad
1439 5215 1786 5273 refectionem
1819 5219 2029 5289 ceperis

439 5299 647 5371 lassus,
688 5300 896 5360 initium
938 5313 1021 5361 est
1060 5305 1280 5362 alterius
1309 5307 1667 5376 lassitudinis;
1697 5308 1819 5380 quia
1849 5309 1904 5365 in
1932 5325 2027 5380 re,

441 5409 601 5465 quam
624 5398 896 5470 sumpsisti
919 5407 978 5454 ut
1003 5415 1341 5457 suecurreres
1361 5444 1376 5469 ,
1397 5402 1443 5458 si
1467 5418 1777 5473 perseveres
1794 5445 1809 5471 ,
1833 5412 1887 5461 et
1905 5404 2031 5461 inde

440 5482 746 5558 fatigaberis
793 5507 808 5545 :
855 5489 909 5545 in
955 5490 1058 5547 hoc
1082 5508 1207 5565 ergo
1235 5493 1445 5549 infirmo
1470 5504 1523 5550 et
1548 5494 1874 5567 corruptibili
1902 5510 2027 5551 cor-

440 5588 607 5648 pore,
658 5581 788 5651 quid
830 5591 915 5640 est
958 5583 1073 5655 ipsa
1123 5586 1322 5643 sanitas
1362 5588 1799 5660 qualiscumque?
1844 5588 2029 5662 Neque

440 5670 587 5728 enim
614 5671 763 5745 hac,
790 5691 910 5748 qua:
938 5678 993 5733 in
1017 5692 1178 5735 carne
1202 5681 1411 5736 mortali
1440 5690 1496 5737 et
1534 5681 1864 5754 corruptibili
1893 5683 2028 5740 dici-

435 5810 449 5849 ε.
506 5784 527 5818 ³
552 5783 1664 5854 Λιλαιιοηιιε..ρσαιὶιωεα·ιιέιειεωηοανοτα
1685 5795 1991 5851 dum.

1667 5929 1675 5933 _
1719 5926 1761 5939 rh
1780 5918 1874 5935 ,ησριε

1588 277 1599 361 ξ
1649 276 1707 337 ε.
1746 274 2116 354 Augus'rtut
2153 272 2458 355 Episcort

3572 278 3714 357 1%?

2127 400 2213 447 tur
2238 393 2478 462 sanitas,
2515 390 2624 448 ullo
2667 388 2828 448 modo
2868 390 3196 469 Angelorurn
3238 392 3452 450 sanitati
3494 406 3717 469 compa-

2125 484 2292 540 randa
2317 494 2426 551 est,
2457 499 2683 556 quorum
2732 484 2886 551 nobis
2911 485 3184 558 aequalitas
3229 485 3283 542 in
3325 487 3717 545 resurrectione

2125 576 2454 648 promittitur
2478 566 2633 649 '(Luc.
2663 592 2730 651 xx
2754 620 2768 643 ,
2794 576 2904 650 '56).
2976 570 2981 575 ’

2197 665 2425 745 CAPUT
2476 669 2539 723 V.
2565 697 2637 712 -—
2666 668 2792 726 Haec
2822 679 2998 726 tamen
3038 670 3272 739 sanitas,
3306 679 3365 745 ut
3405 670 3547 747 dixi,
3589 686 3723 746 qua-

2128 761 2425 833 liscumque
2453 762 2581 834 quid
2611 761 2772 818 habet
2795 762 3166 835 delectationis
3185 806 3201 832 ,
3232 748 3391 839 quam
3420 764 3721 839 exoptabile

2127 844 2455 925 bonum'est
2497 854 2782 910 omnibus?
2824 854 3085 935 Quantam
3133 872 3250 912 rem
3296 855 3453 911 habet
3499 872 3719 945 pauper,

2126 959 2250 1002 cum
2293 944 2433 1002 hanc
2480 946 2650 1002 solam
2700 947 2893 1013 habet;
2932 958 3180 1019 quantam
3212 965 3317 1003 non
3349 944 3511 1023 habet
3534 944 3719 1023 dives,

2127 1052 2250 1093 cum
2278 1039 2414 1094 hanc
2439 1039 2607 1095 solam
2630 1055 2735 1095 non
2764 1026 2963 1096 habet?
2984 1040 3117 1110 Quid
3146 1055 3206 1098 se
3227 1040 3392 1115 iactat
3414 1040 3723 1113 copiosum?

2128 1130 2319 1188 Febris
2363 1134 2558 1190 lectum
2602 1151 2707 1189 non
2754 1133 3006 1189 formidat
3050 1118 3402 1209 argenteum:
3434 1151 3540 1209 non
3570 1135 3722 1191 timet

2129 1241 2377 1299 pompam
2400 1227 2577 1283 divitis
2596 1270 2611 1296 ,
2644 1244 2750 1301 non
2781 1231 2933 1285 timet
2954 1229 3126 1301 iacula
3148 1229 3439 1290 bellatoris.

2202 1319 2257 1375 5.
2289 1319 2496 1376 Sanitas
2516 1330 2588 1376 est
2622 1321 2750 1376 nihil
2774 1323 2958 1377 sentire
2977 1364 2991 1389 ,
3022 1323 3206 1377 scilicet
3238 1323 3499 1379 molestum
3526 1332 3573 1377 et
3597 1340 3724 1379 one-

2130 1426 2321 1466 rosum.
2350 1411 2487 1481 Quid
2528 1428 2655 1484 ergo
2683 1414 2882 1470 sanitas
2909 1414 3026 1470 haec
3049 1414 3162 1486 ipsa
3181 1457 3196 1484 ,
3226 1432 3387 1487 quam
3418 1423 3561 1471 recte
3584 1430 3729 1473 mar-

2130 1512 2278 1576 tyres
2300 1514 2772 1575 contempserunt,
2802 1508 2924 1581 quia
2954 1508 3009 1562 in
3038 1508 3151 1578 ipsa
3180 1524 3342 1581 carne
3362 1509 3519 1583 aliam
3535 1524 3724 1583 spera-

2131 1595 2360 1651 verunt?
2386 1596 2585 1652 Tamen
2617 1600 2737 1670 quia
2762 1600 2906 1655 illam
2933 1600 3167 1656 nondum
3191 1602 3393 1677 experti
3419 1617 3618 1679 sumus,
3654 1617 3727 1658 ex

2133 1687 2234 1742 ista
2281 1702 2440 1759 quam
2488 1690 2767 1756 novimus,
2815 1691 2959 1761 illam
3007 1682 3297 1767 utcumque
3354 1693 3724 1763 conjiciamus.

2134 1780 2273 1850 Quid
2318 1792 2399 1838 est
2448 1783 2677 1839 sanitas?
2725 1784 2781 1839 Si
2827 1785 2975 1853 dicas
3018 1786 3353 1869 milti,Quid
3398 1794 3481 1843 est
3509 1785 3730 1843 videre?

2136 1884 2389 1948 quantum
2418 1875 2484 1931 ad
2511 1892 2706 1950 corpus
2733 1879 2952 1945 attinet,
2982 1879 3321 1953 respondebo
3351 1878 3444 1951 tibi
3468 1877 3725 1948 fortasse,

2136 1966 2336 2023 formas
2364 1969 2678 2043 coloresque
2704 1972 2922 2027 sentire.
2971 1971 3028 2043 Si
3067 1968 3217 2043 dicas
3262 1971 3422 2037 mihi,
3467 1969 3603 2041 Quid
3645 1979 3731 2025 est

2136 2061 2357 2116 audire?
2399 2062 2768 2133 respondebo,
2811 2078 2973 2127 sonos
3014 2064 3234 2119 sentire.
3281 2062 3338 2120 Si
3384 2061 3560 2126 dicas,
3588 2061 3730 2131 Quid

2138 2163 2221 2210 est
2248 2153 2510 2210 olfacere?
2550 2154 2920 2227 respondebo,
2962 2155 3157 2211 odores
3200 2156 3418 2211 sentire.
3472 2140 3619 2223 Quid
3648 2161 3732 2209 est

2139 2247 2397 2317 tangere?
2423 2246 2561 2301 Dura
2591 2248 2675 2302 vel
2707 2248 2923 2329 mollia,
2952 2247 3125 2321 calida
3155 2248 3239 2302 vel
3277 2247 3466 2327 frigida
3488 2290 3503 2314 ,
3542 2263 3731 2317 aspera

2140 2350 2196 2395 et
2225 2340 2361 2395 lenia
2386 2382 2401 2407 ,
2429 2341 2608 2411 gravia
2636 2341 2719 2396 vel
2760 2341 2893 2395 levia
2934 2341 3154 2399 sentire.
3194 2340 3331 2408 Quid
3375 2348 3458 2395 cst
3499 2339 3732 2394 sanitas?

2140 2431 2284 2488 Nihil
2313 2433 2512 2487 sentire
2541 2434 2580 2487 ί.
2625 2432 2731 2489 Sed
2771 2442 2825 2488 et
2869 2433 2983 2488 haec
3011 2434 3125 2505 ipsa
3151 2416 3385 2507 in‘nobis
3414 2433 3574 2507 modo
3601 2432 3732 2505 alio-

2143 2540 2262 2580 rum
2311 2525 2709 2597 comparatione
2748 2527 3032 2583 vilescunt.
3080 2530 3251 2584 Acute
3296 2526 3449 2582 vides
3481 2547 3494 2581 :
3525 2527 3734 2582 acutius

2145 2626 2197 2673 te
2243 2616 2465 2674 forsitan
2510 2620 2707 2691 aquila.
2740 2622 2907 2676 Acute
2935 2621 3088 2676 audis
3124 2640 3138 2695 ς
3170 2632 3295 2677 ευιιι
3339 2622 3575 2679 bestiolae
3613 2637 3734 2695 qua;

2146 2709 2369 2765 audiunt
2406 2712 2631 2767 acutius.
2661 2713 2828 2768 Acute
2865 2712 3050 2768 olfacis
3078 2730 3091 2766 :
3123 2728 3310 2769 canem
3340 2728 3583 2783 sagacem
3630 2727 3736 2767 non

2144 2802 2334 2858 vincis.
2366 2805 2534 2859 Acute
2565 2819 2784 2877 sapores
2826 2805 3090 2878 gustando
3118 2806 3377 2895 dijudicas
3407 2824 3420 2861 :
3455 2817 3579 2861 sunt
3615 2807 3735 2867 ani-_

2144 2895 2304 2950 malia
2334 2911 2451 2967 qua:
2475 2895 2776 2971 inexpertas
2798 2896 2995 2953 herbas
3023 2897 3370 2962 discernunt,
3399 2904 3453 2969 et
3476 2896 3620 2967 quod
3654 2905 3738 2954 est

2145 2988 2362 3057 noxium
2411 3002 2518 3043 non
2563 2988 2845 3060 attingunt.
2874 2987 3006 3045 Nam
3040 2997 3094 3044 tu
3122 2990 3411 3061 quamlibet
3450 2998 3604 3044 acute
3649 2988 3736 3044 di-

2146 3094 2365 3137 scernas
2391 3080 2565 3151 cibum
2586 3122 2601 3148 ,
2630 3080 2941 3153 imprudens
2967 3081 3125 3136 irruis
3152 3084 3204 3137 in
3235 3097 3519 3155 venenum.
3568 3082 3736 3138 Acute

2146 3175 2314 3247 sentis
2345 3175 2611 3247 tangendo
2645 3192 2658 3230 :
2689 3190 2849 3246 quam
2876 3175 3058 3231 multa:
3082 3190 3208 3230 aves
3238 3183 3479 3237 aestatem
3508 3174 3738 3229 futuram

2145 3267 2527 3351 praesentiunt,
2577 3275 2631 3321 ct
2676 3267 2793 3322 loca
2844 3266 3149 3339 demutant;
3198 3266 3428 3325 hiemem
3459 3267 3740 3329 imminere

2145 3357 2524 3428 praesentiunt,
2555 3356 2622 3412 ad
2655 3357 2768 3411 loca
2817 3357 3073 3413 calidiora
3110 3357 3452 3433 demigrant?
3494 3356 3637 3429 quod
3682 3365 3739 3414 tu

2144 3434 2267 3505 cum
2306 3450 2511 3505 venerit
2556 3450 2755 3517 sentis,
2791 3461 3078 3523 antequam
3122 3452 3301 3507 veniat
3346 3452 3450 3506 illae
3496 3465 3738 3539 prasen-

2147 3542 2284 3598 tiunt
2307 3544 2350 3595 '.
2382 3542 2451 3597 Et
2480 3543 2582 3599 hoc
2611 3544 2781 3615 ipsum
2809 3544 2949 3616 quod
2978 3546 3029 3600 in
3068 3546 3297 3602 sanitate
3324 3545 3573 3619 laudavi,
3604 3544 3737 3603 nihil

2144 3636 2309 3692 sentit
2327 3635 2482 3707 lapis,
2513 3636 2643 3691 nihil
2670 3637 2852 3706 arbor,
2878 3638 3010 3692 nihil
3030 3639 3276 3695 cadaver.

2216 3728 2439 3784 CAPUT
2491 3728 2580 3785 Vl.
2636 3761 2705 3769 —
2753 3730 2805 3786 6.
2863 3730 3125 3786 Dacianus
3180 3732 3388 3788 stcviens
3442 3732 3499 3788 in
3546 3747 3733 3807 corpus

2145 3828 2421 3887 mortuum.
2473 3818 2650 3875 Vivere
2694 3820 2749 3875 in
2803 3837 3050 3893 corpore,
3095 3832 3142 3878 et
3181 3823 3309 3877 nihil
3340 3840 3402 3878 ea:
3436 3823 3547 3894 ejus
3588 3839 3738 3878 onere

2143 3910 2325 3965 sentire
2346 3952 2362 3979 ,
2389 3920 2460 3966 est
2496 3928 2679 3966 sanum
2707 3928 2831 3967 esse.
2868 3911 3011 3967 Onus
3044 3914 3270 3984 corporis
3296 3915 3347 3968 in
3370 3913 3466 3969 hac
3486 3915 3588 3969 vita
3602 3932 3737 3969 sem-

2146 4018 2237 4073 per
2268 4012 2452 4058 manet.
2495 4003 2626 4059 Nam
2668 4020 2866 4083 praeses
2908 4006 2997 4061 ille
3046 4006 3308 4062 Dacianus
3333 4006 3385 4061 in
3406 4005 3571 4062 corde
3598 4005 3734 4062 nihil

2144 4094 2440 4163 sentiebat,
2496 4096 2709 4166 quando
2761 4096 2815 4151 in
2868 4097 3001 4151 nihil
3059 4099 3295 4154 sentiens
3346 4097 3578 4154 cadaver
3629 4114 3730 4173 $33-

2142 4188 2360 4244 viebat?
2408 4188 2544 4256 Quid
2585 4190 2726 4245 enim
2765 4189 2873 4260 jam
2916 4190 3140 4247 faciebat
3168 4192 3293 4247 nihil
3323 4192 3609 4259 sentienti,
3642 4191 3731 4264 qui

2142 4282 2313 4351 potuit
2339 4289 2393 4336 et
2418 4296 2446 4335 a
2476 4281 2738 4337 sentiente
2767 4282 3050 4354 superari?
3079 4282 3227 4338 Fecit
3256 4291 3429 4339 tamen
3473 4281 3732 4354 quidquid

2141 4373 2345 4442 potuit,
2371 4371 2494 4429 fecit
2521 4373 2703 4427 iratus.
2734 4372 2840 4427 Sed
2869 4374 2958 4444 qui
2983 4373 3091 4444 jam
3115 4374 3248 4429 nihil
3276 4374 3326 4429 in
3360 4374 3535 4461 palam
3564 4373 3731 4447 patie-

2142 4464 2299 4520 batur
2323 4463 2365 4532 ⁸,
2393 4465 2445 4519 in
2471 4465 2677 4520 occulto
2717 4466 3090 4522 coronabatur.
3138 4467 3375 4523 Tenebat
3417 4468 3560 4523 enim
3602 4482 3728 4522 sen-

2143 4560 2364 4614 tentiam
2391 4558 2601 4613 Domini
2628 4558 2710 4615 sui
2736 4575 2749 4612 :
2780 4558 2869 4629 qui
2911 4574 3033 4615 cum
3062 4560 3222 4616 vellet
3248 4575 3348 4616 nos
3390 4575 3610 4617 securos
3651 4558 3729 4615 fa-

2142 4665 2267 4706 cere
2289 4650 2357 4706 de
2386 4650 2469 4704 his
2497 4651 2585 4720 qui
2627 4665 2822 4720 corpus
2868 4653 3145 4721 occidunt,
3175 4651 3378 4720 Nolite,
3422 4653 3624 4725 inquit,
3656 4652 3724 4707 ti-

2142 4759 2277 4799 αισα
2300 4759 2384 4800 eos
2406 4744 2495 4815 qui
2513 4760 2697 4816 corpus
2716 4744 2952 4799 occidunt
2969 4786 2984 4814 ,
3012 4755 3059 4801 et
3084 4756 3255 4818 postea
3275 4763 3378 4801 non
3400 4745 3584 4801 habent
3609 4744 3747 4819 quid.

2142 4836 2334 4909 faciant
2381 4834 2596 4907 (Matth.
2639 4852 2707 4903 x,
2737 4836 2840 4902 28;
2886 4836 3014 4893 Luc.
3044 4854 3151 4907 xu,
3191 4838 3267 4910 4).
3318 4838 3600 4906 Quomodo
3627 4854 3727 4910 po-

2141 4936 2257 4984 stea
2288 4944 2392 4983 non
2421 4927 2619 4985 habent
2643 4928 2770 4999 quid
2807 4927 3039 4998 faciant,
3064 4930 3274 5001 quando
3304 4931 3523 4986 insanus
3549 4930 3643 4986 ille
3663 4930 3727 4985 de

2142 5019 2409 5077 Vincentii
2433 5036 2659 5092 corpore
2690 5030 2829 5077 tanta
2862 5022 3025 5078 fecit?
3053 5023 3157 5080 Sed
3188 5023 3468 5080 Vincentio
3496 5024 3620 5095 quid
3650 5022 3729 5079 fe.

2141 5112 2249 5182 eit,
2272 5114 2362 5185 qui
2388 5114 2548 5169 etiam
2577 5114 2828 5169 sentienti
2858 5114 2990 5170 nihil
3021 5115 3180 5171 fecit?
3206 5118 3343 5187 Ergo
3376 5131 3484 5170 non
3521 5114 3601 5170 sic
3624 5128 3729 5170 non

2142 5208 2372 5271 sentire,
2403 5214 2464 5263 ut
2501 5221 2607 5262 non
2636 5205 2798 5263 sentit
2834 5208 2998 5279 lapis,
3046 5218 3106 5265 ut
3142 5223 3247 5265 non
3276 5209 3437 5265 sentit
3462 5207 3643 5275 arbor,
3674 5216 3733 5262 ut

2143 5316 2252 5356 non
2278 5300 2442 5357 sentit
2467 5298 2730 5368 cadaver;
2777 5301 2873 5357 sed
2913 5302 3095 5359 vivere
3134 5303 3188 5358 in
3228 5318 3488 5373 corpore,
3517 5311 3574 5357 et
3599 5299 3730 5357 nihil

2143 5408 2209 5450 ex
2234 5393 2355 5464 ejus
2379 5407 2543 5448 onere
2572 5393 2771 5449 sentire
2794 5435 2809 5461 ,
2839 5392 2942 5451 hoc
2968 5403 3050 5449 est
3069 5409 3256 5449 sanum
3285 5410 3425 5451 esse.
3456 5393 3523 5449 Et
3551 5402 3730 5450 tamen

2142 5486 2528 5558 quantumlibet
2545 5487 2616 5542 sit
2642 5485 2804 5543 homo
2824 5487 2876 5542 in
2900 5486 3001 5543 hac
3027 5489 3133 5543 vita
3159 5503 3349 5554 sanus,
3380 5489 3542 5544 sentit
3569 5486 3729 5543 etiam

2207 5614 3100 5788 iWuha‘fz‘adf“?
3114 5626 3307 5677 ⁸³⁸⁸⁸³·
3440 5741 3453 5753 ,

2210 5741 2791 5788 ’Puresttts..8alm
2823 5742 3304 5788 rmmhlamhn
3333 5754 3453 5788 smn

2148 5740 3304 5854 ﬁguremuﬂeaqwmmuam
3333 5740 3707 5809 mm
