4056 6430
404 351 547 412 1265

410 473 494 531 lio
520 465 846 543 pervenisti,
871 469 1068 534 quanta
1095 473 1244 515 mora
1272 454 1523 528 pervenis
1544 461 1599 509 et
1624 452 1692 508 ad
1717 451 1863 507 illam
1904 464 2000 506 co-

403 542 643 620 lumnam
656 572 812 630 quam
827 553 1047 611 volebas
1066 551 1267 616 videre,
1282 558 1333 604 et
1345 547 1465 619 quia
1485 545 1646 601 homo
1659 542 2003 615 interpositus

404 664 541 722 erat,
560 668 666 707 non
686 658 898 721 poteras
924 664 935 700 :
962 661 1067 701 non
1086 643 1152 698 ad
1169 642 1343 713 ipsum
1353 639 1508 695 citius
1523 678 1539 705 ,
1563 646 1618 693 et
1641 634 1708 691 ad
1724 636 1869 690 illam
1892 642 2009 703 tar-q

406 744 558 809 dius;
584 750 641 799 ct
668 758 796 797 ecce
826 742 939 811 ipse
960 738 1011 792 in
1030 736 1273 807 proximo
1296 726 1445 796 erat,
1489 738 1547 805 et
1567 730 1655 785 illa
1695 728 1923 799 longius.
1949 724 2003 781 Si

405 836 681 894 ambulare
691 835 878 896 velles,
896 831 1051 886 citius
1068 829 1132 883 ad
1147 826 1433 891 hominem,
1450 839 1607 895 quam
1624 820 1688 876 ad
1700 820 2005 875 columnam

408 928 723 1000 pervenires
744 945 757 979 :
780 924 899 995 quia
920 923 1101 978 videre
1122 918 1353 983 voluisti,
1376 927 1480 971 tam
1502 917 1606 971 cito
1625 912 1692 969 ad
1711 912 2003 977 hominem,

406 1036 567 1092 quam
590 1019 657 1073 ad
678 1019 982 1073 columnam
1012 1011 1322 1085 pervenisti.
1348 1009 1487 1064 Nihil
1512 1006 1717 1063 esthoc
1745 1004 1813 1060 de
1859 1003 2007 1059 culu-

408 1127 530 1167 mna
558 1120 612 1166 et
637 1110 704 1165 de
743 1108 978 1163 homine.
1032 1106 1158 1161 Jace
1191 1103 1366 1159 adhuc
1401 1100 1619 1167 oculos,
1660 1096 1810 1153 vides
1851 1096 2007 1166 longe

410 1204 668 1276 parietem
703 1220 715 1256 :
749 1201 901 1256 mitte
928 1200 1168 1269 longius,
1219 1194 1465 1271 pervenis
1490 1192 1556 1248 ad
1609 1192 1799 1275 solem.
1828 1191 2008 1259 Quan—

414 1306 525 1353 tum
554 1306 637 1353 est
662 1296 799 1351 inter
826 1304 877 1350 te
900 1303 954 1349 et
992 1291 1197 1347 solem?
1224 1290 1353 1357 Quis
1392 1289 1480 1343 illa
1513 1286 1788 1342 intervalla
1820 1285 2013 1353 metia-r

412 1389 537 1446 tur?
557 1390 686 1458 Quis
714 1388 823 1443 ullo
858 1386 1103 1440 acumine
1129 1382 1468 1454 cogitationis
1496 1380 1724 1456 aestimet
1750 1386 2009 1449 quantum

411 1499 443 1541 a
485 1494 539 1540 te
573 1484 728 1554 longe
752 1481 822 1537 sit
843 1481 960 1535 sol?
992 1480 1058 1534 Et
1084 1488 1261 1533 tamen
1289 1492 1413 1532 mox
1448 1484 1507 1529 ut
1538 1473 1751 1530 oculum
1787 1486 2010 1542 aperue-

410 1584 487 1639 ris
506 1564 675 1649 ,ecce
707 1591 763 1634 tu
791 1578 877 1632 hic
898 1594 987 1645 es,
1019 1576 1199 1631 radius
1240 1583 1357 1629 tuus
1383 1572 1452 1627 ibi
1481 1582 1583 1627 est.
1610 1569 1732 1625 Mox
1753 1578 1810 1623 ut
1830 1567 2010 1623 videre

410 1674 660 1740 voluisti,
706 1671 934 1727 videndo
966 1668 1273 1741 pervenisti.
1315 1666 1429 1720 Non
1456 1663 1693 1736 quaesisti
1737 1660 2011 1717 machinas

412 1769 606 1840 quibus
634 1766 883 1821 nitereris
904 1805 918 1830 ,
966 1778 1071 1818 non
1095 1761 1265 1817 scalas
1291 1759 1486 1830 quibus
1513 1754 1837 1811 ascendercs
1857 1795 1871 1819 ,
1904 1768 2012 1807 non

415 1859 567 1915 funes
606 1858 800 1929 quibus
838 1856 1125 1921 levareris,
1173 1868 1279 1907 non
1320 1865 1521 1921 pennas
1565 1848 1758 1919 quibus
1777 1846 2009 1903 volares.

414 1952 636 2009 Oculum
663 1950 937 2020 aperuisse
963 1991 978 2017 ,
1020 1948 1121 2003 hoc
1144 1955 1227 2001 est
1256 1944 1585 2015 pervenisse.
1664 2004 1667 2007 _
2014 1982 2017 1987 .

485 2046 713 2102 CAPUT
751 2045 845 2099 XI.
873 2076 942 2085 -—
968 2045 1059 2099 Η.
1109 2041 1366 2097 Celeritati
1394 2040 1527 2093 radii
1576 2054 1638 2115 ea:
1676 2036 1823 2092 oculo
1849 2033 2016 2090 emissi

416 2140 1052 2208 resurrectiocomparata.
1078 2133 1216 2202 Quid
1236 2148 1364 2203 ergo
1390 2133 1491 2186 ista
1512 2130 1793 2185 celeritas?
1819 2135 2016 2199 quanta

422 2233 543 2288 est?
573 2231 698 2301 quid
720 2230 819 2285 sibi
843 2228 992 2283 vult?
1013 2226 1264 2296 Corporis
1286 2224 1455 2279 nostri
1486 2231 1570 2278 est
1586 2265 1601 2289 ,
1638 2222 1705 2276 de
1733 2235 1895 2276 carne
1916 2233 2017 2273 no-

418 2336 525 2380 stra
556 2324 835 2379 emittitur.
869 2320 1071 2375 Radios
1094 2334 1189 2373 nos
1213 2318 1501 2381 habemus,
1536 2324 1590 2371 et
1608 2330 1713 2369 non
1736 2314 2015 2368 miramur.

416 2418 660 2472 Videndo
702 2417 931 2481 utimur,
1002 2411 1392 2469 considerando
1434 2410 1855 2481 expavescimus.
1902 2405 2021 2461 Non

417 2509 627 2563 invenis
653 2506 852 2577 aliquid
892 2505 1032 2575 quod
1058 2503 1182 2558 huic
1211 2517 1491 2573 compares
1515 2499 1776 2556 celeritati
1801 2540 1816 2565 ,
1846 2513 2020 2568 quan-

417 2610 531 2655 tum
574 2599 764 2653 attinet
788 2597 854 2652 ad
880 2596 1123 2668 corporis
1161 2596 1511 2651 celeritatem.
1554 2592 1742 2647 Merito
1771 2590 1896 2645 huic
1924 2605 2016 2646 ce-

422 2690 623 2747 leritati
675 2690 949 2760 apostolus
999 2689 1197 2745 Paulus
1249 2687 1562 2742 facilitatem
1611 2684 2022 2741 resurrectionis

418 2784 783 2855 comparavit,
840 2782 1062 2849 dicens,
1111 2780 1177 2835 In
1208 2782 1309 2834 ictu
1338 2778 1473 2834 oculi
1513 2776 1721 2853 (I‘Cor.
1770 2793 1859 2844 xv,
1901 2776 2017 2847 52).

416 2878 560 2933 Ictus
584 2877 723 2932 oculi
769 2884 879 2943 est,
928 2890 1034 2930 non
1061 2874 1116 2929 in
1164 2872 1435 2943 palpebris
1463 2872 1775 2927 claudendis
1799 2880 1855 2926 et
1890 2885 2021 2940 ape-

416 2967 619 3022 riendis
652 2987 666 3022 :
694 2954 816 3022 nam
843 2966 945 3021 hoc
971 2964 1176 3020 tardius
1195 2964 1370 3034 agitur
1388 3004 1404 3031 ,
1434 2977 1595 3033 quam
1612 2962 1840 3018 videtur.
1885 2962 2021 3018 Tar-

418 3060 541 3116 dius
578 3061 887 3131 palpebram
916 3060 1099 3125 levas,
1156 3073 1317 3128 quam
1362 3056 1549 3127 dirigis
1579 3056 1811 3112 radium.
1851 3054 2022 3113 Citius

417 3154 600 3210 radius
626 3160 749 3207 tuus
774 3152 1018 3221 pervenit
1042 3150 1110 3205 ad
1138 3151 1357 3215 cmlum,
1387 3163 1547 3219 quam
1572 3149 1825 3219 palpebra
1847 3149 2022 3205 levata

418 3245 487 3301 ad
517 3243 878 3313 supercilium.
907 3240 1114 3297 Videtis
1138 3240 1265 3311 quid
1314 3240 1383 3294 sit
1426 3239 1564 3294 ictus
1605 3240 1741 3295 oculi
1775 3258 1789 3293 :
1830 3239 2020 3296 videtis

419 3352 580 3408 quam
607 3335 915 3391 facilitatem
962 3332 1250 3403 Apostolus
1304 3331 1685 3387 resurrectioni
1735 3346 2019 3403 corporum

419 3430 656 3487 dederit.
692 3429 861 3497 Quam
880 3427 1030 3483 tarde
1058 3428 1158 3481 ista
1198 3434 1374 3481 creata
1394 3433 1556 3496 atque
1582 3424 1810 3480 formata
1861 3424 2020 3481 sunt?

417 3522 739 3578 Recolamus
767 3536 946 3577 moras
973 3527 1264 3589 conceptus
1284 3560 1299 3587 ,
1353 3528 1407 3574 et
1450 3517 1506 3573 in
1549 3518 1679 3589 ipsis
1708 3518 1880 3574 uteris
1906 3534 2021 3575 ma-

394 3624 561 3670 .trum
588 3613 1003 3670 coalescentium
1028 3612 1235 3667 semina
1265 3609 1606 3681 parvulorum
1632 3625 1647 3675 ;
1678 3624 1775 3681 per
1806 3618 2013 3680 tempo-

420 3722 539 3762 rum
558 3721 839 3762 numerum
868 3705 1107 3760 membra
1139 3704 1392 3771 formata,
1424 3702 1613 3759 diebus
1636 3704 1796 3759 certis
1816 3746 1830 3769 ,
1863 3719 2016 3759 men-

419 3800 568 3855 sibus
610 3799 823 3864 multis,
871 3813 977 3868 quo
1014 3812 1187 3868 usque
1227 3796 1358 3851 illud
1403 3796 1546 3867 quod
1593 3796 1737 3851 intus
1780 3804 2017 3851 creatum

420 3900 579 3963 atque
642 3891 933 3947 formatum
993 3900 1077 3945 est
1127 3888 1428 3959 proferatur
1470 3889 1523 3942 in
1571 3887 1764 3942 lucem.
1818 3886 2019 3943 Deinde

421 3992 616 4053 quanta
644 3998 795 4038 mora
833 3982 1058 4049 crescit,
1104 3991 1301 4052 quanta
1347 3995 1497 4035 mora
1545 3980 1785 4036 succedit
1830 3980 2017 4036 adole-

422 4074 623 4130 scentia
677 4073 960 4145 pueritiaa,
1010 4072 1261 4142 juventus
1311 4070 1717 4135 adolescentiae,
1768 4079 2018 4128 senectus

418 4165 683 4233 juventuti
705 4205 721 4231 ,
771 4180 916 4219 mors
942 4164 1209 4219 omnibus.
1234 4162 1453 4238 Accedit
1490 4164 1649 4217 etiam
1685 4163 1787 4218 alia
1815 4179 1964 4219 mora
1998 4182 2011 4219 :

422 4256 635 4311 videtur
660 4257 925 4327 integrum
954 4270 1144 4311 recens
1164 4255 1391 4310 cadaver
1410 4296 1423 4319 ,
1452 4255 1504 4309 in
1539 4256 1872 4324 putredinem
1900 4258 2011 4312 sol-

422 4349 597 4415 vitur;
628 4356 683 4403 et
708 4347 774 4402 ad
794 4348 961 4417 ipsam
992 4348 1371 4403 resolutionem
1398 4348 1702 4402 necessaria
1730 4358 1855 4403 sunt
1883 4358 2017 4404 tem-

424 4454 576 4507 pora,
594 4438 767 4494 donec
785 4438 835 4492 in
858 4439 1033 4493 tabem
1060 4438 1278 4501 deﬂuat,
1302 4438 1537 4511 siccetur
1561 4438 1614 4492 in
1635 4439 1816 4494 cinere
1841 4448 1927 4495 :et
1948 4439 2017 4495 ab

425 4534 435 4561 ³
444 4534 554 4603 psis
568 4532 873 4603 primordiis
882 4533 1019 4587 uteri
1034 4518 1275 4601 usquead
1292 4531 1526 4605 cinerem
1540 4541 1833 4587 extremum
1849 4532 2021 4603 sepul-

423 4626 499 4680 cri
518 4633 715 4695 quanta
743 4623 1021 4693 interjacet
1038 4622 1221 4675 mora?
1243 4632 1371 4691 quot
1396 4610 1547 4677 dies?
1574 4638 1693 4692 qua:
1716 4633 2015 4692 temporum

425 4718 633 4789 spatia?
657 4716 893 4772 Venitad
917 4715 1317 4786 resurgendum,
1343 4716 1394 4769 in
1424 4716 1529 4770 ictu
1557 4718 1697 4771 oculi
1716 4698 2012 4786 reparatur.

493 4831 737 4888 CAPUT.
758 4830 873 4885 Xll.
903 4830 1091 4893 —,12.
1135 4828 1218 4883 Ea:
1245 4829 1621 4883 resurrectionis
1670 4832 1857 4900 futura:
1883 4829 2012 4901 faci-

426 4924 567 4977 litate
595 4922 949 4992 intelligenda
976 4920 1198 4990 facilitas
1249 4920 1476 4989 corporis
1528 4920 1830 4990 spiritantia.
1888 4920 2013 4976 licet:

425 5013 705 5069 mirabilior
732 5014 985 5068 celeritate
1011 5013 1144 5067 radii
1186 5012 1340 5066 oculi.
1383 5012 1654 5067 Attendite
1682 5028 1810 5085 ergo
1831 5054 1846 5081 ,
1904 5012 2017 5069 fra-

424 5117 563 5173 tres,
609 5114 665 5161 et
714 5114 1019 5176 comparate
1062 5120 1180 5175 quae.
1232 5104 1589 5174 comparanda
1640 5114 1797 5171 sunt,
1852 5105 2013 5161 rebus

424 5198 617 5271 quibus
656 5197 1011 5273 comparanda
1043 5208 1186 5252 sunt.
1214 5196 1455 5252 Celerius
1480 5206 1722 5252 movetur
1760 5198 1858 5252 ista
1884 5213 2010 5253 caro

424 5291 480 5347 in
537 5291 895 5358 ambulando,
949 5306 1107 5361 quam
1159 5290 1386 5345 formata
1436 5300 1552 5358 est,
1606 5306 1767 5361 quam
1815 5292 2014 5348 nutrita

424 5392 528 5451 est,
571 5398 733 5454 quam
761 5384 961 5445 crevit,
989 5396 1149 5452 quam
1185 5382 1251 5435 ad
1295 5381 1532 5435 habitum
1566 5381 1855 5451 juvenilem
1883 5398 2011 5453 per-

425 5477 607 5544 venit,
654 5476 1024 5545 integramque
1072 5481 1284 5528 :etatem
1324 5481 1379 5529 et
1420 5481 1674 5529 staturam
1732 5476 2009 5545 percepit:

425 5566 653 5621 celerius
677 5574 921 5620 movetur
941 5564 994 5618 in
1022 5562 1363 5630 ambulando,
1382 5580 1541 5635 quam
1574 5565 1677 5620 hoc
1701 5564 1754 5620 in
1782 5564 1871 5621 illa
1894 5565 2008 5621 fiat.

423 5655 597 5713 Porro
619 5665 798 5712 autem
850 5655 1171 5712 resurrectio
1213 5654 1306 5712 fiet
1343 5655 1397 5711 in
1441 5657 1550 5712 ictu
1589 5656 1768 5714 oculi:
1814 5667 2011 5729 quanta

427 5748 531 5803 erit
576 5748 823 5806 celeritas
868 5748 1148 5815 movendi,
1198 5749 1244 5805 si
1272 5757 1415 5806 tanta
1461 5753 1631 5821 potuit
1668 5768 1788 5810 esse
1833 5756 2039 5811 resur-'

426 5842 626 5907 gelidi?
655 5842 875 5903 Laniata
900 5851 1024 5903 sunt
1041 5856 1266 5912 corpora
1293 5859 1324 5902 a
1355 5848 1694 5906 saevientibus
1720 5868 1731 5905 :
1756 5857 1867 5908 toto
1890 5849 2013 5909 licet

1646 336 1706 394 S.
1724 396 1729 401 ,
1746 330 2115 393 AUGUSTINI
2158 330 2464 391 EPISCOPI

3550 339 3695 399 136‘

2109 450 2310 506 mundo
2335 452 2657 529 dissipentur
2698 452 2938 507 membra
2967 462 3297 508 mortuorum
3322 493 3337 519 ,
3384 468 3484 525 per
3529 464 3697 512 totam

2108 549 2304 596 terram
2333 542 2542 597 cineres
2565 540 2969 614 dispergantur;
3002 542 3071 599 de
3099 553 3209 599 toto
3236 552 3342 599 tam
3362 546 3552 615 grandi
3576 547 3700 603 sinu

2109 640 2278 689 totum
2324 632 2466 703 quod
2491 649 2736 705 sparsum
2765 644 2847 691 est
2870 636 2925 691 in
2954 636 3061 693 ictu
3103 636 3242 691 oculi
3272 647 3568 707 reparatur.
3598 639 3715 707 Mi-v

2108 740 2291 782 ramur
2315 726 2585 782 radiorum
2605 736 2909 784 nostrorum
2928 770 2944 797 ,
2973 729 3066 800 qui
3087 727 3379 786 funduntur
3406 748 3472 787 ex
3497 733 3700 802 oculis,

2109 819 2328 874 nimiam
2353 820 2635 891 quamdam
2653 862 2669 887 ,
2698 829 2753 877 et
2781 822 2879 877 nisi
2902 824 3269 893 experiremur
3288 865 3302 891 ,
3333 824 3701 882 incredibilem

2108 912 2437 968 celeritatem
2469 914 2806 977 :jmirabilior
2830 925 2912 971 est
2936 916 2991 971 in
3015 931 3270 987 corpore,
3296 918 3439 988 quod
3467 917 3703 975 futurum

2110 1015 2215 1075 est,
2246 1007 2503 1077 spirituali
2524 1008 2768 1066 facilitas.
2801 1010 2857 1065 ln
2886 1010 2993 1066 ictu
3020 1012 3235 1082 quidem
3258 1013 3399 1068 oculi
3429 1024 3700 1085 resurget:

2109 1101 2206 1159 sed
2225 1102 2482 1159 Dominus
2505 1113 2688 1161 noster
2705 1147 2720 1173 ,
2745 1104 2885 1176 quod
2906 1106 3085 1161 radius
3103 1107 3243 1162 oculi
3274 1109 3441 1163 nostri
3472 1125 3577 1163 non
3612 1125 3710 1179 po-

2112 1203 2248 1262 test,
2296 1211 2489 1266 corpus
2514 1198 2675 1253 etiam
2718 1213 2814 1268 per
2836 1199 3065 1254 claustra
3107 1199 3331 1270 trajecit.
3366 1202 3488 1257 Post
3520 1217 3704 1257 resur-

2111 1289 2402 1345 rectionem
2428 1290 2484 1344 in
2514 1290 2634 1345 loco
2664 1306 2771 1345 uno
2796 1292 3103 1348 constitutis
3129 1292 3406 1362 discipulis
3435 1294 3546 1348 suis
3566 1336 3581 1359 ,
3614 1311 3709 1349 su-

2110 1383 2223 1440 bito
2268 1386 2511 1454 apparuit
2536 1386 2688 1441 ostiis
2730 1385 2928 1441 clausis
2956 1386 3133 1457 (Joan.
3176 1403 3284 1455 xx,
3322 1386 3434 1459 l9).
3462 1388 3575 1456 Qua
3606 1404 3711 1445 nos

2114 1474 2299 1531 videre
2324 1491 2428 1531 non
2455 1491 2738 1548 possumus
2758 1520 2772 1543 ,
2800 1478 2887 1533 ille
2914 1478 3084 1547 potuit
3108 1487 3161 1533 et
3184 1478 3403 1535 intrare.
3429 1479 3601 1535 Nemo
3620 1480 3721 1535 di-‘

2113 1577 2198 1625 cat
2219 1610 2236 1637 ,
2286 1569 2397 1625 Hoc
2423 1570 2635 1641 quidem
2666 1571 2867 1641 potuit,
2895 1571 2990 1627 sed
3039 1571 3247 1627 Domini
3288 1589 3515 1644 corpus;
3548 1592 3710 1630 num-

2114 1663 2241 1735 quid
2263 1665 2516 1724 continuo
2539 1664 2697 1719 etiam
2723 1680 2897 1720 meum
2928 1666 3167 1736 poterit?
3189 1666 3257 1721 Ει
3281 1666 3406 1722 hinc
3431 1670 3615 1738 accipe
3640 1671 3712 1725 ab

2115 1756 2317 1827 Spiritu
2338 1798 2351 1822 ,
2400 1757 2490 1827 qui
2518 1757 2585 1812 de
2614 1758 2872 1827 Apostolo
2908 1758 3263 1829 loquebatur,
3307 1759 3518 1831 plenam
3552 1776 3710 1816 Secu-

2116 1850 2349 1906 ritatem.
2374 1849 2449 1905 De
2470 1849 2586 1919 ipso
2601 1850 2796 1921 quippe
2823 1850 3047 1905 Domino
3066 1851 3265 1907 dictum
3283 1860 3395 1907 est:
3417 1852 3518 1918 Qui
3539 1864 3711 1908 trans-

2119 1944 2355 2016 figurabit
2402 1960 2586 2014 corpus
2628 1943 2926 1998 humilitatis
2977 1953 3163 1999 nostra:
3205 1947 3460 2015 conforme
3511 1946 3715 2016 corpori

2119 2037 2295 2109 gloriw
2322 2052 2429 2091 sua:
2460 2034 2716 2108 (Philipp.
2749 2052 2823 2101 ιιι,
2855 2036 2970 2107 Si).
3116 2072 3121 2083 .
3506 2064 3511 2067 ι

2136 2156 2139 2159 ν
2191 2127 2417 2185 CAPUT
2455 2127 2590 2183 Xlll.
2622 2130 2806 2184 ~13.
2848 2128 2925 2183 Αη
2951 2129 3090 2184 Deus
3132 2130 3376 2185 videbitur
3400 2148 3489 2203 per
3529 2149 3716 2203 corpus

2122 2222 2401 2293 spirituale.
2448 2220 2589 2275 Deus
2622 2237 2723 2275 non
2766 2230 2926 2291 potest
2962 2222 3125 2301 rideri
3174 2223 3229 2276 in
3267 2224 3378 2277 loco
3407 2223 3474 2276 ad
3507 2225 3716 2278 modum

2124 2315 2369 2385 corporis.
2403 2313 2478 2368 De
2506 2314 2609 2368 isto
2638 2328 2766 2383 ergo
2790 2313 2883 2368 tali
2909 2329 3133 2384 corpore
3151 2356 3167 2381 ,
3198 2315 3265 2370 de
3293 2314 3451 2385 hujus
3473 2320 3717 2386 corporis

2124 2415 2271 2462 tanta
2297 2405 2575 2474 facilitate,
2602 2414 2748 2461 tanta
2777 2406 3079 2473 celeritate,
3116 2416 3260 2461 tanta
3287 2409 3517 2463 sanitate
3537 2450 3552 2475 ,
3578 2409 3718 2463 nihil

2126 2507 2328 2553 temere
2364 2512 2428 2553 ac
2455 2506 2841 2568 praesumenter
2868 2499 3091 2555 deﬁnire
3119 2499 3312 2555 audeat
3342 2501 3572 2556 humana
3607 2501 3718 2556 ira-

2126 2590 2317 2662 gilitas.
2345 2589 2541 2658 Quales
2568 2590 2767 2646 erimus
2787 2632 2803 2658 ,
2833 2590 3063 2646 sciemus
3088 2605 3210 2647 cum
3228 2591 3516 2671 fuerimus.
3546 2597 3719 2649 Ante-

2125 2697 2284 2753 quam
2309 2683 2493 2750 simus,
2523 2682 2793 2739 temerarii
2817 2696 2923 2738 non
2944 2683 3133 2751 simus,
3152 2698 3220 2739 ne
3245 2682 3375 2739 illud
3395 2700 3499 2739 non
3522 2685 3714 2740 simus.

2127 2776 2328 2845 Quaerit
2353 2776 2639 2847 aliquando
2680 2776 2912 2831 humana
2958 2777 3273 2853 curiositas,
3306 2784 3360 2832 et
3403 2776 3532 2832 dicit
3570 2777 3716 2831 sibi:

2126 2868 2360 2925 Putasne
2386 2883 2484 2940 per
2509 2868 2639 2925 illud
2668 2868 2942 2940 spirituale
2970 2884 3162 2940 corpus
3186 2868 3485 2924 videbimus
3510 2869 3677 2924 Deum
3694 2870 3719 2922 ?

2126 2961 2244 3018 Cito
2269 2961 2484 3032 quidem
2512 2962 2826 3033 responderi
2866 2970 3044 3034 potest
3071 2980 3085 3017 :
3116 2962 3175 3018 In
3222 2962 3343 3019 loco
3367 2954 3721 3018 non‘videtur

2125 3052 2301 3117 Deus,
2333 3068 2431 3124 per
2460 3062 2639 3125 partes
2664 3069 2771 3110 non
2801 3054 3009 3111 videtur
3053 3055 3225 3121 Deus,
3258 3056 3445 3127 spatiis
3486 3054 3720 3111 diffusus

2125 3145 2531 3217 intervallisque
2559 3155 2838 3218 separatus
2863 3162 2970 3203 non
3007 3147 3218 3204 videtur
3256 3148 3417 3204 Deus.
3462 3147 3719 3215 Quamvis

2125 3236 2345 3307 impleat
2367 3238 2560 3293 calum
2585 3248 2637 3293 et
2683 3248 2912 3304 terram,
2947 3253 3055 3295 non
3105 3239 3228 3295 ideo
3257 3247 3439 3295 tamen
3463 3238 3718 3295 dimidius

2125 3340 2207 3388 est
2230 3332 2285 3387 in
2304 3332 2442 3388 caelo
2464 3372 2478 3400 ,
2500 3331 2756 3389 dimidius
2784 3334 2838 3389 in
2860 3343 3025 3389 terra.
3051 3332 3184 3389 Nam
3214 3348 3308 3389 aer
3327 3333 3427 3389 iste
3454 3333 3501 3389 si
3530 3333 3721 3404 implet

2124 3424 2319 3481 caelum
2342 3432 2397 3480 et
2419 3432 2653 3492 terram;
2682 3441 2807 3497 pars
2831 3425 2947 3497 ejus
2975 3442 3095 3498 qua:
3123 3426 3178 3482 in
3202 3426 3339 3483 ctelo
3358 3435 3468 3493 est,
3499 3441 3606 3481 non
3635 3434 3720 3481 est

2124 3521 2180 3576 in
2209 3530 2369 3575 terra.
2415 3520 2483 3575 Et
2523 3520 2779 3592 quidquid
2821 3537 2957 3592 aqua
3001 3521 3222 3592 implet,
3269 3520 3456 3591 implet
3497 3518 3717 3591 quidem

2123 3613 2352 3682 spatium
2383 3628 2490 3683 quo
2517 3614 2759 3683 capitur;
2787 3614 2881 3669 sed
2909 3614 3128 3669 dimidia
3152 3622 3235 3669 est
3262 3614 3316 3669 in
3344 3613 3563 3669 dimidio
3590 3628 3719 3684 spa-

2123 3705 2199 3761 tio
2217 3746 2231 3770 ,
2263 3705 2479 3761 dimidia
2509 3705 2564 3760 in
2583 3706 2688 3761 alio
2711 3705 2931 3761 dimidio
2951 3747 2966 3773 ,
2996 3715 3104 3761 tota
3134 3707 3186 3761 in
3209 3715 3341 3762 toto.
3368 3706 3484 3761 Non
3505 3714 3589 3762 est
3610 3707 3721 3762 tale

2123 3799 2322 3871 aliquid
2345 3800 2505 3855 Deus.
2533 3800 2645 3855 Hoc
2666 3802 2885 3857 omnino
2908 3802 3016 3856 noli
3043 3801 3303 3867 dubitare,
3330 3801 3581 3873 quoniam
3606 3817 3716 3856 non

2122 3902 2207 3947 est
2232 3906 2427 3962 corpus
2472 3894 2631 3948 Deus.
2660 3893 2764 3949 Per
2791 3896 2958 3965 spatia
2990 3894 3242 3962 diﬂ'undi,
3274 3895 3405 3950 locis
3433 3895 3585 3963 capi,
3615 3893 3718 3949 ha-

2121 3985 2250 4042 bere
2279 3995 2457 4056 partes
2480 3986 2726 4043 dimidias
2747 4031 2763 4055 ,
2795 3990 3015 4055 tertias,
3045 3996 3260 4059 quartas
3282 4030 3297 4055 ,
3324 3997 3490 4052 totas,
3522 4001 3722 4056 corpo-

2121 4093 2239 4133 rum
2272 4079 2542 4149 proprium
2570 4088 2673 4135 est.
2701 4080 2839 4134 Nihil
2871 4081 2975 4135 tale
3006 4080 3175 4144 Deus;
3206 4078 3325 4149 quia
3354 4079 3547 4147 ubique
3573 4087 3721 4132 totus

2122 4172 2265 4228 Deus
2297 4188 2311 4225 :
2344 4186 2449 4227 non
2478 4172 2605 4226 alibi
2632 4172 2916 4237 dimidius,
2947 4182 3001 4227 et
3037 4172 3164 4227 alibi
3208 4172 3310 4226 alio
3337 4170 3559 4225 dimidio
3589 4186 3721 4225 con-

2122 4264 2371 4329 stitutus;
2417 4264 2510 4320 sed
2541 4265 2735 4334 ubique
2764 4274 2926 4319 totus.
2961 4264 3148 4334 Implet
3176 4264 3367 4318 omium
3389 4274 3443 4317 et
3472 4272 3671 4317 terram
3700 4280 3715 4315 :

2122 4358 2218 4415 sed
2245 4368 2387 4414 totus
2414 4368 2497 4414 est
2521 4360 2573 4413 in
2594 4360 2732 4414 caelo
2751 4399 2765 4425 ,
2792 4367 2935 4413 totus
2958 4359 3010 4412 in
3037 4356 3296 4412 terra.‘1n
3324 4357 3576 4426 principio
3608 4367 3719 4410 erat

2131 4450 2368 4506 Verbum.
2394 4451 2463 4507 Ut
2486 4452 2646 4508 etiam
2672 4451 2739 4506 de
2762 4451 2877 4521 ipso
2898 4450 3033 4505 Filio
3053 4451 3154 4505 hoc
3181 4449 3320 4505 idem
3342 4449 3527 4503 audias
3543 4490 3558 4513 ,
3590 4450 3717 4519 quia

2122 4552 2175 4599 et
2223 4544 2391 4599 Filius
2435 4560 2557 4599 cum
2609 4544 2768 4599 Patre
2800 4558 2937 4599 unus
2980 4553 3065 4599 est
3094 4544 3283 4599 Deus:
3327 4558 3434 4597 non
3494 4541 3717 4610 aequalis

2121 4638 2295 4703 mole,
2341 4637 2434 4693 sed
2464 4638 2757 4693 divinitate.
2805 4636 2871 4691 In
2921 4638 3169 4707 principio
3215 4646 3321 4690 erat
3379 4633 3624 4698 Verbum,
3668 4644 3714 4687 et

2130 4728 2345 4784 Verbum
2367 4740 2473 4784 erat
2510 4732 2648 4802 apud
2690 4730 2851 4785 Deum
2873 4770 2889 4797 ,
2935 4739 2981 4785 et
3033 4728 3166 4784 Deus
3188 4738 3293 4783 erat
3331 4728 3546 4782 Verbum
3575 4742 3594 4780 :
3623 4727 3717 4778 hoc

2122 4833 2227 4878 erat
2252 4825 2303 4877 in
2336 4824 2583 4895 principio
2610 4824 2749 4894 apud
2778 4822 2960 4877 Deum.
3018 4820 3204 4876 Omnia
3231 4838 3321 4890 per
3364 4821 3530 4889 ipsum
3578 4821 3717 4889 facta

2120 4924 2257 4983 sunt,
2285 4924 2330 4969 et
2355 4916 2462 4969 sine
2502 4916 2611 4985 ipso
2650 4919 2843 4986 factum
2885 4923 2959 4969 est
2983 4914 3131 4968 nihil.
3163 4913 3231 4968 Et
3255 4912 3412 4983 paulo
3442 4920 3596 4980 post,
3651 4909 3714 4962 Et

2121 5009 2211 5063 tua:
2240 5008 2370 5062 lucet
2392 5008 2447 5060 in
2467 5006 2678 5061 tenebris
2706 5005 2882 5076 (Joan.
2915 5022 2954 5072 1,
2988 5006 3131 5075 1-5).
3161 5005 3265 5060 Iste
3292 5002 3598 5073 unigenitus
3631 5010 3714 5055 to-

2123 5110 2208 5155 tus
2235 5115 2457 5155 manens
2486 5099 2624 5170 apud
2654 5101 2887 5163 Patrem,
2916 5107 3062 5154 totus
3092 5099 3233 5153 lucet
3254 5099 3305 5150 in
3337 5096 3605 5159 tenebris,
3638 5104 3717 5147 to-

2122 5203 2206 5250 tus
2233 5195 2283 5249 in
2333 5195 2472 5250 coelo
2495 5237 2509 5262 ,
2556 5204 2696 5249 totus
2726 5195 2778 5248 in
2807 5203 2978 5261 terra,
3009 5201 3152 5248 totus
3178 5191 3229 5245 in
3276 5190 3520 5261 Virgine,
3571 5197 3717 5241 totus

2121 5288 2174 5344 in
2215 5287 2442 5352 infante;
2484 5302 2591 5341 non
2616 5286 2839 5342 alternis
2862 5285 3189 5357 temporibus
3218 5294 3465 5353 tanquam
3494 5280 3562 5336 de
3595 5279 3715 5334 loco

2119 5379 2188 5435 ad
2217 5380 2389 5435 locum
2421 5378 2713 5449 migrando.
2741 5378 2874 5432 Nam
2905 5386 2958 5431 et
2987 5387 3042 5431 tu
3064 5385 3204 5431 totus
3230 5390 3289 5430 es
3316 5374 3367 5428 in
3394 5372 3556 5428 domo
3584 5382 3707 5437 tua,

2121 5484 2175 5531 et
2201 5484 2343 5531 totus
2370 5474 2423 5529 in
2450 5473 2674 5530 ecclesia
2705 5490 2718 5527 :
2746 5471 2840 5528 sed
2868 5470 3082 5541 quando
3108 5470 3163 5525 in
3207 5468 3465 5535 ecclesia,
3494 5482 3604 5522 non
3659 5465 3715 5517 in

2122 5566 2282 5623 domo
2313 5576 2434 5632 tua;
2464 5565 2675 5637 quando
2697 5565 2749 5620 in
2778 5564 2938 5620 domo
2964 5562 3209 5631 tua,"non
3237 5562 3289 5617 in
3312 5560 3560 5616 ecclesia.
3593 5556 3712 5613 Non

2120 5678 2249 5734 ergo
2278 5663 2367 5718 ille
2405 5662 2481 5718 sic
2520 5670 2663 5717 totus
2696 5660 2748 5715 in
2794 5659 2965 5727 caelo,
3016 5667 3160 5716 totus
3187 5658 3240 5712 in
3289 5665 3463 5721 terra,
3490 5650 3712 5709 totusin

2123 5755 2367 5828 Virgine,
2414 5764 2553 5812 totus
2583 5754 2633 5810 in
2679 5752 2878 5810 infante
2929 5756 3012 5822 (ut
3038 5750 3181 5807 aliud
3221 5748 3352 5805 nihil
3380 5760 3710 5806 commemo-

2120 5847 2282 5921 rem),
2308 5846 2460 5921 quasi
2482 5846 2758 5916 migrando
2779 5846 2847 5906 de
2871 5844 3008 5904 caelo
3033 5846 3090 5903 in
3129 5852 3328 5902 terram
3348 5882 3362 5911 ,
3393 5841 3459 5900 de
3481 5850 3623 5899 terra
3653 5836 3708 5895 in
