4102 6326
387 355 542 416 .1965

402 472 673 546 Virginem
693 509 709 539 ,
732 468 802 528 de
827 468 1045 541 Virgine
1069 466 1123 523 in
1152 465 1439 534 infantem,
1480 461 1577 520 sed
1597 424 1793 535 ubique
1830 424 2017 517 Simul?

401 572 569 621 totus.
598 562 713 618 Non
740 550 1213 638 enimtquasigaqua
1233 549 1552 621 refunditur,
1572 564 1663 611 aut
1686 553 1834 626 quasi
1853 561 1995 609 terra

408 656 681 713 molimine
702 636 978 726 separatur
994 636 1160 724 atque
1188 638 1529 706 transfertur.
1543 647 1765 718 Quando
1785 656 1925 703 totus
1941 647 1994 702 in

404 756 547 806 terra
575 756 659 804 est
674 742 699 814 ,
714 734 909 803 ctelum
942 759 1050 801 nou
1076 733 1312 800 deserit:
1340 740 1435 798 sed
1459 752 1513 798 et
1533 756 1652 814 cum
1676 741 1870 796 coelum
1893 738 1996 793 im-

403 841 542 913 plet,
577 856 606 896 a
634 813 772 896 terra
796 855 903 895 non
927 838 1148 894 recedit.
1178 837 1392 907 Attingit
1411 813 1553 892 enini
1583 852 1615 889 a
1637 836 1739 905 ﬁne
1757 850 1912 905 usque
1931 833 1999 887 ad

403 927 564 1005 ﬁnem'
583 920 778 1003 fortiter
792 922 817 998 ,’
836 943 880 988 et
906 933 1128 999 disponit
1176 931 1347 986 omnia
1375 931 1593 985 suaviter
1614 928 1887 1000 (Sap.vm,
1919 926 1996 999 ι).

396 1030 397 1035 “
472 1027 700 1093 CAPUT
737 1027 879 1084 XIV.
907 1059 980 1069 —
1009 1028 1095 1082 14.
1126 1025 1187 1082 Si
1216 1009 1303 1096 per
1323 1041 1508 1095 corpus
1538 1023 1800 1093 spirituale
1841 1022 1997 1075 videri

403 1123 559 1193 possit
603 1122 880 1177 substantia
907 1137 1022 1194 quae
1068 1137 1170 1175 non
1210 1120 1404 1173 videtur
1430 1117 1483 1171 in
1514 1115 1622 1169 loco
1643 1158 1657 1179 ,
1690 1114 1859 1167 adimo
1912 1115 1997 1167 in-

403 1226 734 1285 compertum.
773 1215 829 1271 Si
858 1231 984 1285 ergo
1011 1213 1359 1269 substantiam
1382 1253 1396 1277 ,
1429 1224 1547 1280 quae
1574 1224 1678 1262 non
1704 1207 1915 1261 videtur
1943 1207 1995 1261 in

401 1308 539 1371 loco,
569 1316 818 1377 poterunt
845 1307 928 1361 vel
974 1316 1097 1360 tunc
1125 1302 1433 1370 corporales
1461 1300 1599 1355 oculi
1627 1299 1810 1354 videre
1829 1341 1843 1364 ,
1876 1314 1996 1353 cum

402 1399 559 1455 fuerit
588 1416 783 1469 corpus
805 1400 1109 1470 spirituale;
1140 1399 1181 1451 si
1214 1404 1461 1467 poterunt
1486 1394 1661 1464 aliqua
1687 1393 1739 1447 vi
1766 1393 1994 1459 occulta,

396 1494 573 1571 aliqua
618 1493 669 1547 vi
720 1494 994 1563 inexperta
1039 1502 1094 1547 et
1124 1503 1342 1561 prorsus
1393 1487 1697 1558 incognita,
1745 1500 1846 1541 nec
1892 1484 1998 1540 ulla

402 1587 756 1642 aestimatione
788 1594 1069 1658 percepta,
1111 1584 1155 1639 si
1203 1590 1484 1654 poterunt,
1531 1579 1757 1651 possint.
1818 1578 1997 1632 Oculis

398 1681 538 1736 enim
566 1680 809 1734 videmus
828 1722 842 1745 ,
872 1695 976 1732 non
1001 1678 1195 1733 nostris
1217 1675 1383 1731 oculis
1412 1672 1732 1727 invidemus.
1766 1671 1996 1725 Tantum

397 1787 504 1827 non
530 1787 788 1827 conemur
824 1771 991 1827 Deum
1038 1769 1329 1840 perducere
1373 1766 1437 1821 ad
1465 1768 1644 1821 locum
1664 1806 1678 1829 ,
1709 1779 1817 1819 non
1837 1778 1997 1819 cone-

397 1850 518 1920 mur
551 1867 712 1919 Deum
743 1848 1012 1919 includere
1044 1864 1093 1917 in
1121 1864 1257 1927 loco,
1286 1876 1392 1915 non
1419 1873 1676 1913 conemur
1708 1857 1871 1911 Deum
1902 1871 1999 1928 per

397 1960 569 2028 Spatia
602 1959 837 2012 locorum
891 1957 1041 2026 quasi
1085 1955 1261 2025 aliqua
1317 1953 1461 2007 mole
1509 1949 1839 2013 diffundere;
1889 1964 1996 2002 non

396 2053 684 2107 audeamus
705 2051 827 2119 hoc,
852 2066 959 2105 non
984 2050 1295 2120 cogitemus.
1327 2043 1838 2101 Maneatsubstantia
1862 2041 1998 2096 divi-

398 2146 579 2203 nitatis
602 2147 652 2200 in
676 2161 772 2200 sua
794 2152 847 2199 et
871 2144 1080 2213 propria
1105 2141 1377 2212 dignitate.
1408 2139 1516 2194 Nos
1542 2145 1708 2203 certe,
1731 2151 1887 2205 quam
1920 2134 1996 2206 (a)

395 2236 716 2310 possumus,
759 2237 813 2291 in
843 2235 1032 2290 melius
1063 2243 1331 2288 mutemus
1354 2273 1369 2299 ,
1389 2226 1392 2230 ’
1415 2246 1521 2286 non
1570 2230 1739 2284 Deum
1766 2230 1817 2283 in
1845 2228 1995 2283 dcte-

396 2331 511 2386 rius
540 2336 975 2385 commutemus.
1022 2326 1250 2381 Maxime
1298 2324 1420 2394 quia
1468 2322 1746 2378 deﬁnitum
1796 2319 1996 2389 aliquid

393 2404 520 2478 inde
584 2422 638 2476 in
691 2420 981 2489 Scriptura
1021 2433 1129 2472 non
1200 2416 1541 2482 invenimus,
1597 2421 1689 2467 aut
1758 2411 1997 2465 nondum

377 2515 716 2571 invenimus.
783 2512 919 2567 Nam
976 2525 1149 2582 neque
1217 2509 1319 2565 hoc
1391 2498 1587 2563 audeo
1630 2519 1994 2575 praesumere,

398 2610 505 2666 non
558 2614 613 2663 in
664 2623 728 2663 ea
755 2621 875 2662 esse
910 2604 1052 2676 quod
1108 2604 1279 2658 valeat
1322 2600 1570 2657 inveniri.
1603 2600 1709 2653 Aut
1738 2612 1844 2653 non
1893 2605 1994 2665 est,

398 2712 489 2756 aut
537 2700 692 2765 latet,
727 2707 820 2752 aut
866 2712 954 2752 me
1002 2697 1149 2751 latet.
1182 2695 1239 2751 Si
1276 2694 1403 2764 quid
1433 2694 1487 2748 in
1534 2692 1844 2747 alterutram
1876 2705 1998 2760 par-

403 2802 509 2848 tem
557 2790 790 2862 potuerit
845 2789 912 2844 ab
955 2788 1134 2859 aliquo
1178 2786 1436 2852 inveniri,
1490 2782 1717 2839 libenter
1760 2781 1995 2850 accipio,

400 2895 456 2943 et
502 2901 587 2941 me
629 2868 943 2939 instructum
1000 2882 1104 2937 nisi
1148 2880 1346 2951 gratias
1386 2894 1585 2949 egero,
1641 2891 1746 2931 non
1793 2874 1999 2929 homini

403 2980 633 3055 dicenti,
685 2978 778 3033 sed
832 2977 880 3031 ei
930 2974 1027 3046 qui
1080 2989 1176 3045 per
1212 2973 1484 3027 hominem
1527 2970 1715 3035 docet,
1760 2970 1998 3038 ingratus

401 3071 716 3133 ero.,Absit
764 3078 939 3126 autem
986 3076 1043 3123 ut
1098 3067 1251 3123 dator
1307 3065 1523 3136 gratiae,
1573 3077 1661 3117 me
1703 3075 1824 3117 esse
1875 3075 1999 3130 per-

401 3167 575 3222 mittat
614 3166 897 3235 ingratum.
931 3162 1043 3217 Hoc
1095 3168 1301 3215 tantum
1344 3158 1500 3225 dico,
1553 3156 1676 3226 quia
1711 3152 1853 3209 oculi
1908 3150 1999 3222 qui

401 3246 497 3330 per
532 3256 810 3312 intervalla
853 3256 1093 3310 locorum
1137 3251 1319 3306 vident
1353 3247 1496 3320 quod
1542 3246 1757 3310 vident,
1789 3243 1843 3299 id
1873 3250 1956 3298 est
1978 3284 1995 3313 ,

402 3360 459 3406 ut
479 3351 704 3420 spatium
732 3350 800 3403 sit
837 3349 975 3403 inter
999 3345 1267 3400 videntem
1287 3386 1303 3410 ,
1341 3350 1395 3397 et
1415 3340 1540 3395 illud
1581 3337 1722 3409 quod
1750 3336 1992 3403 videtur;

402 3442 556 3497 aliter
574 3442 715 3497 enim
740 3439 825 3494 isti
846 3438 986 3493 oculi
1007 3453 1113 3493 nou
1135 3435 1319 3490 vident
1341 3451 1353 3463 δ
1382 3448 1505 3487 nam
1525 3432 1569 3486 si
1593 3430 1661 3485 ab
1690 3430 1768 3485 eis
1794 3426 1997 3499 aliquid

403 3537 629 3592 multum
669 3535 722 3589 in
764 3534 1056 3604 longinquo
1098 3528 1425 3593 removeris,
1476 3525 1597 3580 ideo
1640 3538 1749 3579 non
1776 3522 1995 3589 vident,

404 3632 527 3701 quia
552 3629 683 3684 radii
710 3627 778 3681 ad
804 3627 958 3697 longe
998 3625 1169 3695 posita
1198 3637 1301 3676 non
1328 3618 1679 3690 perveniunt;
1730 3617 1777 3669 si
1818 3625 1997 3670 autem

402 3722 469 3777 ad
493 3735 586 3776 eos
624 3718 820 3788 aliquid
852 3716 1203 3788 propinquius
1229 3710 1560 3777 admoveris,
1608 3708 1708 3762 nisi
1736 3708 1803 3761 sit
1834 3708 1999 3761 inter-

402 3815 601 3871 vallum
647 3809 859 3881 aliquod
908 3810 1045 3865 inter
1071 3807 1256 3863 oculos
1298 3803 1527 3859 videntis
1557 3809 1613 3856 et
1635 3814 1830 3869 corpus
1854 3798 1997 3869 quod

402 3908 645 3971 videtur,
682 3904 848 3959 videri
874 3901 1095 3956 omnino
1138 3914 1245 3954 non
1292 3904 1494 3967 potest;
1548 3909 1672 3948 nam
1701 3892 1745 3947 si
1779 3891 1996 3962 propius

401 3998 736 4058 admovendo
766 3998 948 4052 oculos
974 3998 1139 4066 ipsos,
1167 3993 1360 4064 quibus
1388 3989 1587 4061 aliquid
1609 3988 1838 4054 videtur,
1869 4002 1998 4043 con-

401 4096 574 4166 tingas
595 4135 608 4159 ,
636 4091 845 4163 perdito
865 4090 1038 4159 spatio
1063 4087 1324 4143 amittitur
1361 4083 1496 4138 visio
1524 4100 1537 4137 :
1569 4082 1671 4136 hoc
1697 4096 1823 4152 ergo
1849 4079 1991 4146 dico,

402 4187 653 4258 quoniam
681 4184 810 4237 tales
836 4181 996 4249 oculi,
1029 4181 1117 4252 qui
1141 4178 1350 4233 nonnisi
1370 4192 1466 4247 per
1493 4174 1768 4230 intervalla
1794 4179 1849 4228 et
1871 4187 1995 4242 spa-

401 4281 470 4335 tia
500 4279 741 4333 locorum
764 4271 1217 4344 videntquidquid
1243 4269 1453 4335 vident,
1483 4280 1739 4323 necnunc
1770 4271 1997 4334 possunt

402 4373 583 4429 videre
610 4373 807 4437 Deum,
841 4384 942 4424 nec
971 4376 1098 4423 tunc
1139 4372 1427 4435 poterunt,
1468 4360 1590 4432 quia
1641 4360 1730 4415 ille
1777 4373 1883 4413 non
1911 4365 1995 4413 est

402 4467 624 4521 inloco.
656 4464 762 4518 Aut
790 4476 917 4532 ergo
945 4458 1086 4514 aliud
1116 4456 1217 4513 erit
1253 4453 1395 4526 quod
1438 4451 1621 4507 videre
1660 4450 1896 4520 possint,
1941 4455 1996 4503 et

404 4557 543 4628 quod
572 4558 622 4612 in
655 4557 772 4610 loco
800 4552 969 4608 videri
997 4566 1104 4605 non
1135 4556 1308 4620 potest
1338 4564 1350 4600 :
1380 4554 1473 4601 aut
1504 4544 1549 4599 si
1579 4541 1814 4626 manebit
1838 4541 1892 4594 in
1914 4539 1995 4595 eis

404 4664 513 4705 non
543 4662 698 4718 posse
734 4646 916 4701 videre
940 4644 1043 4699 nisi
1072 4643 1126 4697 in
1165 4641 1283 4695 loco
1303 4680 1317 4706 ,
1345 4632 1453 4693 non
1477 4623 1740 4692 videbunt.
1754 4647 1877 4689 eum
1903 4630 1995 4704 qui

404 4754 513 4794 nou
536 4746 617 4791 est
641 4737 693 4791 in
722 4736 863 4790 loco.

473 4828 698 4886 CAPUT
725 4826 842 4883 XV.
859 4855 930 4866 —
949 4825 1035 4881 15.
1059 4823 1137 4878 De
1163 4838 1371 4895 corpore
1393 4820 1668 4893 spirituali,
1698 4818 1857 4894 deque
1872 4817 1995 4873 invi-

409 4922 541 4978 sibili
562 4920 659 4975 Dei
685 4926 867 4973 natura
881 4916 1004 4988 quid
1020 4916 1135 4987 jam
1159 4923 1369 4968 certum.
1394 4913 1507 4968 Hoc
1532 4921 1710 4967 autem
1738 4911 1910 4966 donec
1928 4908 1997 4965 de

408 5012 669 5087 spirituali
710 5025 936 5082 corpore
981 5008 1283 5081 diligentius
1330 5006 1664 5077 requiratur,
1712 5003 1853 5075 quod
1902 5012 1995 5058 aut

410 5106 738 5176 intelligatur
775 5111 865 5176 aut
909 5108 1054 5157 recte
1081 5100 1345 5165 credatur,
1379 5108 1653 5153 teneamus
1682 5109 1876 5167 corpus
1904 5110 1994 5150 re-

409 5205 809 5261 surrecturum,
842 5171 1137 5249 Lteneamus
1200 5190 1427 5246 formam
1488 5188 1728 5258 corporis
1790 5186 1994 5253 nostri,

409 5290 549 5345 hanc
597 5288 849 5354 futuram,
899 5300 1059 5356 quam
1102 5283 1185 5339 vel
1235 5281 1479 5338 Christus
1521 5280 1780 5346 exhibuit,
1810 5279 1895 5334 vel
1940 5278 1994 5333 in

409 5380 619 5437 occulto
649 5380 911 5450 promisit.
958 5376 1255 5432 Teneamus
1294 5389 1489 5445 corpus
1525 5372 1800 5443 spirituale
1847 5369 1993 5426 iutu-

410 5489 549 5540 rum,
600 5486 709 5529 non
757 5471 1005 5537 animale,
1040 5471 1176 5526 sicut
1204 5484 1342 5525 nunc
1382 5478 1482 5525 est.
1533 5466 1824 5522 Evidenter
1851 5465 1995 5521 enim

408 5583 721 5640 expressum
749 5577 851 5634 est,
894 5576 949 5623 et
989 5566 1281 5623 contradici
1312 5580 1418 5620 non
1446 5572 1620 5635 potest
1652 5582 1665 5618 :
1698 5562 1993 5618 Sentinatur

406 5678 590 5732 corpus
610 5662 846 5729 animale,
865 5670 1087 5734 resurget
1102 5677 1284 5731 corpus
1298 5660 1561 5732 spirituale
1577 5657 1619 5729 (l
1631 5656 1747 5713 Cor.
1766 5673 1856 5725 xv,
1877 5658 1970 5727 M)
1982 5696 1995 5712 .

407 5754 706 5812 Teneamus
734 5754 942 5811 Patrem
970 5763 1026 5813 et
1056 5755 1251 5812 Filium
1280 5762 1338 5812 et
1355 5752 1606 5825 Spiritum
1633 5760 1873 5808 sanctum
1902 5765 1996 5808 na-

469 5858 545 5912 ta)
575 5859 734 5908 Forte.
757 5864 882 5907 cum.
968 5916 971 5917 ν

1730 340 1979 440 issauo
2008 339 2363 440 rccuxvu.
2416 408 2421 413 ,

3548 328 3694 422 ἕ²⁶⁶
3762 366 3764 368 ν

2111 468 2227 515 tura
2255 460 2489 543 propria,
2525 460 2817 543 substantia
2846 462 3081 534 propria,
3111 462 3311 537 pariter
3336 469 3392 521 et
3419 466 3703 538 aequaliter

2107 565 2225 607 esse
2272 542 2625 620 invisibilem,
2645 555 2767 626 quia
2808 542 3012 631 pariter
3037 542 3403 627 et'tequaliter
3429 542 3698 617 Credimus

2107 645 2486 729 immortalem,
2534 644 2755 718 pariter"
2784 639 2839 704 et
2881 649 3156 720 aequaliter
3203 649 3470 707 credimus
3517 652 3698 709 ineor-

2106 736 2435 807 ruptibilem.
2469 738 2588 794 Uno
2615 729 2791 796 autem
2820 730 2939 796 loco
2975 742 3134 796 simul
3166 742 3279 798 haec
3322 745 3502 814 posuit
3549 747 3698 817 Apo-

2107 830 2275 885 stolus
2302 822 2337 883 H:
2380 831 2509 903 Regi
2551 842 2716 887 autem
2752 835 3070 900 surculorum,
3102 836 3398 904 immortali,
3445 838 3701 904 invisibili,

2107 914 2498 996 incorruptibili,
2532 927 2628 979 soli
2652 926 2782 994 Deo,
2817 930 2978 982 honor
2998 936 3042 982 et
3069 929 3232 1001 gloria
3251 930 3304 984 in
3325 918 3515 984 stecula
3534 946 3702 986 διτοκ-

2110 1018 2481 1072 lorum.Amen
2514 1016 2556 1092 (l
2573 1017 2705 1072 Tim.
2734 1036 2771 1086 ι,
2793 1020 3061 1090 l7).Deus
3082 1022 3249 1088 solus,
3277 1022 3435 1077 Pater
3454 1031 3509 1078 et
3534 1022 3703 1080 Filius

2107 1118 2158 1165 et
2197 1109 2431 1181 Spiritus
2486 1102 2731 1174 sanctus,
2754 1111 3091 1181 immortalis,
3124 1110 3422 1180 invisibilis,
3455 1115 3702 1171 incorru-

2107 1190 2355 1274 ptibilis":
2388 1216 2493 1256 non
2542 1201 2703 1256 modo
2742 1201 3041 1271 invisibilis,
3090 1212 3145 1259 et
3195 1214 3379 1275 postea
3428 1205 3699 1273 visibilis;

2106 1294 2228 1364 quia
2276 1282 2384 1349 non
2432 1286 2591 1349 modo
2634 1282 3093 1362 incorruptibilis,
3124 1306 3179 1352 et
3207 1305 3389 1367 postea
3437 1298 3702 1369 corrupti-

2106 1386 2248 1440 bilis.
2294 1386 2443 1441 Sicut
2487 1387 2802 1442 immortalis
2846 1403 3076 1458 semper,
3122 1390 3259 1445 sicut
3287 1390 3705 1462 incorruptibilis

2106 1494 2318 1549 semper
2345 1497 2359 1546 ;
2384 1482 2451 1534 ita
2498 1489 2552 1535 et
2582 1480 2859 1536 invi'sibilis
2905 1497 3136 1553 semper.
3165 1484 3219 1539 Si
3256 1494 3490 1541 mutatur
3516 1486 3704 1541 invisi-

2105 1570 2303 1640 bilitas,
2349 1572 2691 1628 metuendum
2741 1582 2821 1629 est
2890 1589 2958 1629 ne
2994 1580 3248 1630 'mutetur
3304 1578 3699 1635 immortalitas.

2104 1663 2263 1727 Puto,
2306 1674 2585 1735 propterea
2632 1667 2748 1737 ipse
2775 1667 3065 1737 Apostolus
3095 1668 3410 1724 invisibilem
3441 1672 3492 1725 in
3526 1673 3702 1727 medio

2105 1758 2321 1827 posuit,”
2363 1759 2504 1814 inter
2565 1761 2920 1816 immortalem
2975 1770 3028 1817 et
3094 1748 3569 1831 incorruptibilem.
3628 1767 3704 1820 De

2104 1864 2209 1919 quo
2253 1850 2447 1921 ambigi
2497 1861 2735 1921 poterat,
2782 1869 2849 1908 ne
2900 1837 3081 1924 posset
3134 1855 3325 1921 everti,
3360 1871 3425 1910 ex
3474 1866 3703 1928 utroque

2105 1939 2272 1994 latere
2290 1943 2662 1996 communivit.

2172 2031 2400 2088 CAPUT
2455 2024 3013 2091 XVl.—Teneamus
3068 2037 3223 2091 istam
3274 2038 3703 2097 indeclinabilem

2103 2122 2514 2180 confessionem.
2555 2123 2672 2180 Non
2719 2135 2801 2181 est
2846 2128 3020 2182 simile
3073 2128 3343 2184 offendere
3393 2132 3444 2184 in
3490 2142 3703 2187 creatu-

2104 2231 2238 2281 ram,
2296 2216 2645 2273 ctoll‘endere
2690 2220 2743 2273 in
2808 2218 3138 2274 Creatorem.
3198 2219 3357 2276 Certe
3418 2224 3705 2293 qualitates

2103 2298 2467 2364 creaturarum
2510 2310 2822 2367 disserendo
2871 2327 3193 2382 quaeramus,
3246 2322 3301 2368 et
3330 2314 3374 2369 si
3429 2315 3483 2369 in
3528 2316 3707 2386 aliquo

2103 2400 2371 2467 fallimur,
2422 2403 2475 2456 in
2520 2404 2662 2473 quod
2714 2410 3059 2473 pervenimus
3113 2406 3164 2459 in
3231 2421 3296 2461 eo
3344 2406 3703 2465 ambulemus.

2105 2492 2253 2548 Tunc
2302 2493 2445 2548 enim
2499 2495 2543 2549 si
2586 2495 2712 2565 quid
2766 2496 2935 2565 aliter;
2977 2496 3234 2567 sapimus,
3292 2506 3347 2553 et
3400 2499 3503 2555 hoc
3548 2500 3704 2557 nobis

2104 2586 2245 2641 Deus
2270 2586 2532 2642 revelabit
2557 2586 2817 2659 (Philipp.
2861 2605 2936 2657 ιιι,
2962 2590 3031 2645 l5
3062 2590 3199 2661 16,).
3242 2590 3404 2647 .Unde
3456 2593 3706 2649 hesterno

2102 2679 2190 2735 die
2219 2680 2418 2736 diutius
2438 2682 2845 2751 disputavimus
2864 2683 2961 2757 (a).
2989 2684 3136 2739 Beati
3174 2686 3548 2751 mundicordes,
3576 2703 3704 2758 quo-

2104 2775 2239 2828 niam
2267 2775 2365 2846 ipsi
2393 2775 2553 2829 Deum
2583 2778 2815 2831 uidebunt
2841 2778 3070 2849 (Matth.
3096 2796 3148 2844 ν,
3173 2781 3206 2835 8
3227 2780 3264 2851 ),
3304 2781 3412 2836 Nos
3444 2781 3707 2838 mundan-

2102 2868 2185 2923 dis
2224 2867 2478 2924 cordibus
2522 2870 2697 2925 modis
2727 2871 2977 2926 omnibus
3004 2873 3286 2940 instemus,
3317 2876 3461 2929 omni
3508 2884 3705 2931 conatu

2103 2960 2435 3032 invigilemus
2464 2978 2478 3028 ;
2510 2962 2656 3018 omni
2687 2978 2845 3033 prece
2868 3005 2882 3031 ,
2908 2974 3163 3035 quantum
3190 2980 3496 3036 possumus,
3538 2968 3706 3037 impe-

2104 3060 2331 3125 tremus,
2367 3064 2428 3112 ut
2472 3073 2566 3113 cor
2598 3059 2939 3114 mundemus.
2984 3060 3052 3114 Et
3097 3061 3141 3115 si
3170 3060 3237 3115 de
3268 3061 3350 3116 his
3381 3077 3499 3132 qum
3537 3062 3705 3116 forin-

2104 3164 2259 3207 secus
2302 3159 2423 3205 sunt
2469 3152 2765 3221 cogitamus
2792 3170 2805 3206 :
2832 3151 3103 3215 Mundate,
3132 3153 3225 3219 ait,
3258 3168 3371 3223 qua:
3399 3154 3535 3208 intus
3564 3161 3702 3222 sunt,

2103 3254 2149 3299 et
2190 3232 2302 3316 qua:
2331 3245 2460 3315 foris
2487 3255 2603 3300 sunt
2632 3245 2876 3300 mundata
2920 3256 3063 3300 erunt
3094 3245 3219 3317 (Id.
3256 3263 3416 3315 χχιιι,
3448 3246 3577 3319 ἓϐ).

2100 3352 2101 3355 ‘
2174 3337 2262 3393 16.
2310 3336 2453 3415 Υἱείο
2518 3336 2615 3391 Dei
2662 3355 2727 3391 an
2771 3339 2913 3391 carni
2961 3340 3228 3409 promissa.
3277 3339 3529 3394 'Salutare
3578 3338 3702 3408 Dei,

2104 3420 2330 3485 Christus
2353 3447 2441 3499 per
2462 3446 2662 3483 carnem
2683 3431 2945 3484 videbitur.
2971 3430 3202 3485 Christus
3215 3433 3267 3485 in
3280 3432 3481 3503 judicio
3509 3433 3705 3487 videbi-

2104 3532 2185 3575 tur
2203 3522 2265 3575 ab
2291 3522 2428 3575 omni
2445 3539 2612 3575 carne.
2637 3522 2906 3577 Fortassis
2920 3523 3077 3578 alicui
3106 3523 3350 3579 videatur
3373 3534 3477 3580 tam
3502 3527 3705 3581 clarum

2103 3627 2225 3669 esse
2243 3614 2604 3668 testimonium
2624 3614 2690 3669 de
2710 3630 2889 3679 carne,
2922 3631 3079 3685 quam
3108 3617 3175 3670 de
3205 3616 3367 3672 corde
3399 3620 3706 3687 :quiascri-

2104 3714 2251 3775 ptum
2290 3715 2391 3773 est,
2406 3705 2603 3761 Videbit
2633 3708 2794 3761 omnis
2819 3725 2939 3761 caro
2971 3708 3193 3763 salutare
3209 3707 3306 3762 Dei
3335 3694 3488 3782 (Luc.
3514 3727 3590 3774 Ill,
3623 3711 3701 3783 6).

2104 3797 2372 3852 Habemus
2391 3798 2457 3854 de
2477 3800 2638 3855 corde
2662 3799 3119 3855 evidentissimum
3150 3803 3534 3857 testimonium.
3558 3802 3705 3859 Beati

2103 3890 2499 3956 mundicordes,‘
2526 3894 2762 3962 quoniam
2798 3893 2897 3961 ipsi
2935 3893 3103 3947 Deum
3132 3878 3383 3947 videbunl.
3436 3895 3704 3951 Habemus

2102 3994 2157 4041 et
2187 3986 2255 4041 de
2282 4001 2461 4053 carne,
2501 3985 2695 4041 Videbit
2716 3976 2880 4042 omnis
2896 4005 3015 4043 caro
3056 3989 3278 4043 salutare
3298 3987 3415 4042 Dei.
3446 3989 3563 4045 Jam
3581 3990 3704 4061 quis

2101 4080 2367 4136 dubitaret
2394 4082 2649 4136 visionem
2675 4083 2767 4137 Dei
2790 4083 2937 4137 carni
2960 4098 3082 4137 esse
3100 4084 3438 4153 promissam,
3462 4086 3563 4139 nisi
3587 4100 3703 4140 mo-

2100 4182 2269 4240 veret,
2301 4164 2425 4243 quid
2452 4182 2535 4229 est
2556 4177 2785 4230 salutare
2802 4176 2896 4230 Det
2919 4177 2942 4229 ?
2969 4176 3081 4230 lmo
3102 4178 3222 4247 quia
3243 4192 3347 4231 non
3370 4185 3569 4244 movet,
3594 4194 3702 4235 non

2102 4266 2244 4322 enim
2276 4267 2421 4322 dubii
2471 4282 2700 4322 sumus:
2734 4268 2967 4323 salutare
3015 4270 3109 4323 Dei
3149 4268 3396 4324 Christus
3442 4271 3701 4327 Dominus

2101 4367 2203 4414 est.
2238 4358 2496 4414 Dominus
2539 4360 2718 4430 itaque
2764 4369 2946 4415 noster
2969 4360 3125 4416 Jesus
3155 4361 3399 4418 Christus
3434 4363 3479 4417 si
3506 4362 3557 4417 in
3585 4364 3701 4420 sola

2102 4450 2380 4506 divinitate
2409 4451 2704 4518 videretur,
2741 4468 2900 4508 nemo
2928 4453 3195 4509 dubitaret
3222 4469 3436 4511 carnem
3463 4456 3699 4513 visuram

2101 4558 2221 4599 esse
2256 4543 2606 4599 substantiam
2635 4544 2767 4609 Dei;
2797 4544 2919 4614 quia
2942 4585 2955 4608 ,
2998 4543 3191 4599 Videbit
3219 4546 3381 4600 omnis
3407 4562 3524 4601 caro
3546 4547 3692 4601 salu-
3732 4552 3735 4555 λ

2102 4643 2210 4689 tare
2228 4633 2345 4689 Dei.
2377 4633 2511 4703 Quia
2533 4649 2662 4690 vero
2692 4634 2947 4691 Dominus
2979 4624 3159 4691 uoster
3178 4636 3333 4713 Jesus
3356 4635 3622 4703 Christus,
3645 4646 3701 4696 et

2101 4728 2270 4785 oculis
2312 4728 2491 4784 cordis
2539 4729 2771 4795 mundis,
2826 4730 3099 4800 perfectis,
3157 4731 3267 4785 Deo
3310 4731 3480 4803 plenis
3528 4732 3700 4789 videri

2101 4829 2280 4893 potest
2321 4829 2576 4893 quantum
2625 4822 2814 4877 attinet
2865 4821 2933 4877 ad
2984 4822 3102 4891 ejus
3147 4820 3517 4889 divinitatem;
3551 4824 3699 4881 visus
3741 4850 3753 4873 κ

2101 4922 2185 4972 est
2221 4924 2400 4970 autem
2447 4923 2502 4970 et
2553 4914 2606 4970 in
2637 4929 2883 4985 corpore,
2933 4913 3227 4969 secundum
3256 4914 3396 4984 quod
3426 4893 3739 4986 scriptum‘

2102 5006 2204 5077 est,
2240 5008 2365 5062 Post
2392 5008 2498 5062 hcet:
2542 5009 2597 5063 in
2634 5010 2779 5063 terris
2821 5008 2956 5061 visus
3001 5016 3105 5074 est,
3154 5016 3199 5061 et
3243 5024 3356 5062 cum
3409 5009 3696 5065 hominibus

2103 5090 2423 5154 conversatus
2443 5109 2514 5155 est
2534 5099 2775 5172 (Baruch
2809 5115 2888 5166 Ill,
2921 5099 3029 5171 38)
3059 5116 3071 5152 :
3118 5100 3259 5155 unde
3285 5101 3397 5155 scio
3423 5102 3695 5171 quomodo

2101 5190 2300 5246 dictum
2345 5191 2433 5259 sit,
2473 5191 2671 5246 Videbit
2723 5192 2886 5246 omnis
2939 5208 3057 5247 caro
3098 5192 3323 5247 salutare
3368 5193 3515 5249 Dei?
3562 5194 3697 5265 Quia

2102 5283 2302 5340 videbit
2328 5283 2619 5349 Christum,
2652 5283 2852 5338 dictum
2880 5293 2982 5351 cst,
3020 5298 3179 5340 nemo
3216 5284 3444 5340 dubitet.

2173 5377 2397 5433 CAPUT
2436 5376 2801 5432 XVIl.—Sed
2833 5384 3008 5431 utrum
3048 5377 3099 5430 in
3145 5391 3369 5447 corpore
3408 5377 3695 5435 Dominum

2101 5466 2397 5537 Christum,
2444 5485 2510 5523 an
2541 5469 2679 5523 sicut
2722 5478 2828 5523 erat
2864 5471 2917 5523 in
2947 5470 3196 5540 principio
3236 5468 3470 5537 Verbum,
3495 5480 3541 5524 et
3570 5470 3696 5526 Ver-

2104 5563 2221 5618 bum
2240 5570 2345 5617 erat
2388 5560 2528 5630 apud
2559 5559 2737 5626 Deum,
2767 5569 2813 5615 et
2842 5560 2979 5614 Deus
3000 5570 3106 5614 erat
3144 5559 3381 5627 Verbum,
3414 5560 3540 5616 hinc
3581 5576 3697 5617 am-

2104 5655 2299 5727 bigitur
2324 5696 2339 5720 ,
2377 5653 2479 5707 hoc
2503 5654 2779 5724 quaeritur.
2810 5652 2929 5708 Noli
2972 5668 3056 5708 me
3086 5666 3274 5723 urgere
3317 5667 3422 5707 uno
3449 5652 3694 5709 testimo-

2107 5790 2366 5906 Mgzgugac
2383 5789 2449 5842 de
2470 5801 2529 5843 re
2549 5802 2701 5843 serm.
2723 5790 2787 5841 53
2806 5790 2858 5841 in
2877 5789 2959 5841 die
2980 5790 3125 5840 unius
3156 5788 3362 5853 Virginis
3382 5796 3546 5855 mart.,
3567 5787 3694 5876 forte
