4102 6326
431 342 569 410 ΙΞ69

428 467 597 525 sancti
626 463 875 536 martyris
902 459 1179 532 Stephani,
1212 454 1323 514 Sive
1352 457 1407 512 in
1447 454 1657 511 Caeteris
1696 450 2014 509 exhibendis

432 570 486 616 et
514 556 838 614 adducendis
864 555 928 609 ad
961 558 1208 625 poenam;
1256 560 1314 606 ut
1356 546 1513 605 nemo
1552 548 1619 604 de
1646 562 1703 603 se
1747 546 2016 615 deSperet,

431 655 519 727 qui
550 652 707 708 fuerit
732 649 940 721 magnis
966 648 1197 719 pec'catis
1228 636 1495 701 involutus
1517 686 1531 711 ,
1579 652 1633 699 et
1663 641 1870 712 magnis
1900 654 2018 694 sce-

434 744 632 803 leribus
670 742 905 798 irretitus
928 783 942 807 ,
974 739 1123 811 quasi
1150 736 1360 793 veniam
1393 744 1501 791 non
1543 735 1611 790 sit
1664 740 2015 803 accepturus,

432 841 476 895 si
502 850 792 895 contrersns
836 834 996 889 fuerit
1037 832 1101 887 ad
1146 848 1304 899 eum,
1336 830 1425 900 qui
1476 826 1714 899 pendens
1756 826 1810 879 in
1859 836 2020 878 cruce

432 932 601 987 oravit
630 945 724 1000 pro
754 926 1185 995 persecutoribus
1214 925 1400 978 dicens
1429 939 1441 975 :
1468 919 1641 985 Pater,
1664 920 1864 989 ignosce
1888 916 2016 984 illis,

432 1024 549 1093 quia
571 1022 794 1075 nesciunt
823 1020 944 1088 quid
970 1018 1163 1087 faciunt
1194 1014 1341 1087 (Luc.
1371 1029 1524 1078 χχιιι,
1559 1010 1675 1082 54).
1709 1000 1902 1064 Factus
1939 1016 2022 1062 est

432 1116 521 1171 ille
555 1130 620 1169 ex
665 1121 1003 1183 persecutore
1058 1109 1372 1179 praedicator
1420 1116 1473 1161 et
1512 1104 1699 1159 doctor
1745 1101 2016 1157 Gentium.

438 1225 458 1259 ι
497 1206 594 1261 Fui
638 1205 827 1275 primo,
849 1204 1036 1273 inquit,
1069 1201 1413 1270 blasphemus
1436 1204 1489 1253 et
1519 1205 1826 1267 persecutor
1863 1200 1917 1248 et
1940 1192 2023 1247 in-

433 1299 663 1356 iuriosus
694 1317 707 1353 :
732 1296 827 1353 sed
850 1296 969 1350 ideo
993 1293 1421 1349 misericordiam
1452 1297 1771 1345 consecutus
1792 1302 1932 1351 sum,
1962 1295 2021 1340 ut

434 1390 490 1445 in
516 1406 603 1446 me
642 1392 815 1461 primo
851 1387 1155 1444 ostenderet
1183 1387 1428 1442 Christus
1456 1384 1613 1440 Jesus
1644 1398 1857 1437 omnem
1901 1384 2019 1436 lon-

433 1477 838 1553 ganimitatem;
873 1482 937 1536 ad
962 1481 1388 1535 informationem
1424 1492 1609 1531 eorum
1645 1476 1732 1546 qui
1768 1472 2021 1530 credituri

435 1586 559 1632 sunt
582 1577 655 1631 illi
684 1578 734 1631 in
763 1578 923 1630 vitam
955 1585 1206 1631 aeternam
1236 1573 1278 1645 (Ι
1308 1572 1440 1628 Tim.
1482 1572 1611 1638 1,15
1644 1584 1687 1624 et
1712 1568 2021 1640 16).Gratia

433 1672 576 1726 enim
606 1671 699 1726 Dei
723 1670 856 1725 salvi
884 1669 1145 1726 efficimur
1169 1685 1196 1722 a
1224 1667 1454 1738 peccatis
1484 1666 1679 1721 nostris
1701 1706 1714 1729 ,
1745 1664 1796 1718 in
1828 1663 2021 1733 quibus

432 1758 775 1832 aegrotamus.
831 1761 1011 1828 Illius,
1062 1761 1203 1815 illius
1248 1758 1507 1813 medicina
1555 1763 1673 1819 est,
1725 1772 1841 1825 quae
1872 1760 2024 1807 sanat

434 1854 689 1910 animam.
722 1853 853 1908 Nam
897 1865 955 1909 se
982 1854 1094 1925 ipsa
1140 1853 1417 1907 vulnerare
1457 1849 1661 1920 potuit,
1693 1861 1883 1902 sanare
1914 1861 2021 1899 non

436 1949 625 2018 potuit.

508 2041 563 2094 2.
606 2040 885 2112 Egrotare
921 2051 965 2094 et
998 2040 1339 2094 convalescere
1379 2054 1478 2091 non
1516 2038 1654 2105 itaque
1683 2034 1827 2089 habet
1873 2032 2022 2085 homo

437 2131 489 2184 in
518 2140 775 2200 potestate.
807 2131 890 2184 Ex
914 2130 1069 2185 libera
1100 2130 1314 2183 hominis
1349 2129 1602 2182 voluntate
1628 2134 1792 2179 semen
1824 2123 2019 2176 mortis.

439 2222 667 2277 Medicus
695 2224 895 2293 proprie
923 2224 1050 2293 quis;
1107 2221 1343 2289 Namque
1386 2230 1437 2273 ct
1468 2218 1519 2271 iu
1571 2217 1685 2286 ipso
1714 2229 1938 2284 corpore
1970 2214 2023 2267 in

435 2324 697 2384 potestate
726 2313 885 2367 habet
925 2314 1083 2366 homo
1125 2323 1413 2382 :cgrotare,
1437 2307 1809 2364 convalescere
1840 2314 2024 2361 autem

439 2422 543 2461 non
572 2408 639 2459 ita
667 2407 821 2459 habet
850 2406 903 2459 in
935 2414 1215 2475 potestate.
1249 2404 1303 2458 Si
1336 2405 1479 2457 enim
1513 2401 1738 2456 excedat
1776 2399 2018 2465 modum,

440 2508 493 2553 et
532 2498 949 2567 intemperanler
988 2498 1157 2561 vivat,
1190 2494 1450 2563 faciatque
1484 2494 1569 2547 illa
1598 2508 1714 2563 quae
1771 2498 1894 2545 Sunt
1945 2489 2026 2543 ln-é

443 2589 720 2644 commoda
753 2588 1061 2653 valetudini,
1105 2596 1159 2641 et
1207 2586 1558 2656 expugnantia
1587 2584 1886 2646 sanitatem,
1920 2596 2024 2637 uno

441 2682 555 2747 die,
588 2683 634 2737 si
655 2682 794 2747 vult,
821 2682 961 2736 cadit
994 2683 1043 2734 in
1077 2680 1331 2745 morbos;
1365 2690 1470 2733 non
1511 2678 1688 2732 autem
1720 2692 1838 2731 cum
1887 2674 2028 2729 ccci-

441 2774 612 2839 derit,
643 2775 987 2831 convalescit.
1018 2773 1086 2829 Ut
1110 2774 1251 2827 enim
1283 2778 1540 2842 aegrotet,
1575 2785 1633 2825 se
1666 2769 1838 2838 ipsum
1871 2765 2027 2821 adhi-

441 2868 532 2923 bet
557 2866 623 2922 ad
662 2867 1163 2936 intemperantiam:
1194 2874 1249 2919 ut
1294 2866 1471 2918 autem
1518 2861 1881 2923 convalescat,
1916 2868 2030 2913 meé

441 2959 620 3014 dicum
647 2957 864 3012 adhibet
892 2957 958 3010 ad
981 2957 1225 3011 salutem.
1259 2954 1373 3009 Nan
1403 2954 1544 3009 enim
1576 2959 1787 3023 potest,
1809 2959 1868 3005 ut
1889 2949 2028 3003 dixi-

443 3066 596 3117 mus,
645 3051 699 3104 in
759 3058 1019 3119 potestate
1060 3049 1258 3103 habere
1306 3046 1663 3117 recipiendam
1710 3046 2025 3110 sanitatem,

443 3141 708 3213 quomodo
740 3141 899 3196 habet
924 3142 973 3195 in
1008 3134 1268 3210 potestate
1294 3137 1665 3195 amittendam.
1704 3138 1711 3149 '

513 3233 739 3290 CAPUT
780 3233 842 3288 ll.
872 3264 943 3272 —
973 3233 1061 3288 Sic
1106 3233 1266 3286 etiam
1315 3231 1607 3286 secundum
1654 3229 1920 3296 animam,
1971 3234 2031 3283 ut

443 3326 711 3397 peccando
739 3326 790 3379 in
818 3336 1047 3380 mortem
1070 3324 1285 3379 caderet
1324 3326 1504 3387 homo,
1545 3332 1602 3377 ut
1626 3338 1692 3378 ex
1742 3323 2029 3378 immortali

444 3419 684 3473 mortalis
714 3418 884 3484 ﬁeret,
914 3426 973 3472 ut
1002 3418 1324 3473 subderetur
1354 3416 1567 3471 diabolo
1596 3416 1883 3481 seductori,
1930 3416 2032 3473 fuit

445 3511 498 3565 in
528 3511 645 3579 ejus
668 3510 833 3565 libero
849 3511 1098 3575 arbitrio;
1122 3524 1226 3580 quo
1251 3510 1316 3565 ad
1332 3509 1583 3564 inferiora
1605 3510 1919 3565 declinando
1942 3525 2031 3565 su-

445 3605 655 3675 periora
682 3604 947 3669 deseruit,
977 3614 1222 3658 etaurem
1248 3603 1538 3674 prmltendo
1560 3605 1813 3673 serpenti,
1847 3618 2028 3658 aurem

446 3696 715 3751 clausitad
739 3697 926 3761 Deum,
964 3688 1123 3765 atque
1138 3697 1466 3751 constitutus
1484 3696 1620 3749 inter
1647 3704 2031 3765 praeceptorem

445 3790 865 3856 etseductnrem,
881 3791 1047 3861 magis
1059 3789 1321 3843 seductari
1337 3802 1493 3859 quam
1510 3789 1819 3859 princeptori
1834 3789 2034 3843 obtem-

446 3900 631 3955 perare
655 3884 869 3954 delegit.
902 3883 1054 3939 Unde
1077 3884 1217 3937 enim
1247 3883 1447 3937 audivit
1472 3882 1657 3947 Deum,
1686 3881 1809 3937 inde
1831 3880 2032 3936 audivit

444 3977 734 4033 diabolum;
765 3978 940 4045 Quare
969 3993 1096 4047 ergo
1148 3986 1254 4030 non
1304 3978 1480 4046 potius
1525 3976 1735 4032 meliori
1764 3974 2031 4032 credidit?

444 4070 673 4141 Ideoque
701 4071 902 4127 invenit
930 4080 1112 4125 verum
1152 4075 1270 4123 esse
1318 4069 1458 4139 quod
1500 4069 1819 4139 prredixerat
1857 4070 2027 4136 Deus,

362 4174 365 4175 '
445 4163 635 4217 falsum
665 4162 805 4233 quod
844 4162 1166 4232 promiserat
1209 4160 1471 4216 diabolus.
1524 4161 1647 4217 Haec
1678 4163 1848 4233 prima
1879 4163 2030 4233 origo

450 4255 712 4311 malorum
745 4256 1069 4318 nostrorum,
1096 4253 1213 4307 haec
1230 4251 1380 4307 radix
1405 4253 1645 4307 omnium
1670 4254 2027 4321 miseriarum,

447 4345 550 4400 hoc
574 4360 755 4400 semen
788 4347 975 4400 mortis
1002 4360 1067 4399 ex
1096 4343 1309 4415 propria
1337 4352 1390 4398 et
1420 4344 1583 4398 libera
1612 4345 1883 4400 voluntate
1925 4348 2034 4415 pri-

444 4439 517 4493 mi
549 4438 778 4493 bominis
806 4456 819 4491 :
850 4438 936 4509 qui
980 4442 1059 4493 sic
1102 4448 1183 4492 est
1213 4436 1382 4490 factus
1407 4476 1420 4500 ,
1452 4446 1508 4490 ut
1541 4424 1585 4490 si
1616 4436 1857 4492 obediret
1884 4437 2028 4505 Deo,

448 4548 661 4602 semper
688 4532 872 4587 beatus
923 4538 978 4586 et
1016 4530 1330 4585 immortalis
1356 4522 1535 4593 esset;
1589 4528 1633 4583 si
1663 4530 1953 4599 negligerct
1980 4539 2034 4584 et

445 4636 812 4681 contemneret
840 4632 1161 4695 praeceptum
1202 4625 1317 4694 ejus
1339 4666 1355 4692 ,
1387 4623 1476 4693 qui
1500 4618 1712 4678 volebat
1742 4624 1791 4677 in
1822 4620 1911 4680 illo
1942 4640 2031 4680 sa-

445 4719 610 4773 lutem
646 4728 955 4788 perpetuam
981 4717 1283 4783 custodire,
1327 4717 1377 4771 in
1412 4716 1659 4771 morbum
1688 4704 2033 4774 mortalitatis

449 4814 697 4868 irrueret.
727 4812 875 4866 Tunc
902 4826 1029 4881 ergo
1054 4811 1294 4866 medicus
1320 4824 1350 4863 a
1392 4824 1522 4865 sano
1547 4819 1884 4882 contemptus
1913 4816 1994 4865 est
2014 4855 2028 4879 ,

447 4922 589 4962 nunc
620 4904 771 4961 curat
810 4914 1087 4975 aegrotum.
1125 4904 1239 4958 Alia
1264 4912 1390 4959 sunt
1419 4904 1559 4959 enim
1591 4910 1881 4976 prfeCcpta,
1914 4912 2033 4977 quae

450 5002 541 5056 dat
583 5000 843 5055 medicina
891 4998 955 5052 ad
1002 4996 1285 5053 tenendam
1340 4997 1655 5063 sanitatem;
1702 5001 1846 5053 sanis
1889 4998 2030 5054 enim

446 5095 659 5161 dantur,
712 5108 779 5147 ne
833 5099 1091 5162 tcgrotent
1132 5090 1278 5145 :alia
1329 5096 1453 5145 sunt
1490 5097 1702 5157 autem,
1755 5106 1874 5161 quae
1922 5090 2032 5159 jam

447 5188 631 5259 :cgroti
660 5186 941 5256 accipiunt,
974 5193 1029 5239 ut
1052 5193 1370 5255 recuperent
1398 5178 1541 5254 quod
1569 5184 1885 5239 amiserunt.

519 5277 744 5335 CAPUT
783 5277 945 5333 Ill.—
964 5279 1169 5332 Bonum
1198 5288 1311 5333 erat
1341 5277 1541 5332 homini
1573 5286 1632 5332 ut
1656 5276 1898 5332 obediret
1921 5276 2033 5331 me-

452 5372 602 5439 dico,
634 5382 754 5426 eum
786 5376 947 5426 sanus
987 5379 1160 5435 esset,
1216 5384 1283 5425 ne
1325 5368 1563 5424 medicus
1601 5369 1677 5423 illi
1706 5383 1840 5439 Opus
1868 5377 2032 5423 esset.

456 5464 574 5518 Non
618 5474 687 5519 est
726 5465 868 5519 enim
912 5481 1038 5534 opus
1068 5464 1203 5518 sanis
1250 5462 1489 5528 medicus,
1524 5461 1613 5517 Sed
1649 5459 2029 5533 aegrotantibus.

451 5559 671 5628 Proprie
696 5559 889 5628 quippe
910 5558 1145 5611 medicus
1174 5557 1389 5623 dicitur,
1419 5572 1512 5625 per
1536 5571 1692 5625 quem
1716 5555 1916 5609 sanitas
1940 5569 2031 5609 re-

452 5660 752 5720 cuperatur.
778 5650 908 5704 Nam
932 5665 1140 5719 semper
1169 5650 1309 5703 Deus
1330 5648 1567 5702 medicus
1597 5656 1729 5717 opus
1759 5656 1841 5702 est
1869 5648 2028 5701 etiam

453 5747 616 5813 sanis,
651 5756 708 5801 ut
746 5749 943 5801 sanitas
973 5748 1083 5815 ipsa
1122 5754 1379 5801 teneatur.
1410 5746 1616 5799 Bonum
1641 5759 1767 5815 ergo
1799 5744 1873 5799 illi
1915 5751 2032 5800 crat

454 5852 635 5899 tenere
689 5850 994 5905 perpetuam
1036 5840 1348 5904 sanitatem,
1380 5838 1431 5896 in
1464 5853 1565 5906 qua
1611 5838 1858 5896 conditus
1892 5842 2030 5897 erat.

1694 335 1925 395 διεκΜο
1962 312 2330 392 cc‘LxxVill.

3580 352 3717 413 1270

2136 442 2489 519 Cornempsii,
2522 450 2718 510 abusus
2744 466 2858 527 est,
2892 459 3299 531 intemperantia
3323 480 3416 521 sua
3444 466 3640 526 decidit
3665 476 3720 529 in

2129 540 2323 594 malam
2380 544 2739 603 valetudinem
2793 550 2949 621 hujus
3007 556 3591 617 mortalitatiszaudiat
3635 566 3717 621 vel

2128 631 2288 687 modo
2315 634 2707 707 praecipientem
2738 644 3021 713 medicum,
3049 656 3104 700 ut
3129 650 3299 718 possit
3322 651 3446 708 inde
3470 669 3712 726 surgere,

2128 743 2233 809 quo
2260 746 2353 800 per
2380 745 2656 801 peccatum
2676 778 2691 804 ,
2724 739 2839 809 ipse
2867 740 3141 796 decubuit.

2200 821 2251 876 5.
2287 820 2534 895 /Egrotus
2557 841 2806 901 prazcepta
2823 834 3000 887 medici
3028 834 3333 892 observando
3354 841 3555 895 nonnisi
3582 859 3715 912 pau-

2129 914 2272 970 latim
2304 917 2362 985 ﬁt
2389 934 2563 973 sanus.
2597 920 2699 976 Sed
2732 925 2905 1001 plane,
2942 928 3149 995 fratres,
3181 932 3627 1001 quemadmodum
3660 938 3713 994 in

2130 1005 2241 1075 ipsa
2274 1008 2533 1063 medicina
2564 1027 2722 1068 sanus
2752 998 2992 1073 iaciendo
3038 1035 3157 1089 qum
3203 1021 3426 1092 imperat
3454 1028 3715 1096 sapientia

2129 1100 2343 1165 salutis,
2375 1111 2555 1157 manet
2604 1104 2655 1158 in
2700 1102 2763 1160 eo
2807 1110 2947 1178 quod
2992 1110 3183 1179 habet;
3213 1118 3254 1168 si
3288 1125 3461 1171 autem
3488 1122 3717 1189 coeperit

2130 1203 2417 1264 aegrotare,
2478 1196 2660 1269 incipit
2700 1200 2883 1258 audire
2915 1216 3270 1277 pra-ceptum,
3303 1218 3356 1265 et
3401 1212 3584 1283 incipit
3636 1214 3716 1270 fa-

2130 1302 2285 1357 cere,
2343 1292 2387 1345 si
2443 1308 2574 1347 vere
2629 1303 2780 1349 curat
2830 1298 3066 1367 recipere
3115 1301 3302 1357 bonam
3356 1312 3409 1358 et
3456 1306 3720 1377 integram

2130 1381 2521 1447 valetudinem;
2579 1401 2699 1440 cum
2757 1397 2929 1441 autem
2984 1395 3209 1459 cmperit
3248 1393 3301 1449 id
3348 1395 3555 1461 facere,
3608 1413 3717 1455 non

2130 1475 2381 1527 continuo
2433 1475 2541 1545 jam
2587 1493 2747 1532 sanus
2793 1489 2903 1546 est;
2937 1482 3028 1535 sed
3073 1483 3161 1537 ditt
3214 1486 3546 1543 observando
3592 1506 3718 1559 per-

2130 1567 2273 1621 venit
2322 1569 2386 1623 ad
2446 1571 2589 1625 illam
2645 1572 2953 1639 sanitatem,
2987 1592 3144 1645 quam
3193 1580 3368 1635 minus
3410 1591 3714 1651 temperan-

2130 1661 2197 1715 do
2258 1664 2601 1732 perdiderat:
2637 1665 2737 1721 hoc
2788 1668 2865 1721 illi
2917 1679 3091 1723 autem
3144 1673 3359 1740 prodest
3409 1677 3549 1745 quod
3603 1678 3714 1748 jam

2129 1753 2640 1825 iucipitobservare,
2674 1775 2740 1813 ne
2780 1771 2969 1830 augeat
2994 1763 3389 1831 a'gritudinem,
3424 1778 3476 1823 et
3518 1778 3575 1824 ut
3603 1787 3710 1827 non

2129 1845 2299 1899 solum
2324 1845 2557 1902 deterior
2585 1850 2689 1904 non
2716 1852 2823 1917 ﬁat,
2852 1853 2944 1908 sed
2974 1857 3131 1909 etiam
3168 1857 3386 1925 incipiat
3412 1862 3602 1917 melius
3620 1864 3720 1918 ba-

2130 1937 2287 2005 bere,
2323 1941 2409 2007 qui
2446 1940 2694 2009 paulatim
2730 1945 2783 1996 tit
2812 1960 3008 2000 sanus:
3044 1964 3166 2017 spes
3192 1960 3273 2005 est
3298 1952 3437 2006 enim
3467 1954 3718 2022 perfecta:

2129 2030 2391 2097 sanitatis,
2424 2035 2635 2102 quando
2667 2036 2847 2105 incipit
2872 2037 3031 2094 homo
3054 2043 3228 2095 minus
3248 2045 3531 2115 minusque
3549 2064 3721 2119 aegro:

2133 2131 2264 2177 tare.
2308 2124 2395 2178 Sic
2427 2126 2754 2197 etiamjustc
2806 2130 2983 2187 vivere
3028 2133 3080 2188 in
3126 2135 3227 2191 hac
3276 2138 3414 2204 vita,
3462 2141 3588 2210 quid
3638 2152 3722 2198 est

2130 2213 2292 2280 aliud,
2327 2216 2426 2269 nisi
2476 2218 2662 2273 audire
2713 2234 2978 2292 praecepta
3006 2225 3139 2296 legis
3166 2268 3181 2292 ,
3231 2239 3283 2283 et
3312 2230 3527 2286 facere?
3548 2233 3720 2287 Num-

2131 2305 2255 2372 quid
2283 2322 2409 2375 ergo
2431 2310 2749 2380 quicumque
2779 2314 2975 2369 faciunt
3004 2328 3266 2389 praecepta
3294 2322 3443 2392 legis,
3465 2325 3574 2393 jam
3602 2327 3720 2381 sani

2132 2395 2293 2449 sunt?
2321 2397 2563 2455 Nondum
2598 2420 2609 2455 :
2640 2402 2732 2456 sed
2760 2412 2815 2458 ut
2841 2408 2955 2460 sani
3005 2407 3150 2476 fiant,
3205 2410 3422 2467 faciunt.
3469 2414 3587 2470 Non
3619 2416 3721 2471 de-

2133 2486 2312 2543 ﬁciant
2349 2490 2593 2546 facieiido
2622 2513 2632 2547 :
2666 2496 2784 2565 quia
2816 2500 3068 2567 paulatim
3100 2503 3352 2573 recipitur
3382 2507 3524 2577 quod
3550 2510 3720 2564 semel

2133 2582 2385 2637 amissum
2414 2594 2509 2639 est.
2540 2584 2595 2641 Si
2626 2589 2766 2642 enim
2789 2592 2895 2644 cito
2929 2592 3123 2648 rediret
3152 2594 3313 2651 homo
3336 2598 3404 2653 ad
3436 2600 3715 2669 pristinam

2134 2676 2551 2746 beatitudinem,
2608 2680 2765 2739 ludus
2818 2684 2891 2739 illi
2938 2696 3081 2742 esset
3127 2691 3397 2759 peccando
3443 2693 3635 2750 cadere
3665 2695 3720 2751 in

2133 2782 2381 2826 mortem.

2204 2862 2430 2919 CAPUT
2471 2863 2635 2920 IV.—-—
2671 2866 2720 2921 4.
2773 2869 2897 2923 Cum
2943 2875 3203 2944 prteceptis
3254 2876 3435 2930 medici
3472 2880 3709 2948 ferendus

2133 2957 2285 3010 etiam
2330 2958 2473 3012 dolor
2494 2962 2741 3016 sectionis.
2786 2961 2989 3019 Cecidit
3032 2967 3287 3037 quisque,
3329 2970 3476 3025 verbi
3528 2973 3719 3042 gratia,

2136 3049 2187 3101 in
2220 3050 2462 3105 morbum
2494 3055 2733 3124 corporis
2774 3071 2873 3125 per
2912 3057 3400 3128 intemperantiam,
3430 3073 3609 3117 natum
3640 3072 3724 3120 est

2136 3142 2209 3195 illi
2253 3143 2451 3214 aliquid
2503 3145 2553 3198 in
2595 3162 2840 3217 corpore,
2869 3149 3007 3219 quod
3041 3152 3176 3221 opus
3197 3162 3280 3208 est
3306 3156 3469 3209 etiam
3497 3157 3668 3211 secari
3700 3177 3713 3212 :

2136 3236 2252 3289 sine
2273 3236 2435 3291 dubio
2463 3237 2677 3294 dolores
2706 3256 2961 3309 passurus
2991 3252 3072 3298 est
3097 3262 3111 3311 ;
3154 3246 3249 3300 sed
3276 3245 3490 3303 dolores
3516 3249 3587 3302 illi
3616 3266 3720 3305 non

2136 3339 2289 3383 erunt
2314 3330 2647 3386 infructuosi.
2681 3332 2734 3387 Si
2768 3334 2980 3390 dolores
3013 3339 3268 3393 sectionis
3308 3341 3415 3409 pati
3444 3356 3550 3396 non
3574 3343 3721 3410 vult,

2136 3439 2344 3477 vermes
2376 3422 2668 3493 putredinis
2700 3426 2946 3493 patietur.
2976 3427 3162 3499 Incipit
3192 3447 3317 3501 ergo
3339 3432 3519 3488 dicere
3547 3436 3725 3489 medi-

2136 3532 2227 3571 cus
2251 3534 2261 3568 :
2286 3516 2521 3571 Observa
2550 3514 2671 3572 illud
2704 3529 2861 3589 atque
2890 3516 3040 3585 illud,
3076 3521 3180 3576 hoc
3209 3524 3317 3577 noli
3346 3534 3582 3595 tangere,
3615 3528 3724 3582 noli

2138 3609 2238 3663 isto
2287 3609 2405 3663 cibo
2448 3611 2522 3663 uti
2574 3609 2655 3665 vel
2684 3619 2835 3681 potu,
2880 3613 3148 3681 inquietus
3176 3629 3293 3669 esse
3338 3616 3405 3669 ad
3436 3617 3579 3671 illam
3608 3634 3725 3674 rem

2138 3694 2265 3749 noli.
2296 3692 2481 3763 Incipit
2508 3694 2701 3760 facere,
2730 3696 2839 3765 jam
2867 3697 3158 3752 observans
3185 3708 3266 3754 est
3292 3710 3721 3770 praeceptorum;

2137 3782 2229 3839 sed
2258 3786 2490 3839 nondum
2522 3802 2700 3841 sanus.
2736 3787 2851 3854 Quo
2882 3803 3009 3857 ergo
3054 3788 3194 3843 valet
3241 3790 3381 3860 quod
3426 3793 3725 3847 observat?

2135 3878 2212 3934 Nc
2242 3880 2404 3949 pestis
2435 3874 2552 3949 qua:
2600 3878 2672 3933 illi
2717 3879 2910 3934 accidit
2932 3886 3204 3951 augeatur,
3238 3892 3398 3953 atque
3447 3892 3504 3937 ut
3559 3885 3720 3939 etiam

2139 3973 2422 4027 minuatur.
2481 3972 2617 4041 Quid
2658 3989 2787 4043 ergo
2834 3974 3109 4044 sequitur?
3151 3960 3384 4031 Accedat
3415 3986 3629 4047 oportet
3658 3979 3725 4033 ad

2137 4060 2561 4119 observationem
2611 4064 2995 4134 pneceptorum
3044 4066 3204 4119 etiam
3257 4066 3447 4122 medici
3490 4064 3725 4123 meantis

2138 4169 2325 4209 manus
2350 4197 2363 4221 ,
2396 4160 2449 4210 et
2481 4148 2693 4210 do‘lhres
2738 4154 2975 4213 salubres
3006 4156 3311 4228 indigentis.
3366 4157 3421 4213 Si
3468 4174 3595 4231 ergo
3629 4161 3717 4215 ille

2139 4248 2343 4319 positus
2373 4249 2426 4302 in
2452 4242 2635 4303 ulcere
2690 4246 2901 4319 putrido'
2947 4249 3109 4317 dicat,
3145 4250 3279 4319 Quid
3329 4251 3456 4305 mihi
3510 4252 3727 4321 prodest

2139 4343 2259 4413 quia
2285 4343 2508 4397 observo
2538 4340 2800 4412 percepta
2823 4385 2837 4411 ,
2882 4344 2924 4397 si
2959 4341 3174 4399 dolores
3203 4344 3377 4414 patior
3424 4345 3681 4400 sectionis
3703 4346 3727 4395 ’ἶ

2141 4438 2522 4507 τρειιοηίιριυτ,
2555 4434 2658 4493 Sed
2694 4447 2917 4507 utroque
2959 4438 3233 4493 euraberis
3254 4480 3269 4504 ,
3302 4447 3355 4492 et
3383 4438 3722 4492 observantia

2138 4541 2559 4604 prreccptorum,
2613 4536 2667 4586 et
2704 4531 2981 4585 tolerantia
3036 4529 3301 4585 dolorum.
3360 4529 3590 4584 Tantum
3644 4539 3727 4585 est

2139 4628 2280 4684 enim
2333 4624 2472 4698 quod
2525 4618 2694 4681 fecisti
2729 4625 2855 4691 tibi,
2910 4642 3015 4679 non
3046 4624 3378 4679 observando
3404 4640 3523 4679 cum
3564 4640 3726 4679 sanus

2140 4735 2305 4776 esses.
2328 4718 2618 4788 Acquiesce
2642 4717 3059 4787 itaquemcdico,
3089 4717 3260 4771 donec
3286 4716 3529 4775 sancris:
3556 4718 3725 4771 meri-

2143 4822 2249 4868 tum
2269 4821 2349 4866 est
2364 4812 2504 4866 enim
2524 4810 2716 4865 ulceris
2734 4810 2827 4876 tui,
2851 4804 3105 4879 quidquid
3128 4808 3319 4877 pateris
3330 4808 3721 4863 molestiarum.

2211 4903 2434 4959 CAPUT
2477 4902 2614 4957 νε-
2632 4902 2685 4957 5.
2717 4900 2947 4956 Christus
2979 4899 3197 4953 medicus
3216 4900 3465 4970 quomodo
3486 4917 3578 4955 nos
3599 4917 3725 4971 pau-

2143 4997 2284 5052 latim
2311 4990 2477 5051 sanat.
2507 4994 2595 5050 Sic
2625 4995 2770 5050 venit
2791 4992 2856 5049 ad
2887 4990 3138 5047 afflictum
3170 5001 3222 5047 et
3253 4984 3582 5047 laborantem
3610 5008 3724 5048 πιθα

2140 5090 2292 5145 dietts
2318 5087 2557 5143 Christus
2578 5130 2592 5155 ,
2625 5087 2711 5157 qui
2744 5086 2816 5140 ait
2848 5103 2860 5139 :
2895 5084 3015 5138 Non
3044 5093 3114 5139 est
3149 5101 3275 5157 Opus
3309 5085 3445 5139 sanis
3475 5082 3719 5155 medicus,

2140 5184 2228 5238 sed
2244 5182 2372 5236 male
2398 5179 2708 5236 habentibus.
2736 5178 2853 5232 Non
2882 5178 2990 5231 ven'i
3027 5178 3400 5250 vocarejustos,
3429 5179 3518 5233 sed
3542 5195 3715 5250 pecca-

2143 5286 2273 5330 tores
2289 5274 2499 5347 (Matth.
2523 5289 2602 5339 ix,
2629 5274 2695 5328 12
2715 5282 2762 5327 et
2783 5270 2889 5340 i5).
2909 5268 3077 5325 VoCat
3106 5280 3410 5341 peccatores
3428 5266 3492 5326 ad
3518 5287 3705 5341 pacem
3786 5336 3793 5349 ρ

2140 5379 2295 5426 vocat
2340 5376 2661 5441 mgrotantes
2706 5366 2771 5419 ad
2822 5366 3125 5420 sanitatem.
3158 5363 3599 5436 lmperatﬁdem,
3629 5366 3730 5420 inv
3778 5435 3780 5443 ξ

2142 5468 2290 5534 perat
2317 5461 2693 5517 continentiam
2717 5502 2731 5527 ,
2759 5456 3198 5528 temperantiam,
3233 5459 3611 5526 sobrietatem;
3642 5476 3729 5516 re-

2141 5558 2314 5612 frenat
2332 5553 2817 5624 conciipisc'cntiam
2842 5542 3086 5607 avaritia:
3113 5553 3273 5608 :dicit
3299 5553 3421 5624 quid
3449 5552 3726 5620 faciamus,
3770 5539 3781 5597 Τ

2142 5647 2264 5720 quid
2296 5648 2660 5701 observemus.
2696 5646 2793 5713 Qui
2824 5646 3071 5701 observat
3094 5645 3230 5711 haec,
3274 5646 3383 5715 jam
3420 5655 3594 5716 potest
3620 5645 3728 5701 dici

2138 5743 2278 5814 juste
2332 5741 2515 5795 vivere
2557 5736 2846 5807 serundum
2912 5748 3231 5808 praeceptum
3278 5740 3552 5795 medicin.
3584 5759 3597 5796 :
3626 5738 3723 5797 sed

2144 5837 2377 5895 nondum
2402 5835 2602 5902 recepit
2629 5828 2773 5892 illam
2790 5833 3073 5891 sanitatem
3091 5841 3146 5891 et
3169 5830 3312 5891 illam
3330 5835 3591 5900 integram
3619 5847 3717 5891 va-
