4102 6326
433 222 564 282 1271
645 258 661 268 ~

407 903 608 958 sanitas
636 904 756 968 erit,
791 914 844 961 et
883 922 1002 962 cum
1048 909 1266 982 Angelis
1304 916 1504 970 sanctis
1549 920 1846 989 aequalitas.
1894 922 2000 980 Sed

405 994 566 1049 modo
595 1003 878 1067 antequam
927 999 1050 1067 ﬁat,
1099 1001 1292 1060 fratres
1329 1007 1468 1074 mei,
1501 1025 1623 1064 cum
1674 1013 1998 1084 eruperimus

400 1086 687 1144 observare
719 1101 984 1162 praecepta
1006 1135 1020 1160 ,
1050 1110 1168 1166 quae
1196 1098 1436 1156 medicus
1462 1104 1735 1174 praecipit,
1779 1108 1994 1176 quando

397 1181 631 1249 patimur
675 1183 836 1239 etiam
867 1185 1071 1257 aliquas
1117 1192 1440 1250 tentationes
1489 1204 1543 1251 et
1584 1198 1988 1270 tribulationes,

393 1289 502 1328 non
547 1284 794 1345 putemus
823 1294 923 1335 nos
964 1281 1081 1338 sine
1125 1297 1284 1340 causa
1317 1287 1637 1355 observare,
1667 1294 1790 1360 quia
1816 1297 1990 1366 major

391 1364 548 1422 dolor
567 1368 775 1426 videtur
800 1373 948 1442 sequi
976 1385 1242 1446 praecepta
1271 1379 1359 1434 illa
1385 1396 1504 1450 quae
1527 1383 1800 1441 observas.
1833 1364 1984 1455 Quod

390 1460 533 1514 enim
567 1463 766 1531 pateris
813 1465 1185 1525 tribulationes
1207 1512 1222 1536 ,
1278 1488 1468 1528 manus
1498 1485 1580 1531 est
1602 1481 1835 1536 secantis
1865 1499 1981 1540 me-

386 1553 512 1621 dici,
539 1571 640 1610 non
673 1561 936 1614 sententia
961 1561 1159 1632 judicis
1189 1567 1475 1635 punientis.
1507 1570 1593 1626 Fit
1625 1572 1726 1628 hoc
1774 1586 1831 1631 ut
1855 1594 1980 1648 pcr-

383 1644 520 1701 fecta
566 1649 633 1703 sit
664 1652 863 1708 sanitas
893 1671 905 1706 :
942 1655 1226 1724 patiamur,
1275 1660 1512 1716 feramus
1541 1666 1777 1723 dolores.
1811 1671 1978 1729 Dulce

380 1750 658 1809 peccatum
711 1753 793 1798 est
824 1764 836 1799 :
869 1761 966 1816 per
1009 1751 1398 1808 amaritudines
1446 1771 1574 1826 ergo
1619 1759 1976 1822 tribulationis

377 1834 678 1900 perniciosa
720 1836 946 1893 dulcedo
975 1839 1266 1910 digeratur.
1299 1845 1607 1904 Delectabat
1633 1859 1689 1907 te
1709 1895 1723 1917 ,
1758 1857 1975 1924 quando

375 1924 547 1981 fecisti
575 1929 772 1983 malum
806 1948 818 1984 :
844 1931 938 1986 sed
967 1933 1200 1990 incidisti
1231 1936 1285 1991 in
1309 1937 1674 1998 infirmitatem
1704 1944 1967 2006 faciendo.

373 2018 420 2071 A
449 2020 717 2074 contrario
744 2022 1006 2079 medicina
1023 2033 1137 2092 est,
1168 2028 1290 2083 facit
1322 2029 1417 2085 tibi
1459 2032 1525 2086 ad
1565 2043 1776 2106 tempus
1817 2038 1971 2096 dolo-

371 2123 523 2176 rem,
560 2120 615 2165 ut
639 2113 867 2184 recipias
887 2125 1199 2188 perpetuam
1226 2122 1531 2178 sanitatem.
1562 2124 1724 2184 Utere
1756 2129 1844 2185 illa
1863 2173 1879 2198 ,
1909 2140 1967 2189 et

368 2202 478 2257 noli
508 2205 791 2274 repellere.
937 2224 939 2226 ‘
1629 2214 1633 2218 ’
1975 2284 1981 2299 ι

436 2290 664 2351 CAPUT
705 2297 793 2352 Vl.
825 2330 898 2340 —
917 2299 971 2356 6.
1004 2302 1304 2360 Antidotum
1327 2316 1502 2363 contra
1539 2313 1709 2366 omnia
1730 2290 1980 2398 peccata;

363 2384 577 2441 Duobus
625 2398 1246 2484 peccatorum|generibus
1292 2400 1394 2453 duo
1453 2400 1780 2473 opponuntur
1825 2393 1978 2490 ρης-ξ

362 2489 528 2551 cepta.
559 2479 701 2536 Sane
725 2491 847 2538 ante
868 2467 1048 2542 omnia
1079 2488 1208 2544 illud
1227 2491 1525 2550 antidotum
1549 2511 1654 2551 non
1704 2500 1954 2567 recedat,

360 2572 503 2642 quod
533 2583 717 2629 contra
742 2592 932 2632 omnes
958 2581 1297 2649 putredines,
1325 2595 1512 2640 contra
1551 2591 1791 2645 omnium
1819 2608 1952 2662 pec-

358 2673 598 2720 catorum
627 2683 831 2724 venena
862 2670 1143 2739 plurimum
1174 2675 1353 2743 valet,
1384 2686 1441 2731 ut
1468 2678 1614 2735 dicas
1635 2722 1648 2745 ,
1673 2693 1728 2738 et
1759 2699 1950 2740 verum

355 2755 502 2813 dicas
526 2759 748 2815 Domino
794 2763 904 2818 Deo
947 2773 1074 2819 tuo:
1100 2765 1314 2823 Dimitte
1341 2770 1484 2825 nobis
1526 2773 1696 2828 debita
1735 2787 1946 2850 nostra,

352 2849 482 2904 sicut
508 2859 554 2905 et
597 2869 688 2908 nos
724 2853 1026 2911 dimittimus
1053 2859 1362 2916 debitoribus
1391 2866 1576 2918 nostris
1615 2866 1826 2937 (Matth.
1871 2887 1945 2938 vr,

353 2943 466 3013 12).
502 2944 615 3000 Hoc
642 2948 785 3002 enim
816 2959 1026 3018 pactum
1049 2966 1169 3006 cum
1200 2955 1414 3024 aegrotis
1441 2958 1682 3014 medicus
1711 2967 1949 3020 conscri-

349 3035 461 3106 psit
489 3046 649 3109 atque
680 3039 929 3096 firmavit.
960 3044 1220 3111 Quoniam
1251 3047 1358 3102 duo
1385 3060 1508 3104 sunt
1531 3068 1727 3121 genera
1758 3072 1947 3126 pecca-

347 3137 524 3185 torum
552 3147 566 3197 ;
595 3149 757 3188 unum
779 3151 883 3204 quo
910 3136 963 3191 in
991 3137 1180 3206 Deum,
1206 3141 1430 3195 alterum
1455 3159 1561 3213 quo
1589 3147 1642 3200 in
1666 3147 1940 3207 hominem

346 3233 618 3293 peccatur.
649 3226 801 3284 Unde
826 3230 985 3285 etiam
1015 3233 1122 3288 duo
1144 3243 1267 3288 sunt
1295 3246 1561 3306 praecepta
1589 3240 1702 3307 illa,
1735 3244 1789 3298 in
1817 3247 1940 3316 qui-

345 3315 446 3372 bus
473 3326 582 3372 tota
612 3318 721 3373 Lex
752 3322 948 3391 pendet
995 3332 1048 3378 et
1076 3325 1360 3396 Pr0plieta:
1395 3347 1408 3381 τ
1438 3328 1634 3403 Diliges
1658 3315 1940 3392 Dominum

343 3408 515 3464 Deum
543 3420 683 3465 tuum
695 3429 757 3467 ea:
781 3424 880 3468 toto
905 3418 1055 3472 corde
1075 3427 1179 3487 tuo,
1209 3430 1256 3474 et
1280 3437 1342 3476 ea:
1364 3431 1470 3477 tota
1489 3425 1662 3480 anima
1680 3436 1788 3496 tua,
1809 3441 1856 3484 et
1876 3450 1940 3488 ex

344 3512 448 3558 tota
475 3517 639 3560 mente
667 3516 787 3572 tua;
833 3519 878 3562 et
905 3511 1082 3582 diliges
1104 3515 1392 3583 proximum
1437 3527 1580 3572 tuum
1624 3529 1863 3593 tanquam
1891 3535 1939 3582 te

342 3596 509 3667 ipsum
534 3595 643 3671 (Id.
671 3615 802 3665 χχιι,
845 3601 1052 3674 57-40).
1101 3605 1164 3660 Et
1211 3607 1261 3661 in
1307 3607 1389 3662 his
1425 3611 1729 3667 continetur
1773 3616 1934 3672 etiam

341 3687 626 3760 decalogus
653 3703 1040 3762 praeceptorum
1068 3695 1244 3767 Legis,
1272 3699 1360 3754 ubi
1392 3702 1490 3755 tria
1517 3713 1782 3775 praecepta
1810 3723 1933 3778 per-

339 3779 511 3837 tinent
553 3781 621 3837 ad
666 3783 1007 3841 dilectionem
1053 3788 1180 3854 Dei,
1212 3801 1415 3860 septem
1455 3793 1523 3848 ad
1565 3797 1832 3866 proximi:
1863 3799 1932 3858 de

338 3872 530 3943 quibus
560 3876 690 3930 satis
711 3877 996 3947 aliquando
1023 3883 1391 3939 tractavimus.

408 3965 634 4023 CAPUT
656 3967 899 4024 Vll.—-7.
921 3969 1108 4027 Peccat
1127 3975 1178 4028 in
1198 3974 1379 4042 Deum,
1399 3979 1483 4048 qui
1501 3979 1556 4034 in
1580 3997 1634 4035 se
1651 3987 1932 4058 corrumpit

338 4060 580 4126 templum
609 4062 737 4130 ejus.
769 4061 1048 4128 Quomodo
1075 4080 1206 4138 ergo
1235 4067 1342 4124 duo
1363 4080 1487 4126 sunt
1513 4084 1786 4144 praecepta
1807 4119 1821 4144 ,
1850 4078 1930 4134 sic

335 4159 389 4203 ct
417 4149 523 4204 duo
547 4167 742 4220 genera
765 4164 1128 4225 peccatorum.
1149 4159 1256 4214 Aut
1278 4161 1420 4216 enim
1453 4164 1505 4219 in
1537 4165 1705 4222 Deum
1737 4186 1927 4240 pecca-

337 4252 439 4308 tur,
474 4252 564 4297 aut
590 4244 641 4298 in
665 4243 957 4301 hominem.
991 4249 1250 4307 Peccatur
1271 4265 1450 4312 autem
1472 4258 1525 4312 in
1547 4258 1736 4324 Deum,
1764 4263 1926 4320 etiam

332 4337 725 4406 corrumpendo
757 4340 1011 4410 templum
1054 4343 1168 4413 ejus
1217 4347 1267 4399 in
1309 4356 1360 4402 te
1391 4365 1403 4402 :
1438 4351 1636 4406 etenim
1670 4353 1809 4410 Deus
1833 4371 1924 4412 re-

331 4428 497 4484 demit
519 4437 570 4485 te
600 4432 856 4502 sanguine
891 4433 1009 4488 Filii
1045 4435 1148 4490 sui.
1180 4437 1494 4512 Quanquam
1536 4453 1592 4500 et
1636 4455 1923 4520 antequam

330 4521 703 4593 redimereris,
753 4527 906 4596 cujus
933 4541 1117 4583 servus
1147 4545 1298 4599 eras,
1333 4535 1434 4588 nisi
1463 4535 1582 4606 ejus
1611 4539 1703 4608 qui
1733 4542 1920 4597 condi-

330 4613 406 4668 dit
434 4616 656 4672 omnia?
683 4617 1030 4674 Peculiariter
1054 4622 1285 4692 quodam
1316 4626 1476 4681 modo
1516 4636 1568 4684 te
1597 4629 1796 4688 habere
1825 4649 1923 4688 vo-

329 4711 429 4766 luit
457 4711 790 4784 redemptum
819 4715 1079 4786 sanguine
1122 4717 1240 4772 Filii
1278 4721 1380 4774 sui.
1426 4720 1494 4775 Et
1521 4740 1622 4778 non
1647 4727 1764 4780 estis
1807 4743 1919 4783 ves-

327 4804 412 4869 tri,
443 4803 610 4875 inquit
634 4805 956 4876 Apostolus;
987 4810 1142 4878 empti
1172 4812 1306 4865 enim
1335 4814 1452 4866 estis
1481 4817 1643 4885 pretio
1691 4835 1875 4892 magno
1899 4839 1918 4878 :

324 4897 607 4967 gloriﬁcate
631 4907 677 4950 et
697 4909 895 4967 portate
918 4899 1080 4956 Deum
1103 4902 1156 4957 in
1196 4920 1409 4976 corpore
1432 4918 1592 4964 vestro
1623 4911 1664 4983 (ι
1687 4911 1806 4968 Cor.
1840 4931 1914 4985 γι,

326 4987 393 5043 19
410 4998 456 5042 et
473 4986 586 5058 20).
612 4988 752 5060 Ergo
773 4991 863 5047 ille
882 5007 911 5046 a
931 5009 1035 5064 quo
1052 4994 1360 5069 redemptus
1373 5014 1452 5067 es,
1473 5000 1595 5058 fecit
1619 5012 1670 5060 te
1697 5006 1916 5065 domum

323 5097 492 5139 suam.
522 5083 789 5156 Numquid
821 5097 875 5141 tu
902 5088 983 5144 vis
1025 5093 1194 5146 everti
1223 5092 1443 5150 domum
1485 5100 1668 5154 tuam?
1695 5101 1782 5158 Sic
1813 5119 1914 5160 nec

322 5175 462 5231 Deus
491 5191 663 5244 suam,
697 5178 799 5233 hoc
819 5189 919 5244 est,
952 5190 1002 5236 te
1023 5181 1218 5252 ipsum.
1241 5184 1296 5239 Si
1325 5187 1415 5242 tibi
1439 5204 1544 5244 non
1576 5193 1751 5260 parcis
1779 5210 1911 5265 pro-

320 5277 438 5339 pter
467 5271 744 5340 tcipsum,
770 5287 930 5342 parce
955 5275 1047 5330 tibi
1075 5288 1295 5347 propter
1339 5281 1534 5348 Deum,
1578 5287 1667 5355 qui
1709 5297 1760 5344 te
1787 5289 1913 5347 fecit

322 5362 574 5432 templum
615 5379 790 5418 suum.
842 5364 1109 5440 Templum
1148 5372 1279 5425 enim
1309 5372 1403 5428 Dei
1442 5387 1673 5432 sanctum
1701 5389 1792 5450 est,
1823 5382 1908 5439 in-

318 5455 451 5524 quit,
478 5457 612 5528 quod
641 5459 758 5513 estis
797 5475 915 5527 vos;
961 5469 1034 5529 et,
1071 5463 1171 5531 Qui
1199 5468 1441 5536 templum
1467 5469 1563 5524 Dei
1590 5477 1905 5546 corruperit,

317 5557 603 5618 corrumpet
644 5550 790 5605 illum
832 5551 968 5609 Deus
1012 5553 1122 5623 (Id.
1151 5574 1228 5625 ιιι,
1265 5561 1373 5631 17).
1400 5561 1530 5631 Quae
1560 5577 1777 5635 peccata
1808 5569 1908 5624 h0-

316 5640 489 5696 mines
514 5645 725 5712 quando
756 5644 990 5717 faciunt,
1017 5658 1207 5720 putant
1251 5669 1308 5710 se
1346 5672 1448 5713 non
1477 5673 1734 5732 peccare,
1781 5666 1904 5736 quia

317 5733 448 5790 nulli
478 5735 678 5792 homini
701 5749 914 5796 nocent.

1607 237 1666 297 8.
1707 236 2076 300 AUGUSTINI
2115 241 2419 311 EPISCOPI

428 343 719 403 letudinem
738 387 756 418 ,
787 362 946 419 quam
973 349 1116 407 Deus
1142 354 1404 425 promittit
1433 369 1528 427 per
1545 357 1865 429 Apostolum
1884 403 1900 430 ,
1931 362 2014 418 di-

423 451 592 494 cens:
632 456 652 491 (
689 438 910 511 Oportet
959 445 1305 514 corruptibile
1355 449 1458 504 hoc
1505 449 1728 509 induere
1771 454 2012 511 incorru-

423 532 698 601 ptionem,
759 541 814 588 et
867 537 1101 592 mortale
1143 539 1248 596 hoc
1275 541 1499 600 induere
1527 543 2008 604 immortalitatem.

415 623 569 680 Tunc
594 625 684 680 fiet
709 639 888 683 sermo
919 630 1009 699 qui
1033 633 1264 704 scriptus
1293 645 1404 703 est,
1439 639 1703 709 Absorpta
1746 652 1828 697 est
1863 658 2010 699 mors

413 717 469 772 in
500 717 796 774 victoriam.
831 721 928 778 Ubi
959 734 1040 780 est
1059 767 1075 792 ,
1103 741 1249 784 mors
1268 770 1281 793 ,
1313 732 1586 786 contentio
1617 734 1745 789 tua?
1774 735 1864 792 ubi
1887 746 2003 806 est,

409 823 557 864 mors
578 850 592 876 ,
624 811 841 868 aculeus
863 822 983 870 tuus
1018 834 1036 867 ι
1073 815 1118 888 (Ι
1149 816 1266 874 Cor.
1299 836 1385 887 xv,
1416 822 1653 897 55-55)?
1679 825 1827 882 Tunc
1849 829 2003 897 plena

2690 144 2718 170 ,λ

3585 286 3728 345 1272

2200 368 2428 428 CAPUT
2467 374 2597 432 Vill.
2621 408 2692 422 -
2718 381 2773 439 8.
2802 383 3134 458 Corruptom
3158 392 3260 462 sui,
3287 411 3388 451 non
3406 397 3714 463 innocentes.

2125 458 2375 522 lnnocens
2415 471 2560 548 quis.
2599 473 2712 532 Hoc
2754 478 2933 551 itaque
2971 458 3389 560 volojnlitnare
3434 491 3717 557 Sanctitati

2103 544 2347 625 'vestrae,
2389 544 2646 649 quantum
2688 544 2859 627 breve
2877 551 3555 659 Itempus'admittittquid
3585 593 3712 650 mali

2118 645 2347 719 faciant,
2379 655 2468 724 qui
2501 673 2560 713 se
2591 645 2750 732 ipsos
2775 645 3126 741 corrumpunt
3153 653 3476 750 voracitate,
3530 685 3708 743 ebrie-

2105 729 2254 810 tate,
2297 729 2682 820 fornicatione;
2717 766 2772 812 et
2798 729 3318 830 reprehendentibus
3344 777 3703 848 reSpondent,

2113 831 2237 889 Feci
2263 835 2330 892 de
2355 841 2561 899 ratione
2589 862 2706 902 mea
2727 890 2743 914 ,
2787 851 2856 906 de
2895 859 3235 923 possessione
3267 878 3385 919 mea
3411 884 3426 921 :
3454 869 3540 923 cui
3577 873 3704 942 quid

2109 930 2298 998 rapui?
2324 935 2409 989 cui
2436 938 2561 1006 quid
2581 941 2808 999 abstuli?
2832 958 3017 1003 contra
3044 968 3203 1023 quem
3225 957 3366 1012 feci?
3395 959 3541 1018 Bene
3568 930 3700 1024 mihi

2107 1023 2177 1074 sit
2201 1023 2345 1092 volo,
2371 1041 2436 1082 ex
2463 1045 2528 1084 eo
2553 1035 2697 1103 quod
2729 1037 2867 1094 Deus
2898 1042 3028 1098 mihi
3053 1045 3218 1103 dedit.
3254 1049 3470 1108 Videtur
3494 1055 3593 1112 iste
3615 1057 3700 1118 in-

2104 1129 2326 1186 nocens,
2358 1123 2497 1190 quod
2519 1127 2669 1195 quasi
2693 1130 2822 1186 nulli
2855 1146 3062 1193 noceat.
3089 1138 3196 1195 Sed
3219 1145 3492 1214 quomodo
3513 1158 3595 1204 est
3615 1151 3697 1208 in-

2094 1389 2212 1461 ipso
2239 1403 2340 1449 est.
2371 1397 2483 1454 Hoc
2507 1403 2648 1457 enim
2670 1405 2804 1462 dixit
2828 1408 2994 1478 Deus,
3020 1389 3216 1490 Diliges
3240 1389 3529 1491 proximum
3549 1437 3689 1485 tuum

2092 1491 2333 1553 tanquam
2371 1499 2420 1544 te
2464 1492 2648 1563 ipsum.
2678 1497 2958 1566 Quomodo
2989 1520 3118 1577 ergo
3147 1509 3201 1564 in
3230 1519 3282 1567 te
3311 1515 3456 1571 salva
3483 1529 3566 1574 est
3601 1522 3686 1579 di-

2089 1573 2248 1629 lectio
2277 1580 2538 1648 proximi,
2585 1589 2798 1656 quando
2837 1573 3074 1650 dilectio-
3089 1599 3164 1654 tui
3196 1617 3292 1672 per
3321 1604 3684 1680 intemperan-

2088 1667 2214 1723 tiam
2250 1673 2593 1732 vulneratur?
2636 1680 2842 1739 Deinde
2887 1686 3014 1743 dicit
3063 1691 3154 1746 tibi
3187 1667 3371 1754 Deus:
3410 1667 3542 1758 Cum
3585 1721 3683 1776 per

2085 1759 2401 1820 ebrietatem
2436 1783 2781 1842 corrumpere
2807 1785 2858 1831 te
2888 1779 2990 1844 vis,
3021 1797 3127 1838 non
3152 1787 3439 1857 cujuslibet
3458 1759 3676 1854 domum

2084 1856 2310 1925 evertis,
2361 1860 2456 1914 sed
2501 1863 2717 1920 domum
2761 1885 2958 1926 meam.
3009 1874 3106 1931 Ubi
3149 1856 3436 1940 habitabo?
3465 1888 3518 1943 ln
3564 1891 3678 1950 istis

2081 1947 2365 2035 ruinis‘ltin
2398 1953 2513 2011 istis
2554 1958 2841 2018 sordibus?
2881 1965 2937 2021 Si
2974 1967 3241 2041 hospitem
3280 1979 3548 2050 reciperes
3575 1987 3674 2042 ali-

3076 2029 3094 2041 _
3280 2029 3297 2032 _
3316 2029 3547 2050 ---,-.--
3575 2029 3643 2042 ....

2078 2055 2237 2110 quem
2264 2029 2478 2102 servum
2504 2065 2680 2108 meum
2699 2094 2715 2121 ,
2743 2057 3000 2117 reticeres
3027 2071 3082 2118 et
3109 2068 3397 2128 mundares
3420 2075 3633 2133 domum
3652 2123 3668 2148 ,

2077 2148 2184 2204 quo
2226 2136 2450 2197 intraret
2480 2157 2669 2202 servus
2697 2164 2846 2207 meus
2875 2171 2888 2208 :
2919 2169 3023 2211 non
3058 2161 3285 2220 mundas
3314 2181 3428 2237 cor,
3455 2171 3542 2227 ubi
3569 2174 3662 2230 hac

2073 2225 2247 2283 bitare
2275 2246 2375 2302 ego
2403 2235 2585 2314 volo?
2666 2288 2671 2298 ..
2766 2285 2769 2288 -

2143 2319 2370 2380 CAPUT
2409 2327 2501 2383 1X.
2525 2361 2597 2372 —
2614 2332 2668 2389 9.
2703 2334 2893 2396 Modus
2915 2343 2968 2396 in
2993 2359 3163 2402 rerum
3190 2365 3545 2412 concessurum
3571 2377 3667 2416 usu

2072 2409 2274 2482 difﬁcile
2305 2426 2516 2476 tenetur.
2544 2422 2690 2498 Usus
2727 2432 2903 2488 uxoris
2932 2421 3291 2497 immoderatus
3310 2486 3324 2510 ,
3356 2448 3454 2502 nisi
3481 2451 3666 2508 libero-

2067 2520 2183 2560 rum
2211 2514 2640 2590 procreandorum
2662 2536 2818 2578 causa
2860 2526 2972 2593 ﬁat.
3005 2528 3178 2588 Unam
3209 2551 3337 2608 ergo
3366 2555 3480 2596 rem
3511 2560 3662 2602 com-

2065 2605 2381 2674 memoravi,
2415 2607 2626 2679 fratres,
2647 2624 2720 2683 ⁸ιιι
2741 2618 2970 2678 videatis
2997 2605 3538 2704 quomodo'peccent,
3569 2642 3657 2711 qui

2063 2709 2124 2749 se
2160 2696 2305 2767 ipsos
2330 2715 2708 2778 corrumpunt,
2737 2726 2860 2767 cum
2905 2716 3006 2772 sibi
3045 2719 3359 2782 innocentes
3387 2730 3657 2790 videntur.

2061 2783 2171 2842 Sed
2199 2794 2449 2874 quoniam
2496 2797 2548 2852 in
2590 2799 2707 2870 ipsa
2747 2803 3029 2876 fragilitate
3067 2822 3124 2868 et
3168 2783 3657 2884 mortalitate—vita:

2058 2874 2217 2948 hujus
2242 2882 2456 2940 difficile
2491 2899 2574 2944 est
2601 2900 2658 2946 ut
2695 2874 2857 2952 homo
2896 2915 3000 2956 non
3041 2908 3265 2963 excedat
3304 2913 3521 2971 modum
3553 2920 3656 2974 ali-

2057 2981 2312 3039 quantum
2340 2976 2393 3031 in
2421 2977 2503 3034 his
2528 2983 2711 3050 rebus,
2740 2989 2932 3058 quibus
2953 2993 3020 3049 ad
3052 3001 3427 3060 necessitatem
3456 3011 3650 3079 utitur;

2054 3061 2417 3124 adhibendum
2447 3083 2530 3129 est
2558 3075 2687 3133 illud
2717 3084 3048 3154 remedium,
3079 3089 3290 3148 Dimitte
3316 3061 3652 3159 nobiswdebitd

2053 3165 2257 3222 nostra,
2299 3161 2426 3216 sicut
2472 3175 2518 3220 et
2547 3184 2638 3224 nos
2677 3171 2975 3232 dimittimus
3001 3178 3308 3241 debitoribus
3349 3193 3533 3247 nostris
3553 3210 3572 3248 :
3602 3197 3648 3251 si

2052 3249 2280 3319 dicatur,
2309 3265 2363 3311 et
2390 3273 2516 3316 vere
2549 3263 2788 3344 (dicatur.
2822 3271 3160 3332 Adulterium
3191 3279 3368 3340 facere
3395 3287 3649 3356 prohibe-

1967 3505 1970 3508 .
2049 3435 2164 3489 cedi
2203 3439 2269 3493 ad
2311 3449 2489 3510 tuam,
2535 3447 2615 3504 sic
2669 3467 2773 3509 non
2812 3455 2979 3514 debes
3019 3465 3276 3524 accedere
3318 3471 3384 3525 ad
3413 3473 3643 3533 alienam

2047 3541 2288 3586 uxorem.
2339 3533 2393 3588 Si
2436 3547 2612 3595 autem
2657 3551 2744 3598 tua
2793 3548 3236 3626 intemperantius
3263 3576 3395 3618 usus
3444 3565 3639 3637 fueris,

2044 3625 2304 3694 numquid
2332 3629 2527 3686 videris
2548 3650 2744 3694 nocere
2762 3641 2940 3708 alicui,
2965 3647 3086 3717 quia
3109 3653 3274 3708 uteris
3295 3657 3418 3712 tua?
3445 3659 3549 3716 Sed
3572 3677 3640 3718 eo

2042 3711 2161 3783 ipso
2197 3730 2458 3777 concesso
2487 3723 2890 3792 immoderatius
2932 3740 3150 3810 utendo,
3179 3751 3478 3820 corrumpis
3504 3753 3556 3808 in
3587 3765 3639 3812 te

2040 3807 2299 3876 templum
2333 3812 2446 3869 Dei.
2486 3816 2654 3876 Nemo
2683 3831 2734 3878 te
2767 3838 2982 3884 accusat
3009 3807 3338 3895 extraneus:
3370 3807 3464 3900 sed
3493 3848 3636 3917 quod

2038 3912 2357 3971 responsum
2384 3906 2530 3963 dabit
2553 3915 2876 3972 conscientia
2903 3929 2989 3976 tua
3014 3923 3123 3979 Deo
3147 3926 3343 3986 dicenti
3372 3949 3466 4004 per
3491 3906 3636 4009 Apo-

2037 3991 2233 4048 stolum
2255 4037 2269 4062 ,
2309 3996 2376 4051 Ut
2418 4001 2543 4055 sciat
2570 4010 2912 4081 unusquisque
2933 4025 3151 4072 vestrum
3177 4037 3323 4076 suum
3348 4039 3436 4080 vas
3465 3991 3630 4097 poisi-
3660 4034 3662 4036 ’

2037 4083 2156 4139 dere
2180 4087 2233 4140 in
2265 4093 2661 4162 sanctiﬁcatione
2691 4108 2739 4153 et
2767 4103 2992 4172 honore;
3021 4125 3124 4164 non
3157 4112 3211 4166 in
3239 4117 3633 4187 morbodeside-

2034 4178 2257 4246 riorum,
2299 4185 2447 4241 sicuti
2476 4187 2657 4247 Gentes
2689 4211 2802 4261 quis
2827 4197 3062 4269 ignorant
3090 4202 3255 4263 Deum
3285 4209 3328 4283 (1
3353 4211 3526 4270 Thess.
3552 4233 3626 4287 tv,

2033 4274 2089 4340 4,
2120 4272 2208 4348 5)?
2240 4276 2369 4344 Quis
2395 4289 2480 4337 est
2517 4293 2693 4340 autem
2737 4287 2940 4348 habens
2968 4311 3222 4365 uxorem,
3250 4272 3340 4373 qui
3373 4319 3440 4361 eo
3467 4272 3629 4365 modo

2034 4374 2214 4422 utatur
2256 4384 2456 4441 uxore,
2509 4385 2566 4430 ut
2609 4392 2714 4432 non
2763 4384 2988 4441 excedat
3035 4388 3206 4459 legem
3251 4393 3449 4452 liberos
3499 4416 3626 4469 pro-

2033 4459 2288 4515 creandi?
2315 4461 2395 4518 Ad
2420 4464 2523 4520 hoc
2543 4469 2682 4523 enim
2706 4471 2825 4527 data
2849 4483 2933 4531 est
2957 4495 2971 4532 :
3005 4482 3338 4542 convincunt
3359 4499 3410 4544 te
3432 4459 3626 4550 tabulae

2031 4565 2151 4621 quae
2180 4553 2484 4612 scribuntur
2510 4558 2566 4613 in
2594 4564 2954 4626 matrimonio.
2979 4571 3171 4632 Pactus
3196 4594 3256 4634 es
3277 4587 3625 4653 quemadmo-

2029 4640 2154 4696 dum
2183 4643 2448 4703 duceres:
2479 4660 2632 4706 sonat
2659 4654 2750 4710 tibi
2789 4660 3051 4730 scriptura
3076 4640 3370 4739 pactionis,
3413 4674 3625 4734 Libero-

2028 4751 2140 4789 rum
2175 4741 2603 4809 procreandorum
2627 4763 2796 4804 causa.
2839 4751 2954 4808 Non
2982 4771 3111 4829 ergo
3139 4763 3366 4822 accedas
3385 4808 3400 4833 ,
3442 4769 3491 4824 si
3522 4787 3614 4842 po~
3652 4816 3660 4830 .

2027 4837 2137 4896 tes,
2170 4829 2271 4885 nisi
2302 4831 2592 4892 liberorum
2625 4845 3072 4908 procreandorum
3100 4867 3282 4911 causa.
3313 4857 3369 4915 Si
3399 4863 3614 4921 modum

2024 4924 2322 4979 excesseris
2341 4967 2356 4993 ,
2406 4936 2591 4984 contra
2632 4932 2749 4988 illas
2780 4936 2984 4995 tabulas
3031 4941 3196 5002 facies
3227 4957 3282 5004 et
3309 4963 3494 5009 contra
3526 4971 3612 5027 pa.

2022 5020 2190 5069 ctum.
2218 5014 2405 5073 Nonne
2441 5022 2779 5082 manifestum
2808 5032 2924 5087 est?
2952 5033 3070 5090 Eris
3099 5040 3327 5098 mendax
3347 5087 3362 5110 ,
3396 5057 3449 5102 et
3476 5014 3612 5118 pacti

2019 5107 2249 5189 violator
2273 5127 2285 5164 :
2318 5119 2372 5165 et
2391 5114 2580 5183 quaerit
2599 5116 2652 5171 in
2677 5125 2728 5173 te
2754 5120 2892 5177 Deus
2915 5123 3270 5197 integritatem
3299 5107 3491 5208 templi.
3509 5145 3604 5210 sui,

3025 5184 3054 5197 υ
3169 5184 3270 5188 ""'
3302 5184 3481 5208 ""'r"
3509 5184 3600 5210 ν“⁸Ἴ

2019 5209 2072 5254 et
2106 5184 2227 5256 noni
2254 5202 2490 5271 invenit;
2524 5222 2630 5263 non
2659 5212 2780 5282 quia
2814 5224 2898 5270 tua
2938 5233 3066 5275 usus
3095 5237 3186 5290 es,
3234 5227 3329 5282 sed
3359 5232 3482 5299 quia
3512 5235 3600 5290 im-

2017 5294 2291 5352 moderate
2317 5314 2444 5354 usus
2473 5315 2552 5356 es.
2583 5301 2716 5358 Nam
2742 5317 2795 5360 ct
2820 5308 2999 5364 vinum
3031 5313 3100 5369 de
3124 5294 3388 5386 apotheca
3419 5333 3507 5380 tua
3539 5326 3618 5380 bi-

2017 5387 2120 5456 bis,
2149 5399 2201 5444 ct
2234 5399 2407 5448 tamen
2437 5394 2481 5450 si
2510 5395 2588 5451 sic
2613 5397 2749 5454 bibis
2768 5442 2782 5466 ,
2817 5412 2877 5457 ut
2919 5405 3232 5481 inebrieris,
3265 5429 3373 5472 non
3401 5418 3523 5488 quia
3558 5437 3614 5476 re

2016 5489 2103 5535 tua
2134 5497 2260 5538 usus
2281 5499 2361 5552 es,
2389 5485 2508 5542 ideo
2533 5504 2636 5544 non
2663 5495 2893 5562 peccasti
2919 5515 2932 5552 :
2963 5498 3159 5557 donum
3187 5505 3331 5562 enim
3358 5508 3456 5564 Dei
3482 5524 3613 5566 con-

2014 5576 2220 5632 vertisti
2251 5577 2316 5632 ad
2343 5583 2740 5653 corruptionem
2775 5596 2938 5644 tuam.

2082 5667 2310 5724 CAPUT
2347 5670 2413 5726 X.
2445 5703 2514 5714 ——
2546 5674 2631 5730 10.
2673 5675 2810 5732 Deus
2849 5681 2957 5750 ipse
2998 5684 3276 5752 offenditur
3303 5708 3399 5748 usu
3437 5711 3605 5752 rerum

2011 5776 2361 5818 concessurum
2417 5765 2765 5822 immoderato.
2826 5771 3121 5834 Remedium
3173 5796 3347 5840 contra
3398 5800 3602 5850 amato
