4102 6326
359 339 385 395 1
395 334 498 395 275

357 448 602 525 ejusmodi
644 440 1092 501 immoderationis.
1114 434 1272 511 Quid
1316 445 1467 507 ergo,
1512 429 1743 488 fratres?
1784 428 1945 484 Certe

357 524 701 601 manifestum
740 548 850 607 est,
896 544 951 593 et
981 531 1253 591 renuntiat
1296 528 1534 586 omnium
1578 524 1940 591 conscientia,

357 638 478 708 quia
508 632 722 689 difﬁcile
748 639 831 687 est
858 629 935 684 sic
978 628 1051 681 uti
1080 625 1238 681 rebus
1267 621 1537 679 concessis
1556 661 1572 688 ,
1604 628 1662 674 ut
1704 633 1806 672 non
1845 617 1945 671 ali-

356 727 673 801 quantulum
703 722 989 779 excedatur
1014 716 1223 773 modus.
1248 713 1472 784 Quando
1497 722 1672 768 autem
1699 724 1945 767 excesse-

357 825 431 881 ris
458 822 701 885 modum,
732 816 955 872 offendis
982 801 1187 880 Deum,
1226 810 1380 880 cujus
1404 808 1659 879 templum
1684 820 1765 861 es.
1798 805 1946 859 Tem-

359 916 499 986 plum
526 913 655 967 enim
693 908 790 963 Dei
816 916 1046 963 sanctum
1085 912 1192 971 est,
1225 902 1361 974 quod
1388 902 1505 957 estis
1540 916 1645 955 vos.
1685 898 1855 954 Nemo
1886 913 1945 953 se

356 1009 547 1064 fallat:
585 1003 824 1075 Quisquis
872 999 1112 1071 templum
1158 997 1257 1053 Dei
1303 996 1612 1066 corruperit,
1662 1002 1945 1062 corrumpet

353 1101 503 1154 illum
544 1097 699 1151 Deus.
749 1095 895 1149 Dicta
926 1090 1186 1148 sententia
1224 1098 1338 1153 est,
1382 1089 1582 1143 teneris
1624 1100 1771 1140 reus.
1805 1083 1943 1152 Quid

354 1192 592 1247 dicturus
613 1204 671 1243 es
698 1187 751 1242 in
779 1185 1108 1243 orationibus
1129 1184 1254 1249 tuis,
1278 1180 1488 1253 quando
1514 1180 1725 1249 rogabis
1748 1178 1941 1247 Deum,

353 1299 510 1356 quem
541 1280 766 1336 offendis
796 1280 849 1334 in
895 1278 1093 1347 templo
1122 1292 1252 1341 suo,
1284 1290 1441 1345 quem
1471 1273 1623 1344 pellis
1652 1272 1718 1327 de
1747 1273 1943 1341 templo

353 1379 485 1432 suo?
513 1372 791 1442 Quomodo
828 1371 1113 1427 mundabis
1154 1384 1338 1423 rursus
1373 1368 1425 1423 in
1473 1376 1522 1421 te
1552 1366 1770 1421 domum
1812 1365 1945 1421 Dei?

353 1467 621 1540 quomodo
651 1481 772 1522 eum
802 1464 1028 1520 reduces
1049 1462 1114 1517 ad
1142 1462 1234 1517 te?
1264 1460 1562 1527 Quomodo,
1587 1461 1686 1514 nisi
1714 1459 1943 1515 dicendo

354 1576 418 1615 ex
448 1574 575 1615 vero
594 1557 757 1613 corde
778 1566 889 1623 tuo,
912 1564 967 1611 et
984 1554 1163 1610 verbis
1183 1561 1237 1608 et
1263 1553 1434 1619 factis,
1462 1551 1672 1606 Dimitte
1694 1553 1835 1606 nobis
1857 1553 1946 1607 de-

352 1654 454 1708 bita
482 1663 673 1719 nostra,
702 1653 832 1706 sicut
857 1660 902 1704 et
930 1666 1021 1704 nos
1048 1648 1346 1702 dimittimus
1375 1647 1681 1701 debitoribus
1719 1648 1946 1703 nostris?

352 1746 482 1813 Quis
509 1746 649 1800 enim
680 1752 731 1798 te
754 1742 1025 1811 accusabit
1054 1739 1405 1795 immoderate
1427 1746 1660 1794 utentem
1692 1746 1781 1792 tuo
1800 1739 1940 1805 cibo,

354 1847 441 1893 tuo
488 1845 649 1909 potu,
693 1844 780 1889 tua
822 1833 1085 1903 conjuge?
1114 1831 1282 1887 Nemo
1310 1831 1581 1886 accusabit
1624 1831 1941 1886 hominum:

348 1914 446 1986 (sed
488 1939 661 1984 tamen
690 1928 810 1999 quia
840 1927 980 1981 Deus
1006 1925 1178 1995 arguit
1202 1965 1216 1989 ,
1248 1923 1467 1993 exigens
1493 1923 1560 1978 de
1588 1931 1639 1977 te
1665 1924 1943 1993 integrita-

350 2032 459 2079 tem
496 2023 681 2093 templi
720 2022 801 2076 sui
835 2029 889 2076 et
924 2016 1393 2088 incorruptionem
1420 2017 1760 2072 habitationis
1796 2010 1940 2086 suze,

348 2110 497 2170 dedit
520 2096 971 2179 tibitremedium,
1005 2121 1256 2182 tanquam
1289 2109 1474 2165 dicens
1504 2127 1516 2163 :
1550 2108 1603 2165 Si
1633 2109 1943 2165 excedendo

351 2207 565 2262 modum
598 2205 823 2260 offendis
849 2218 970 2270 me,
1012 2212 1067 2257 et
1105 2216 1204 2272 ego
1245 2201 1440 2256 tenebo
1478 2208 1531 2255 te
1563 2216 1742 2267 reum,
1772 2202 1862 2257 ubi
1892 2211 1945 2258 te

353 2302 530 2358 nullus
559 2301 831 2355 hominum
863 2306 1108 2362 accusat;
1141 2296 1348 2351 dimitte
1378 2295 1578 2349 homini
1624 2295 1766 2366 quod
1807 2295 1861 2351 in
1892 2304 1946 2353 te

349 2396 607 2470 peccavit,
639 2402 696 2447 ut
721 2393 982 2448 dimittam
1017 2391 1108 2445 tibi
1138 2390 1278 2460 quod
1300 2404 1490 2459 peccas
1516 2388 1567 2442 in
1596 2404 1703 2444 me.
1932 2448 1935 2453 ,

420 2486 646 2543 CAPUT
685 2485 778 2540 XI.
807 2512 879 2525 —-
905 2485 992 2539 ll.
1025 2481 1318 2551 Contempto
1358 2482 1448 2535 illo
1477 2482 1698 2537 remedio
1727 2498 1827 2537 non
1859 2499 1943 2537 re-

352 2591 519 2634 manet
546 2596 659 2648 spes
688 2578 795 2631 ulla
831 2576 1026 2631 salutis.
1061 2575 1262 2629 Tenete
1293 2574 1433 2629 istud
1466 2573 1695 2637 fortiter,
1728 2573 1940 2629 fratres.

351 2674 451 2741 Qui
482 2674 623 2727 enim
653 2681 707 2726 et
745 2670 812 2725 ad
848 2667 1153 2739 hujusmodi
1183 2668 1479 2723 antidotum
1524 2669 1939 2734 renuntiaverit,

350 2768 496 2823 nulla
535 2766 612 2821 illi
656 2779 781 2835 spes
810 2763 995 2818 salutis
1043 2762 1261 2818 omnino
1304 2762 1620 2817 remanebit:
1666 2760 1768 2828 Qui
1813 2761 1943 2818 mihi

349 2861 576 2927 dixerit,
609 2859 724 2913 Non
767 2857 982 2913 remitto
1014 2858 1030 2889 ¹
1061 2863 1298 2927 peccata,
1328 2871 1446 2926 qua:
1470 2856 1525 2910 in
1566 2871 1652 2911 me
1680 2855 1817 2912 forte
1844 2856 1942 2931 hoe

352 2956 522 3010 mines
544 2960 801 3023 peccant:
830 2966 935 3006 non
965 2959 1049 3007 est
1074 2950 1220 3006 unde
1248 2950 1323 3004 illi
1358 2951 1660 3020 promittam
1692 2952 1938 3006 salutem.

351 3043 465 3099 Non
494 3044 639 3099 enim
668 3057 885 3112 possum
905 3056 1004 3112 ego
1032 3041 1363 3111 promittere,
1386 3040 1528 3111 quod
1551 3057 1657 3095 non
1681 3043 1943 3110 promittit

354 3136 511 3191 Deus.
544 3135 652 3190 Ero
692 3134 833 3189 enim
879 3149 984 3188 non
1025 3132 1366 3202 dispensator
1391 3132 1540 3186 verbi
1582 3133 1707 3197 Dei,
1738 3133 1830 3188 sed
1860 3134 1942 3187 di-

350 3234 630 3297 spensator
668 3225 950 3295 serpentis.
1003 3223 1236 3293 Serpens
1275 3224 1415 3277 enim
1461 3224 1704 3292 promisit
1742 3225 1939 3281 bonum

350 3319 613 3390 peccanti,
646 3318 785 3373 Deus
809 3325 986 3372 autem
1007 3326 1235 3372 mortem
1259 3317 1489 3372 minatus
1510 3327 1608 3372 est.
1634 3318 1769 3385 Quid
1796 3319 1940 3375 enim

349 3411 423 3466 illi
455 3411 663 3477 evenit,
694 3411 797 3465 nisi
824 3409 964 3480 quod
990 3411 1224 3464 minatus
1252 3420 1335 3464 est
1372 3410 1547 3465 Deus?
1590 3410 1655 3463 Et
1686 3412 1842 3481 longe
1872 3412 1940 3467 ab

348 3519 415 3559 eo
446 3504 641 3559 factum
686 3511 797 3569 est,
841 3503 980 3572 quod
1014 3503 1103 3558 ille
1135 3503 1400 3571 pollicitus
1428 3510 1529 3557 est.
1565 3501 1735 3556 Vultis
1774 3519 1935 3574 ergo,

348 3595 575 3662 fratres,
608 3603 666 3649 ut
703 3595 875 3650 dicam
905 3594 1093 3649 vobis:
1128 3593 1243 3647 Etsi
1276 3594 1645 3662 peccaveritis,
1697 3596 1795 3649 etsi
1834 3611 1940 3653 non

349 3689 658 3745 dimiseritis
690 3696 905 3758 peccata
952 3670 1284 3751 hominibus,
1335 3701 1551 3755 prorsus
1590 3688 1718 3740 salvi
1760 3687 1936 3755 eritis,

348 3798 470 3837 cum
500 3780 707 3836 venerit
746 3778 988 3834 Christus
1032 3776 1218 3843 Jesus,
1273 3777 1518 3831 omnibus
1559 3777 1939 3848 indulgentiam

348 3874 534 3930 dabit?
564 3874 675 3928 Non
722 3873 864 3939 dico,
898 3871 1019 3942 quia
1060 3887 1167 3926 non
1212 3871 1374 3927 audio
1401 3874 1460 3927 ἐ
1494 3887 1601 3927 ηοη
1650 3874 1767 3928 dico
1797 3876 1938 3945 quod

350 3966 481 4020 mihi
503 3980 607 4020 non
630 3964 842 4019 dicitur.
868 3964 1133 4018 Promittit
1158 3964 1371 4033 quidem
1396 3965 1535 4019 Deus
1556 3966 1938 4035 indulgentiam

347 4057 612 4128 peccatori
635 4098 650 4124 ,
698 4056 791 4111 sed
823 4057 1088 4125 prseterita
1120 4057 1296 4110 omnia
1325 4056 1601 4113 dimittens
1630 4064 1935 4130 conversis,

349 4148 683 4205 credentibus
702 4190 715 4213 ,
741 4147 1046 4218 baptizatis.
1081 4147 1191 4202 Hoc
1216 4149 1354 4217 lego,
1388 4147 1491 4204 hoc
1516 4150 1685 4205 audeo
1711 4154 1938 4222 promit-

350 4249 481 4308 tere,
507 4242 608 4295 hoc
629 4241 900 4311 promitto,
924 4250 978 4295 et
999 4240 1138 4310 quod
1168 4242 1417 4311 promitto
1438 4244 1764 4313 promittitur
1784 4230 1943 4302 mihi.

349 4331 564 4386 Etcum
606 4331 818 4401 legitur,
862 4346 1047 4385 omnes
1090 4331 1370 4387 audimus:
1407 4333 1756 4405 condiscipuli
1795 4339 1937 4394 enim

349 4437 554 4489 sumus,
588 4437 723 4477 unus
745 4422 998 4492 magiSter
1023 4431 1106 4477 est
1132 4423 1184 4477 in
1216 4423 1318 4479 ista
1340 4424 1545 4481 schola.

419 4513 645 4570 CAPUT
683 4513 798 4569 XII.
824 4545 892 4554 —
912 4513 999 4569 12.
1032 4514 1253 4569 Peccata
1273 4517 1468 4587 gravia,
1500 4534 1613 4589 qua:
1637 4520 1940 4591 paenitentia:

350 4608 571 4663 laborem
599 4608 805 4679 exigunt
825 4608 1255 4663 vehementiorem.
1288 4608 1441 4664 Leria
1473 4623 1678 4682 peccata
1704 4616 1937 4670 multitu-

350 4704 468 4757 dine
496 4703 818 4772 opprimunt,
851 4703 947 4756 nisi
985 4719 1017 4756 a
1056 4702 1164 4755 Deo
1203 4702 1539 4759 dimittantur.
1583 4705 1771 4763 Omnia
1810 4725 1938 4779 ergo

348 4793 620 4867 praeterita
649 4794 920 4848 conversis
946 4793 1318 4849 dimittuntur:
1351 4806 1604 4852 caeterum
1636 4800 1790 4870 hujus
1816 4802 1936 4857 vita:

352 4898 475 4945 sunt
502 4888 742 4958 quazdam
774 4888 953 4958 gravia
980 4896 1033 4941 et
1060 4887 1357 4953 mortifera,
1381 4906 1500 4959 qua:
1527 4892 1627 4945 nisi
1655 4908 1751 4961 per
1780 4894 1939 4950 vehe-

351 4981 735 5038 mentissimam
762 4979 1063 5034 molestiam
1104 4979 1485 5036 humiliationis
1522 4982 1701 5037 cordis
1729 4994 1783 5038 et
1808 5000 1940 5040 con-

352 5076 585 5131 tritionis
620 5073 837 5144 spiritus
866 5079 919 5126 et
959 5072 1311 5127 tribulationis
1342 5073 1667 5143 poenitentiae
1698 5091 1804 5130 non
1848 5092 1936 5133 re-

350 5171 617 5225 laxantur.
668 5166 794 5222 llaac
834 5166 1174 5221 dimittuntur
1217 5182 1313 5237 per
1356 5168 1533 5223 claves
1573 5168 1847 5225 Ecclesiae.
1881 5172 1938 5228 Si

356 5264 495 5317 enim
518 5269 572 5316 tu
595 5269 646 5315 te
667 5258 895 5329 cteperis
915 5257 1173 5328 judicare,
1198 5258 1242 5312 si
1264 5257 1357 5312 tibi
1377 5260 1604 5329 coeperis
1625 5260 1936 5331 displicere;

355 5355 493 5409 Deus
524 5354 736 5418 veniet,
767 5360 823 5406 ut
849 5352 1180 5406 misereatur.
1221 5350 1274 5406 Si
1304 5360 1357 5405 tu
1388 5360 1440 5406 te
1471 5354 1657 5423 punire
1681 5355 1936 5425 volueris,

353 5456 535 5520 parcet
564 5448 672 5502 ille.
703 5446 804 5514 Qui
846 5454 1021 5499 autem
1064 5444 1171 5515 agit
1197 5444 1332 5500 bene
1361 5446 1727 5516 paenitentiam
1750 5490 1765 5514 ,
1813 5464 1939 5505 suus

355 5543 470 5613 ipse
492 5541 705 5611 punitor
730 5547 832 5595 est.
867 5538 948 5594 Sit
977 5546 1188 5609 oportet
1214 5540 1325 5609 ipse
1351 5555 1569 5594 severus
1599 5541 1649 5594 in
1678 5557 1764 5606 se,
1798 5551 1855 5596 ut
1885 5542 1937 5597 in

354 5647 476 5688 eum
499 5631 568 5687 sit
588 5628 893 5687 misericors
916 5630 1055 5685 Deus
1078 5648 1091 5684 :
1117 5629 1384 5700 quomodo
1405 5632 1533 5687 dicit
1555 5631 1737 5700 David,
1762 5632 1940 5690 Averte

419 5769 437 5829 ἦ
460 5766 595 5817 Ulim.
623 5773 675 5816 et
695 5772 825 5826 Mss,
847 5778 940 5818 non
962 5765 1195 5829 relinquo.

419 5827 441 5863 ⁸
463 5828 535 5879 sic
555 5831 842 5881 Germaneai
926 5834 981 5877 At
1003 5826 1142 5883 editi.
1167 5826 1341 5880 audeat
1392 5898 1393 5901 η

1596 380 1599 383 _
1662 309 1890 371 SERMO
1922 309 2276 372 CCLXXVIII.
2362 382 2365 385 ἰ

3497 327 3639 386 1274

2054 430 2236 500 faciem
2262 438 2399 486 tuam
2434 448 2465 486 a
2493 434 2707 504 peccatis
2733 436 2884 504 meis,
2919 442 2966 492 et
2990 452 3162 495 omnes
3187 438 3476 509 iniquitates
3502 460 3638 499 meas

2053 521 2181 576 dele.
2208 523 2314 579 Sed
2343 541 2447 596 quo
2470 529 2697 584 merito?
2734 531 2822 585 Ait
2860 532 2913 586 in
2952 532 3069 604 ipso
3095 535 3341 606 psalmo:
3383 536 3636 603 Quoniam

2050 614 2363 686 iniquitatem
2390 635 2553 674 meam
2578 638 2667 693 ego
2693 638 2931 692 agnosco,
2960 634 3006 679 et
3032 635 3291 695 peccatum
3318 644 3483 682 meum
3523 641 3637 686 ante

2051 723 2132 761 me
2155 718 2226 763 est
2265 726 2461 782 semper
2490 712 2656 783 (Psal.
2696 731 2746 781 ι,
2779 717 2866 783 ll,
2896 716 2971 788 5).
3015 718 3071 774 Si
3107 734 3234 790 ergo
3262 731 3315 775 tu
3356 723 3634 793 agnoscis,

2050 798 2141 855 ille
2167 800 2409 871 ignoscit.
2438 802 2573 859 Sunt
2599 814 2775 862 autem
2801 818 3017 879 peccata
3042 812 3175 867 levia
3195 822 3250 868 et
3270 815 3490 879 minuta,
3515 832 3636 886 (λικε

2051 890 2275 947 devitari
2306 895 2523 948 omnino
2553 912 2655 951 non
2688 910 2942 969 possunt,
2985 919 3102 973 qure
3141 905 3352 975 quidem
3391 907 3636 963 videntur

2051 985 2257 1041 minora
2290 988 2330 1051 ί,
2378 988 2470 1042 sed
2504 992 2839 1049 multitudine
2864 1008 3130 1067 premunt.
3174 999 3303 1053 Nam
3335 1010 3388 1056 et
3415 1017 3635 1058 acervus

2052 1076 2303 1133 frumenti
2335 1080 2703 1137 minutissimis
2723 1088 2902 1155 granis
2926 1090 3210 1160 colligitur,
3234 1103 3285 1147 et
3312 1102 3483 1148 tamen
3509 1109 3622 1149 one-

2051 1183 2236 1226 rantur
2278 1173 2399 1229 inde
2428 1191 2588 1231 naves
2614 1195 2626 1229 :
2658 1186 2711 1232 et
2741 1180 2783 1232 si
2817 1182 3044 1250 amplius
3069 1195 3379 1253 onerentur,
3421 1188 3629 1242 demer-

2050 1276 2265 1336 guntur.
2288 1268 2465 1325 Unum
2489 1270 2684 1327 fulmen
2708 1273 2887 1343 dejicit
2915 1277 3166 1347 aliquem,
3198 1288 3252 1334 et
3278 1280 3470 1335 occidit
3495 1298 3506 1333 :
3542 1280 3633 1335 sed

2050 1366 2106 1411 et
2123 1358 2166 1411 si
2184 1359 2356 1428 pluvia
2379 1362 2448 1414 sit
2467 1364 2649 1430 nimia,
2671 1365 3039 1422 minutissimis
3059 1371 3218 1441 guttis
3242 1382 3415 1427 tamen
3442 1375 3634 1429 multos

2050 1450 2319 1507 interficit.
2351 1454 2483 1510 Illud
2524 1473 2630 1512 uno
2661 1460 2765 1513 ictu
2799 1462 3044 1530 perimit,
3089 1464 3175 1517 illa
3202 1481 3265 1519 ex
3302 1467 3635 1522 multitudine

2049 1543 2356 1614 exstinguit.
2384 1546 2586 1617 Magnae
2617 1548 2800 1605 bestia:
2827 1544 2933 1605 uno
2974 1542 3156 1607 morsu
3192 1544 3435 1609 occidunt
3466 1558 3638 1613 homi-

2049 1649 2173 1689 nem
2198 1654 2210 1688 :
2246 1637 2463 1691 minutae
2488 1650 2665 1695 autem
2691 1636 2815 1696 eum
2845 1634 3039 1697 fuerint
3069 1644 3248 1699 multa:
3275 1661 3630 1718 congregatae,

2048 1724 2361 1797 plerumque
2388 1729 2734 1797 interimunt,
2765 1741 2819 1787 et
2848 1734 3007 1787 talem
3052 1736 3335 1803 perniciem
3365 1737 3630 1807 inferunt,

2051 1827 2107 1871 ut
2138 1820 2307 1887 ptenis
2332 1821 2633 1891 hujusmodi
2672 1840 2804 1895 gens
2838 1828 3065 1896 superba
3097 1829 3388 1883 Pharaonis
3407 1831 3634 1899 judicari

2047 1912 2324 1965 meruerit.
2364 1913 2421 1967 Si
2448 1929 2593 1984 ergo,
2631 1917 2872 1985 quamvis
2911 1919 3113 1973 minuta
3136 1922 3243 1974 sint
3270 1922 3366 1976 ista
3397 1931 3629 1992 peccata,

2050 2009 2225 2057 tamen
2257 2005 2378 2073 quia
2412 2016 2515 2059 tam
2559 2009 2720 2061 multa
2748 2018 2904 2077 sunt,
2947 2021 3003 2065 ut
3040 2024 3356 2085 congregata
3386 2031 3633 2073 acervum

2050 2095 2261 2163 faciant,
2304 2115 2408 2169 quo
2440 2110 2489 2155 te
2517 2112 2791 2171 premant;
2819 2104 2992 2160 bonus
3022 2116 3103 2161 est
3139 2108 3314 2176 Deus,
3345 2111 3433 2181 qui
3474 2112 3634 2167 etiam

2049 2189 2163 2260 ipsa
2193 2191 2446 2257 dimittit,
2488 2194 2602 2247 sine
2646 2196 2837 2264 quibus
2863 2212 2969 2251 non
3009 2207 3184 2267 potest
3221 2201 3319 2255 ista
3359 2203 3465 2257 vita
3491 2202 3633 2258 duci.

2049 2281 2328 2349 Quomodo
2348 2293 2523 2339 autem
2545 2285 2780 2355 dimittit,
2811 2288 2857 2344 si
2884 2296 2941 2344 tu
2970 2305 3077 2346 non
3095 2291 3333 2349 dimittas
3359 2310 3480 2365 qua:
3505 2296 3557 2350 in
3586 2305 3637 2352 te

2050 2377 2488 2434 committuntur?
2630 2404 2631 2407 η
2776 2394 2796 2413 τ

2120 2466 2347 2525 CAPUT
2388 2471 2528 2526 Xlll.
2561 2503 2633 2514 —
2662 2475 2749 2529 15.
2793 2474 3095 2543 Sentinare,
3137 2479 3305 2534 debita
3332 2480 3637 2539 debitoribus

2049 2560 2233 2615 nostris
2260 2562 2577 2619 dimittenda.
2607 2564 2879 2624 Sententia
2912 2571 3010 2625 ista
3041 2572 3117 2627 sic
3151 2580 3233 2627 est
3261 2573 3311 2627 in
3342 2574 3504 2630 corde
3535 2573 3635 2629 ho-

2049 2654 2224 2719 minis,
2256 2659 2526 2726 quomodo
2552 2660 2745 2727 cadus,
2778 2662 2919 2716 unde
2959 2664 3254 2719 sentinatur
3279 2667 3429 2721 navis
3458 2667 3511 2721 in
3539 2682 3635 2737 pe-

2048 2745 2188 2815 lago.
2211 2746 2327 2802 Non
2356 2758 2531 2818 potest
2553 2752 2694 2806 enim
2720 2752 2822 2807 nisi
2846 2767 3037 2824 aquam
3057 2756 3336 2812 admittere
3360 2773 3454 2827 per
3473 2759 3635 2815 rimas

2048 2841 2381 2911 compaginis
2426 2857 2557 2898 suae.
2588 2844 2846 2900 Paulatim
2878 2855 3056 2903 tamen
3084 2848 3384 2905 adhibendo
3422 2859 3635 2908 tenuem

2048 2930 2330 3000 liquorem,
2363 2933 2487 2988 facit
2511 2936 2731 2991 multam
2754 2939 3147 3008 collectionem,
3172 2942 3241 2996 ita
3266 2952 3321 2996 ut
3340 2943 3385 2997 si
3409 2958 3513 2997 non
3535 2960 3633 3000 ex-

2049 3021 2346 3091 hauriatur,
2378 3042 2565 3082 navem
2599 3030 2883 3098 opprimat.
2916 3030 3006 3086 Sic
3034 3040 3088 3086 et
3126 3032 3178 3086 in
3206 3033 3303 3088 ista
3336 3034 3439 3088 vita
3471 3034 3636 3090 habe-

2050 3129 2169 3169 mus
2195 3117 2450 3185 quasdam
2474 3120 2811 3174 mortalitatis
2832 3120 3232 3193 fragilitatisque
3251 3134 3448 3180 nostrae
3473 3126 3637 3182 rimu-

2047 3205 2156 3271 las,
2215 3222 2312 3277 per
2352 3224 2483 3279 quas
2540 3211 2703 3266 intrat
2748 3221 3024 3281 peccatum
3075 3214 3142 3269 de
3182 3213 3431 3271 fluctibus
3478 3217 3636 3287 hujus

2046 3298 2247 3352 saeculi.
2279 3301 2631 3370 Arripiamus,
2668 3310 2917 3374 tanquam
2954 3305 3215 3374 sitellam,
3245 3308 3397 3362 istam
3424 3317 3637 3364 senten-

2046 3390 2171 3445 tiam
2204 3390 2245 3453 ³,
2288 3399 2346 3445 ut
2374 3394 2733 3459 sentinemus,
2771 3410 2840 3451 ne
2876 3395 3268 3468 demergamur.
3297 3400 3638 3460 Dimittamus

2045 3479 2221 3534 debita
2247 3481 2577 3538 debitoribus
2601 3487 2820 3553 nostris,
2850 3495 2907 3540 ut
2931 3488 3162 3544 dimittat
3185 3491 3337 3547 nobis
3369 3492 3510 3549 Deus
3538 3495 3635 3551 de-

2045 3572 2154 3627 bita
2182 3584 2383 3629 nostra.
2419 3576 2521 3630 Per
2558 3578 2694 3633 hanc
2723 3579 3040 3635 sententiam
3072 3582 3135 3653 (si
3169 3583 3287 3651 flat,
3316 3594 3375 3639 ut
3400 3602 3526 3642 vere
3550 3587 3635 3644 di-

2044 3663 2218 3734 catur)
2248 3666 2499 3721 cxhauris
2527 3668 2783 3739 quidquid
2812 3670 3109 3727 influxerat.
3140 3673 3244 3729 Sed
3264 3686 3451 3732 cautus
3476 3686 3631 3735 esto:

2044 3754 2217 3809 adhuc
2253 3757 2391 3810 enim
2421 3757 2471 3811 in
2500 3760 2633 3813 mari
2662 3776 2740 3814 es.
2773 3760 2903 3816 Nam
2935 3778 3053 3817 cum
3080 3763 3183 3819 hoc
3211 3767 3375 3821 semel
3409 3767 3629 3837 feceris,

2043 3861 2150 3901 non
2174 3848 2387 3914 sufficit,
2415 3850 2515 3905 nisi
2540 3854 2849 3921 perveneris
2872 3854 3091 3925 trajecto
3113 3857 3215 3912 isto
3241 3859 3377 3913 mari
3402 3859 3467 3914 ad
3490 3860 3633 3918 illam

2044 3940 2227 4008 patria:
2253 3941 2584 3998 soliditatem
2612 3953 2667 3999 et
2696 3944 2999 4001 firmitatem
3018 3988 3032 4013 ,
3074 3948 3162 4004 ubi
3206 3951 3364 4006 nullis
3389 3951 3634 4010 ﬂuctibus

2043 4033 2318 4102 quatiaris,
2351 4051 2450 4091 nec
2479 4036 2717 4093 dimittas
2737 4040 2878 4109 quod
2906 4040 2960 4095 in
2987 4049 3037 4097 te
3060 4058 3164 4097 non
3192 4043 3506 4114 admittitur,
3534 4062 3634 4104 nec

2043 4125 2137 4179 tibi
2164 4126 2357 4182 dimitti
2384 4130 2517 4185 velis
2547 4131 2688 4201 quod
2716 4148 2821 4188 non
2852 4133 3107 4189 admittis.
3632 4172 3633 4175 η

2112 4218 2338 4277 CAPUT
2379 4221 2521 4277 XIV.
2545 4253 2618 4264 —
2643 4225 2731 4279 14.
2774 4224 2960 4280 Odium
3005 4227 3104 4281 cito
3142 4227 3523 4299 deponendum,
3573 4250 3636 4288 ne

2042 4321 2331 4383 corrumpat
2358 4329 2464 4367 cor.
2515 4313 2655 4370 Satis
2691 4331 2778 4371 me
2810 4316 2910 4372 hoc
2954 4320 3359 4377 commendasse
3401 4323 3634 4381 arbitror

2042 4402 2299 4460 Charitati
2324 4415 2536 4473 vestrae,
2568 4417 2621 4464 et
2648 4411 2963 4466 commendo
2993 4422 3212 4484 propter
3241 4415 3433 4474 ﬂuctus
3463 4419 3627 4489 istos,

2043 4497 2095 4551 in
2122 4497 2316 4569 quibus
2342 4500 2724 4569 periclitamur,
2751 4503 3044 4560 remedium
3075 4507 3305 4564 salutare
3332 4520 3626 4569 teneamus.

2044 4590 2112 4645 Et
2140 4591 2318 4648 videte
2344 4594 2505 4649 etiam
2549 4606 2803 4666 quantum
2847 4608 3056 4667 peccet,
3090 4602 3181 4671 qui
3224 4618 3417 4659 nocere
3455 4606 3632 4664 studet

2042 4682 2347 4751 innocenti;
2392 4701 2511 4742 cum
2554 4688 2641 4744 ille
2666 4688 2775 4759 jam
2804 4706 2910 4746 non
2954 4692 3024 4748 sit
3068 4694 3350 4763 ferendus,
3397 4697 3487 4769 qui
3522 4714 3628 4757 non

2042 4774 2260 4830 dimittit
2279 4778 2421 4847 quod
2443 4778 2491 4832 ei
2521 4780 2744 4851 quisque
2771 4785 3030 4838 nocuerit.
3062 4786 3351 4843 Attendant
3370 4803 3498 4861 ergo
3527 4792 3630 4847 fra-

2045 4877 2152 4922 tres
2174 4870 2365 4937 nostri,
2389 4878 2444 4926 et
2466 4871 2681 4928 videant
2703 4874 2960 4930 adversus
2982 4891 3116 4945 quos
3136 4876 3401 4935 habebant
3427 4882 3631 4953 aliquas

2043 4960 2427 5017 amaritudines
2473 4963 2739 5019 odiorum.
2786 4966 2839 5021 Si
2872 4982 2978 5022 non
3006 4967 3124 5024 illas
3166 4969 3513 5040 dimiserunt,
3544 4975 3630 5032 vel

2044 5066 2139 5123 per
2169 5054 2300 5108 istos
2326 5053 2440 5109 dies
2477 5056 2693 5113 videant
2719 5059 2843 5129 quid
2888 5058 3084 5116 faciant
3129 5062 3226 5118 ista
3274 5065 3342 5121 de
3380 5068 3629 5127 cordibus

2044 5158 2249 5199 eorum.
2281 5146 2388 5199 Aut
2411 5154 2555 5202 certe
2582 5148 2626 5203 si
2657 5164 2717 5204 se
2746 5158 2884 5204 tutos
2924 5160 3143 5221 putant,
3178 5155 3390 5212 mittant
3416 5168 3624 5216 acetum

2044 5236 2097 5291 in
2134 5251 2290 5303 vasa,
2337 5238 2388 5293 in
2441 5241 2633 5311 quibus
2679 5242 2875 5297 bonum
2922 5244 3099 5300 vinum
3144 5250 3359 5304 servare
3403 5266 3630 5308 consuc-

2044 5339 2251 5384 verunt.
2282 5329 2399 5385 Non
2427 5332 2663 5398 mittunt,
2695 5342 2748 5388 et
2774 5335 2913 5388 cauti
2943 5346 3085 5401 sunt,
3114 5354 3181 5393 ne
3208 5346 3340 5395 testa
3370 5342 3586 5399 vitietur
3611 5364 3625 5401 :

2043 5430 2097 5474 et
2125 5419 2303 5475 odium
2329 5422 2545 5477 mittunt
2569 5423 2618 5478 in
2648 5437 2742 5479 cor
2771 5439 2946 5492 suum,
2980 5443 3085 5483 non
3114 5429 3363 5488 timentes
3392 5450 3459 5490 ne
3503 5437 3627 5507 quid

2044 5513 2115 5568 ibi
2156 5516 2511 5586 corruptionis
2536 5520 2817 5586 operetur?
2845 5520 3063 5578 Servate
3105 5539 3253 5596 ergo,
3297 5526 3522 5599 fratres,
3572 5541 3629 5588 ut

2107 5651 2124 5682 ί
2147 5656 2197 5698 tn
2219 5651 2528 5702 Germaaeusi
2554 5659 2606 5703 et
2622 5652 2895 5719 Colbertino
2914 5664 3042 5718 Mss,
3072 5663 3119 5709 et
3139 5658 3323 5712 minuta
3346 5664 3408 5715 de
3425 5666 3518 5717 vita
3538 5667 3630 5719 hu-

2042 5725 2356 5793 ma‘nathuw
2397 5725 2491 5763 non
2520 5722 2715 5778 possunt
2755 5716 2850 5769 nisi
2882 5716 3129 5783 committi,
3170 5724 3392 5779 uidentur

2043 5774 2291 5894 χέ’ὧξῗίι
2314 5833 2563 5890 tentatum-
2583 5836 2751 5894 Melius
2766 5847 2897 5899 Mssa
2918 5849 3213 5899 semesum.
