4102 6326
507 462 637 520 nulli
674 455 931 525 noeeatis,
958 460 1213 527 quantum
1238 448 1498 522 potestis:
1529 454 1585 505 et
1610 447 1656 504 si
1680 461 1787 519 qua
1813 445 1963 502 vobis
1993 442 2095 499 im-

505 551 801 612 moderatio
824 548 892 604 de
925 562 1025 603 usu
1061 546 1164 601 isto
1188 556 1564 601 concessarum
1593 538 1805 607 rerum,
1838 539 1957 592 vita:
1989 535 2090 590 hu-

505 660 674 702 mana:
701 640 1012 698 infirmitate
1053 637 1412 708 subrepserit,
1462 632 1711 705 quoniam
1756 631 1989 704 pertinet
2025 628 2091 685 ad

501 735 898 807 corruptionem
933 724 1115 802 iempli
1140 730 1268 796 Dei;
1300 737 1474 784 tenete
1498 736 1657 797 atque
1676 726 1907 789 versate,
1939 731 1997 777 ut
2026 736 2089 776 ea

502 848 621 903 quae
650 828 705 885 in
735 843 829 884 vos
855 827 1277 891 committuntur,
1305 824 1412 879 cito
1438 820 1720 877 dimittatis
1748 816 2086 901 horninibus,

501 928 563 975 ut
603 904 760 975 i‘ater
786 926 962 973 vester
989 915 1078 987 qui
1105 916 1158 970 in
1193 915 1347 970 cwlis
1377 922 1489 981 est,
1529 911 1759 967 dimittat
1785 910 1937 965 vobis
1967 921 2091 978 pec-

501 1018 619 1067 cata
648 1002 844 1066 vestra.

916 1139 1149 1198 SERMO
1180 1137 1489 1196 CCLXXIX
1505 1138 1529 1165 ⁶
1553 1137 1652 1209 (a).

989 1252 1068 1312 De
1097 1254 1265 1311 Paulo
1295 1253 1526 1326 apostolo
1553 1254 1594 1308 ί.

714 1378 802 1421 Pro
830 1366 1140 1421 solemnitate
1170 1364 1504 1419 Conversionis
1537 1364 1786 1430 ejusdem,
1818 1380 1870 1417 ιι.

569 1496 794 1555 CAPUT
834 1497 1120 1554 PRIMUM.
1147 1524 1221 1538 —-
1267 1498 1321 1551 i.
1360 1494 1431 1550 In
1467 1495 1620 1549 Pauli
1658 1494 1936 1549 mutatione
1987 1493 2087 1547 int-

498 1590 665 1663 pletur
708 1592 975 1662 praphetia
1021 1589 1180 1645 Jacob
1211 1589 1274 1643 de
1297 1588 1586 1661 Benjamia.
1626 1588 1798 1643 Verba
1841 1587 2084 1659 Apostoli

498 1684 816 1754 audivimus,
847 1686 955 1740 itno
982 1701 1077 1756 per
1100 1685 1415 1755 Apostolum
1446 1684 1606 1739 verba
1632 1682 1829 1738 Christi
1859 1684 2081 1753 loquen-

497 1778 567 1834 tis
598 1780 652 1834 in
678 1779 766 1834 illo
785 1818 800 1846 ,
830 1794 987 1849 quem
1025 1778 1096 1833 de
1122 1785 1465 1848 persecutore
1491 1776 1895 1847 pricdieatorem
1928 1775 2081 1843 fecit,

497 1873 800 1942 percutiens
830 1881 882 1926 et
916 1884 1142 1936 sanans,
1185 1869 1436 1925 occidens
1455 1877 1511 1924 et
1534 1868 1843 1933 vivitieans;
1874 1868 2084 1924 occisus

497 1981 667 2039 agnus
692 1982 723 2020 a
763 1966 929 2036 lupis,
953 1974 1009 2021 et
1046 1964 1244 2020 faciens
1270 1977 1436 2034 agnos
1461 1962 1529 2018 de
1568 1962 1727 2032 lupis.
1760 1961 2083 2017 Prmdictum

497 2060 683 2116 eratin
714 2060 962 2129 praeclara
987 2058 1284 2128 prepbetia,
1304 2072 1424 2111 cum
1441 2056 1607 2112 Jaeob
1628 2065 1843 2111 sancttm
1870 2055 2088 2126 patriar-

496 2150 595 2208 cha
637 2151 975 2206 benediceret
1007 2150 1143 2205 filios
1181 2165 1338 2214 suos,
1373 2158 1664 2219 praesentes
1701 2159 1923 2219 tangens
1949 2190 1965 2217 ,
1996 2150 2081 2204 fu-

495 2251 611 2297 tura
642 2241 990 2313 prospiciens,
1019 2242 1330 2311 praedicunt]
1356 2247 1475 2296 erat
1498 2241 1643 2312 quod
1672 2241 1724 2295 in
1751 2241 1917 2296 Paule
1946 2252 2081 2297 con-‘-

496 2336 630 2406 tigit.
664 2336 948 2391 Eratenim
978 2336 1201 2403 Paulus,
1228 2336 1365 2390 sicut
1390 2335 1505 2405 ipse
1547 2343 1807 2402 testatur,
1843 2335 1911 2390 de
1936 2336 2079 2391 tribu

492 2428 773 2499 Bcnjamin
804 2427 1061 2501 (Philipp.
1086 2444 1164 2495 tn,
1196 2429 1277 2497 ωε
1308 2428 1441 2483 Cum
1463 2436 1639 2483 autem
1664 2427 1831 2484 Jacob
1859 2428 2082 2484 benedi-

491 2534 621 2577 cens
649 2521 785 2576 lilios
811 2535 938 2576 suos
964 2521 1200 2576 venisset
1227 2520 1292 2576 ad
1321 2521 1597 2591 Beniamin
1625 2520 2045 2577 benedicendum
2063 2558 2080 2590 ,

490 2612 565 2667 ait
584 2612 651 2668 de
676 2612 770 2668 illo
800 2631 812 2666 :
837 2612 1107 2684 Benjamin
1127 2613 1279 2684 lupus
1302 2629 1486 2684 rapax.
1509 2613 1646 2682 Quid
1662 2614 1826 2684 ergo?
1844 2614 1901 2670 Si
1927 2616 2081 2687 lupus

489 2719 678 2773 rapax,
705 2718 918 2773 semper
946 2703 1147 2774 rapax?
1176 2703 1350 2759 Absit.
1379 2704 1485 2759 Sed
1511 2703 1679 2775 quid?
1709 2704 1864 2760 Mane
1887 2707 2073 2776 rapiet,

488 2796 557 2852 ad
607 2810 865 2869 uesperum
914 2796 1100 2851 diuidet
1145 2814 1287 2853 escas
1316 2796 1487 2867 (Gen.
1520 2804 1680 2863 tux,
1712 2798 1839 2870 27).
1885 2800 1998 2855 Hoc
2025 2800 2078 2854 in

489 2888 729 2959 apostolo
758 2888 925 2944 Paulo
945 2891 1268 2960 completum
1293 2898 1395 2957 est,
1422 2890 1546 2961 quia
1572 2900 1626 2947 et
1649 2891 1718 2946 de
1742 2892 1833 2947 illo
1853 2892 2078 2962 praedic-

491 2990 600 3037 tum
623 2991 758 3037 erat.
786 2980 926 3048 lam,
952 2983 997 3037 si
1025 2982 1218 3052 placet,
1248 2982 1596 3053 inspiciamus
1624 2984 1772 3039 illum
1801 2998 1961 3040 mane
1986 3000 2079 3040 ra-

488 3075 763 3145 picntem,
807 3073 872 3129 ad
912 3085 1197 3145 vesperum
1238 3082 1389 3131 escas
1427 3075 1772 3131 dividentem.
1823 3076 1980 3131 Hane
2021 3083 2083 3133 et

488 3183 750 3239 uesperum
774 3167 945 3238 posita
987 3176 1111 3223 sunt
1139 3183 1236 3237 pro
1264 3182 1331 3223 eo
1355 3183 1419 3222 ac
1443 3168 1488 3222 si
1516 3168 1785 3224 diceretur
1805 3212 1818 3235 ,
1842 3169 2001 3226 Prius
2022 3178 2077 3227 et

489 3269 692 3333 postea.
720 3261 809 3318 Sic
836 3268 964 3333 ergo
999 3262 1339 3334 accipiamus,
1369 3261 1524 3317 Prius
1551 3262 1741 3332 rapiet,
1775 3273 1959 3333 postea
1989 3263 2075 3319 di-

486 3352 631 3410 videt
653 3366 821 3409 escas:
850 3352 1121 3408 Attendite
1149 3356 1417 3422 raptorem
1442 3369 1457 3405 ε
1486 3353 1699 3422 Saulus;
1724 3356 1909 3427 inquit,
1937 3356 2075 3412 sicut

486 3446 652 3501 Actus
680 3446 1056 3515 Apostolorum
1084 3450 1382 3512 testantur,
1408 3447 1628 3516 acceptis
1657 3446 1837 3502 litteris
1864 3465 1895 3501 a
1923 3448 2067 3518 prin-

485 3538 680 3608 cipibus
699 3538 1033 3603 sacerdotum,
1067 3546 1120 3591 ut
1147 3538 1442 3609 ubicumque
1460 3540 1699 3594 inueniret
1722 3541 1815 3594 via:
1838 3539 1935 3595 Dei
1960 3556 2071 3597 sec;

486 3639 691 3694 tutores,
722 3629 995 3685 attraham
1021 3639 1070 3685 et
1089 3630 1383 3699 adduceret,
1417 3632 1597 3703 utique
1624 3634 1945 3703 puniendos,
1968 3634 2075 3691 ibat

482 3723 687 3794 spirans
721 3726 768 3777 et
808 3723 1054 3778 anhelans
1092 3725 1274 3779 ctedes.
1304 3723 1399 3779 Hie
1424 3732 1506 3779 est
1533 3726 1622 3781 ille
1649 3741 1804 3783 mane
1832 3729 2068 3799 rapiens.

480 3813 612 3870 Nam
640 3823 696 3870 et
722 3814 936 3886 quando
965 3814 1226 3887 lapidatus
1253 3824 1336 3870 est
1359 3814 1663 3886 Stephanus
1684 3819 1885 3887 primus
1925 3826 2069 3875 mar;

482 3911 568 3977 επ
590 3916 689 3977 pro
717 3906 933 3961 nomine
966 3906 1203 3975 Christi;
1234 3906 1531 3963 evidentius
1557 3908 1742 3964 aderat
1772 3919 1827 3965 et
1855 3910 2066 3967 Saulus.

482 3997 551 4053 Et
573 3998 652 4053 sie
669 3998 852 4055 aderat
880 3999 1237 4071 Iapidantibus
1255 4030 1273 4068 ,-
1294 4009 1355 4055 ut
1384 4014 1489 4056 non
1512 4002 1560 4057 ei
1588 4002 1856 4059 sufficeret
1880 4004 1925 4059 si
1948 4013 2067 4060 tan;

483 4097 593 4144 tum
621 4091 731 4144 suis
757 4092 1001 4147 manibus
1022 4092 1299 4162 lepidst-et.
1330 4093 1399 4149 Ut
1418 4095 1559 4149 enim
1589 4104 1732 4151 esset
1753 4098 1805 4151 in
1827 4098 2066 4153 omnium

481 4181 828 4252 iapidantium
865 4185 1113 4240 manibus
1136 4226 1151 4250 ,
1178 4185 1294 4255 ipse
1321 4187 1560 4242 omnium
1594 4190 1911 4245 vestimenta
1947 4194 2067 4247 ser-

480 4276 676 4345 nbat,
705 4278 877 4349 magis
902 4279 1130 4334 smviens
1160 4292 1349 4337 omnes
1377 4281 1710 4353 adjuvando,
1756 4298 1914 4356 quam
1953 4286 2067 4342 suis

480 4368 726 4426 manibus
759 4369 1061 4440 lapidando:
1093 4369 1441 4443 Audivimus,
1476 4373 1632 4429 Mane
1652 4377 1812 4446 rapiet
1838 4378 2063 4433 .‘Videa-

479 4478 622 4529 mus,-
644 4463 713 4518 σά
737 4470 1001 4536 uesperum
1026 4466 1215 4521 diuidet
1242 4480 1400 4525 escas.
1433 4469 1572 4525 Voce
1606 4469 1802 4528 Christi
1831 4473 1899 4529 de
1925 4475 2065 4530 cosio

479 4565 777 4626 prestratus
797 4568 898 4623 est,
931 4566 984 4613 et
1008 4561 1276 4631 accipiens
1307 4563 1645 4618 interdictum
1674 4558 1951 4630 saeviendi,
1975 4582 2066 4623 ce-

476 4648 605 4703 cidit
644 4649 697 4702 in
731 4647 920 4704 facient
959 4660 1147 4716 suam;
1192 4655 1335 4722 prius
1380 4657 1837 4725 prosternendus,
1869 4658 2063 4715 deinde

476 4738 780 4808 eligendus;
808 4742 955 4810 prius
982 4744 1385 4811 percutiendus,
1417 4753 1600 4815 postea
1623 4749 1911 4804 sanandus.
1945 4753 2060 4807 Non

476 4832 617 4886 enim
646 4832 696 4884 in
721 4831 814 4885 illo
834 4833 1081 4887 Christus
1124 4846 1306 4904 postea
1338 4836 1537 4891 viveret
1555 4878 1569 4904 ,
1600 4840 1699 4892 nisi
1728 4841 2063 4899 occideretur

476 4924 527 4976 in
557 4938 623 4977 eo
649 4922 793 4993 quod
820 4925 959 4980 male
996 4932 1121 4982 ante
1150 4927 1395 4984 vixisset.
1435 4924 1572 4997 Quid
1603 4947 1731 5003 ergo
1759 4940 2061 5004 prostratus

473 5014 711 5072 audivit?
742 5016 937 5085 Saule,
964 5017 1156 5089 Saule,
1197 5020 1322 5092 quid
1358 5037 1440 5077 ate
1472 5028 1822 5096 persequeris?
1859 5026 2061 5085 Durum

536 5219 554 5253 ¹
581 5225 628 5269 in
650 5220 999 5292 eodieeﬁegio
1044 5227 1097 5273 et
1142 5224 1387 5292 Victorino
1412 5225 1585 5279 titulus
1629 5238 1724 5292 est,
1765 5230 1817 5282 In
1854 5232 2059 5287 renuer-

472 5293 603 5356 9"?”
623 5282 850 5356 52W"-
878 5282 968 5356 θέα
991 5291 1155 5335 tamen
1177 5289 1438 5356 arguendo.
1464 5292 1603 5353 cuius
1627 5282 1831 5356 primum
1852 5282 2057 5353 citat:

473 5342 578 5393 ﬁsus
596 5345 841 5415 codicibus
863 5354 1089 5415 vulgatus
1114 5356 1189 5399 est
1213 5342 1490 5415 bicserrno,
1523 5342 1705 5406 'Bedatn
1720 5342 1841 5415 sit};
1856 5342 2059 5415 ﬂorum

475 5408 609 5477 sequi
635 5408 825 5477 placuit,
849 5411 930 5473 qui
955 5418 1235 5460 mustanter
1267 5413 1398 5474 citat,
1444 5408 1518 5466 tu:
1550 5426 1770 5470 sermone
1806 5408 1868 5473 ite
1904 5408 2060 5477 ista;

473 5472 696 5543 epostulo,
719 5472 777 5518 ad
804 5472 929 5521 ttoin.
958 5490 991 5529 ι,
1018 5489 1098 5543 vni
1122 5482 1173 5522 et
1196 5489 1246 5543 ξι,
1273 5482 1327 5543 et
1346 5472 1405 5526 ad
1430 5479 1628 5543 Philipp.
1653 5496 1702 5531 ιι.
1728 5472 2055 5540 Caeterumﬂei

585 5545 679 5611 uun
699 5547 924 5604 sermone
954 5527 1260 5611 membratim
1282 5527 1704 5611 disseetocot'iliati
1729 5527 2055 5611 iaEEni’ciuB‘;

474 5590 655 5671 miliegt
673 5596 757 5671 qui
780 5596 831 5667 in
853 5606 967 5671 ante
996 5600 1142 5648 editis
1175 5607 1251 5650 est
1271 5613 1433 5651 sermo
1458 5604 1518 5653 14
1941 5590 2055 5665 26F:

472 5654 977 5727 ιῃοδδίείει›ίγυιιδξδ.⁸
1040 5722 1057 5727 ἢ
1118 5718 1193 5727 ,ε
1306 5716 1319 5727 ,
1404 5716 1412 5727 ,
1498 5722 1508 5727 Α
1582 5654 1614 5723 Ϊι

532 5722 546 5735 ’
572 5719 838 5780 Castigatus
859 5716 916 5769 ad
951 5722 995 5770 ll.
1036 5722 1075 5771 i‘.
1115 5718 1150 5773 ί.
1178 5722 1223 5775 v.
1263 5716 1339 5775 vd.
1365 5716 1418 5777 et
1450 5722 1509 5778 ad
1549 5716 1688 5783 sirm.

525 5802 596 5866 (tt)
700 5816 773 5866 as,
810 5806 937 5858 inter
967 5810 1319 5863 simulationes
1339 5811 1417 5866 Si:

1741 332 1799 390 s.
1838 305 2203 388 AUGUSTit’it
2242 306 2545 386 sciscam

3652 326 3800 401 1276

2202 452 2273 497 est
2308 444 2397 497 tibi
2437 443 2677 499 adversus
2701 430 2959 502 slimulum
2995 430 3380 529 calcitrare.-Et
3402 452 3524 525 ille,
3555 456 3683 527 Quis
3702 478 3793 531 es,

2200 535 2454 592 Domine?
2481 537 2550 594 Et
2576 555 2680 593 vox
2705 532 2963 625 desuper,
2993 539 3106 616 Ego
3131 542 3243 600 sum
3267 545 3420 603 Iesus
3454 536 3794 625 Nazarenus,

2198 646 2345 701 quem
2371 640 2426 685 tu
2451 635 2781 704 persequeris.
2820 618 3070 694 Membris
3105 639 3282 696 adhuc
3323 641 3376 697 in
3426 644 3569 702 terra
3602 618 3793 718 positis

2197 732 2354 794 caput
2382 724 2434 779 in
2470 725 2610 781 cteio
2634 726 2931 813 clamabat.
2957 738 3011 813 et
3040 747 3145 788 non
3175 718 3407 804 dieebat,
3432 730 3570 805 Quid
3604 757 3791 813 perse‘

2196 816 2378 887 queris
2397 832 2582 873 servos
2612 834 2781 885 meos;
2815 808 2909 899 sed
2917 864 2932 889 ,
2952 806 3092 888 Quid
3113 841 3191 879 me
3210 822 3562 898 persequeris?
3582 820 3647 887 Et
3673 833 3782 904 ille,

2201 908 2339 976 Quid
2370 927 2447 964 me
2486 910 2560 966 vis
2590 912 2797 983 facere?
2823 912 2942 969 Jam
2989 925 3141 986 parat
3170 933 3230 995 se
3282 920 3348 974 ad
3390 916 3745 980 obediendum
3766 967 3786 995 ,

2194 1001 2283 1072 qui
2314 1003 2459 1081 prius
2489 1002 2743 1060 saeviebat
2762 1005 2826 1061 ad
2853 994 3300 1081 persequendum.
3330 1006 3447 1067 Iam
3472 994 3792 1075 informatur

2197 1108 2261 1147 ex
2296 1080 2637 1162 persecutore
2666 1092 3022 1178 praedicator,
3074 1118 3139 1158 ex
3176 1101 3302 1172 lupo
3328 1104 3479 1173 uvis,
3524 1108 3591 1163 ex
3635 1090 3797 1169 ltoste

2193 1183 2369 1240 iniies.
2399 1186 2613 1242 Audivit
2642 1184 2769 1260 quid
2795 1188 2969 1247 facere
2995 1190 3207 1249 debeat.
3240 1186 3428 1252 Caecus
3453 1212 3582 1255 sane
3619 1196 3794 1259 factus

2194 1284 2276 1332 est
2308 1298 2321 1333 :
2351 1291 2408 1334 ut
2441 1278 2697 1338 interiore
2727 1268 2847 1340 luce
2878 1268 3104 1358 fulgeret
3146 1305 3241 1344 eor
3264 1289 3415 1361 ejus,
3443 1295 3681 1351 exterior
3720 1297 3791 1353 ad

2195 1374 2405 1442 tempus
2436 1384 2622 1445 erepta
2651 1385 2733 1431 est
2758 1395 2771 1443 ;
2804 1364 3073 1435 subtracta
3096 1391 3180 1437 est
3202 1386 3551 1452 persecutori,
3579 1396 3637 1442 ut
3662 1389 3794 1444 red-

2192 1460 2411 1520 deretur
2424 1467 2777 1549 przedieatori.
2800 1454 2867 1526 Et
2895 1488 2960 1528 eo
2990 1484 3163 1530 tamen
3184 1485 3444 1547 tempore,
3465 1495 3571 1549 quo
3592 1491 3792 1539 caetera

2192 1570 2301 1610 non
2328 1557 2561 1625 videbat,
2591 1542 2772 1617 lesum
2795 1564 3025 1621 videbat.
3058 1558 3131 1623 ita
3170 1580 3224 1624 et
3254 1570 3307 1626 in
3338 1572 3453 1641 ipsa
3485 1573 3603 1646 ejus
3626 1579 3790 1634 caici-

2193 1656 2299 1704 tate
2329 1644 2640 1723 mysterium
2680 1652 3069 1714 informabatur
3106 1662 3481 1734 credentium;
3515 1644 3789 1739 quoniam

2191 1741 2279 1811 qui
2328 1744 2499 1800 credit
2534 1745 2587 1801 in
2618 1746 2912 1816 Christum,
2943 1753 3115 1823 ipsum
3153 1742 3347 1812 intueri
3374 1758 3565 1829 debet,
3594 1772 3791 1821 caetera

2190 1848 2290 1890 nec
2314 1842 2435 1890 nata
2464 1850 2812 1909 computare;
2845 1852 2904 1899 ut
2931 1842 3177 1904 creatura
3199 1847 3419 1906 vilescat
3437 1893 3454 1921 ,
3484 1861 3539 1908 et
3566 1852 3792 1911 Greater

2192 1925 2244 1982 in
2272 1928 2434 1985 'corde
2454 1928 2745 1988 duleescat.

2260 2016 2321 2072 2.
2355 2018 2552 2076 Paulus
2581 2016 2651 2077 ad
2685 2022 2970 2095 Ananiam,
3008 2016 3160 2100 lupus
3192 2012 3260 2085 ad
3280 2047 3422 2087 ovem
3446 2035 3672 2107 captivus
3692 2038 3791 2094 ad-

2189 2107 2409 2166 ducitur.
2446 2112 2731 2171 Videamus
2767 2133 2915 2190 ergo.
2950 2106 3226 2179 Adductus
3259 2118 3344 2180 est
3382 2124 3449 2180 ad
3484 2106 3787 2201 Ananiam,

2188 2200 2242 2255 et
2267 2198 2501 2260 Anabias
2542 2206 2926 2278 interpretatur
2949 2208 3095 2268 Ovis.
3128 2215 3265 2272 Ecce
3306 2217 3458 2288 lupus
3482 2237 3645 2291 rapax
3681 2198 3787 2280 ad;

2186 2288 2400 2349 ducitur
2425 2292 2491 2351 ad
2521 2313 2676 2354 ovem
2700 2302 3029 2372 sequendam
3054 2347 3070 2370 ,
3099 2322 3204 2362 non
3230 2309 3558 2379 rapiendam.
3579 2313 3688 2370 Sed
3715 2332 3789 2372 ne

2186 2388 2525 2455 repentinum
2568 2390 2683 2446 ovis
2714 2402 3092 2464 expavesceret
3119 2399 3334 2470 lupum,
3366 2403 3481 2473 ipse
3509 2415 3694 2475 pastor
3716 2408 3788 2465 de

2186 2478 2346 2545 caelo,
2392 2480 2481 2550 qui
2527 2479 2642 2539 inec
2682 2484 2859 2540 omnia
2900 2484 3164 2559 faciebat,
3196 2495 3460 2550 nuntiavit
3488 2496 3576 2552 ovi
3602 2497 3787 2569 lupum

2184 2576 2490 2639 Venturum,
2512 2570 2605 2630 sed
2633 2592 2738 2631 non
2765 2580 3175 2637 sceviturum.Et
3198 2593 3376 2642 tamen
3398 2596 3507 2644 tam
3532 2589 3785 2649 immanis

2184 2662 2321 2718 fama
2344 2665 2524 2737 lupum
2549 2667 2696 2725 illum
2724 2674 3094 2741 praecesserat,
3130 2680 3185 2732 ut
3213 2695 3317 2734 non
3342 2692 3526 2751 posset
3544 2685 3661 2740 ovis
3682 2702 3783 2742 au-

2184 2752 2294 2809 dito
2321 2755 2435 2826 ejus
2462 2759 2677 2815 nomine
2708 2764 2811 2816 non
2840 2764 3169 2822 conturbari.
3205 2752 3337 2825 Nam
3371 2787 3495 2828 cum
3527 2773 3785 2834 Dominus

2183 2844 2337 2901 Je‘Sus
2365 2847 2537 2904 eidem
2567 2850 2790 2907 Ananiae
2822 2857 3095 2913 nuntiaret
3123 2856 3342 2916 Paulum
3360 2863 3472 2935 jam
3494 2867 3707 2923 venisse
3725 2876 3787 2926 ut

2183 2937 2448 3008 crederet,
2474 2949 2527 2996 et
2548 2936 2614 2997 ad
2640 2959 2761 2999 eum
2787 2944 3047 3004 Ananian‘i
3070 2951 3148 3006 ire
3168 2948 3386 3021 debere,
3410 2952 3778 3016 ailAnanias:

2189 3045 2208 3081 ι
2243 3029 2471 3088 Domine
2498 3074 2514 3102 ,
2558 3035 2736 3091 audivi
2763 3034 2831 3093 de
2860 3039 2961 3095 isto
2990 3039 3206 3099 homine
3226 3086 3241 3111 ,
3274 3045 3396 3118 quia
3427 3038 3595 3106 multa
3639 3053 3783 3111 maia

2182 3130 2434 3192 operatus
2481 3134 2564 3180 est
2609 3127 2661 3182 in'
2694 3136 2908 3185 sanctos
2948 3141 3069 3189 tuos
3103 3142 3203 3191 :et
3249 3153 3392 3196 nunc
3440 3141 3644 3200 litteras
3691 3159 3783 3202 ae-

2181 3219 2323 3288 cepit
2381 3233 2411 3273 a
2486 3222 2813 3294 principibus
2884 3228 3266 3298 sacerdotum,
3333 3243 3392 3289 ut
3444 3236 3781 3311 ubicumque

2180 3308 2443 3366 invenerit
2492 3313 2567 3367 tui
2617 3315 2848 3373 nominis
2894 3326 3230 3389 sectatores,
3280 3322 3573 3394 pertrabat.
3616 3347 3636 3381 ι
3673 3308 3781 3385 Do-

2180 3399 2357 3456 minus
2379 3411 2553 3459 autem
2576 3404 2641 3461 ad
2661 3392 2809 3462 illum
2839 3426 2893 3479 εν(
2915 3409 3064 3478 Sine,
3089 3420 3142 3468 et
3162 3429 3260 3486 ego
3280 3392 3330 3471 ei
3353 3417 3632 3474 ostendam
3654 3437 3774 3492 quae

2178 3492 2325 3548 illum
2354 3504 2594 3567 oporteat
2625 3499 2733 3570 pati
2780 3508 2876 3571 pro
2913 3505 3129 3561 nomine
3155 3522 3276 3563 meo
3317 3528 3335 3562 ι
3374 3508 3508 3581 (Act.
3555 3529 3630 3578 ix,
3676 3500 3767 3581 l3,

2180 3577 2288 3657 lii).
2313 3586 2442 3642 Mira
2466 3598 2519 3644 et
2538 3606 2722 3661 magna
2749 3607 2837 3648 res
2856 3596 3076 3665 geritur.
3100 3594 3251 3669 Lupo
3271 3577 3471 3657 szevitia
3502 3577 3774 3661 interdici-

2180 3687 2285 3748 tur,
2310 3674 2465 3751 lupus
2508 3683 2573 3739 ad
2603 3700 2757 3741 ovem
2797 3689 3037 3759 captivus
3062 3690 3361 3751 adducitur.
3391 3690 3560 3753 Tanta
3590 3707 3772 3758 autem

2178 3780 2527 3844 pritécesserat
2543 3776 2678 3834 fama
2707 3778 2814 3852 lupi
2834 3785 3080 3867 raptoris,
3101 3798 3158 3842 ut
3177 3788 3294 3860 ejus
3316 3792 3534 3850 nomine
3553 3796 3769 3867 audito,

2178 3862 2389 3924 timeret
2448 3871 2564 3927 ovis
2613 3873 2772 3928 etiam
2820 3862 2918 3931 sub
2965 3893 3127 3935 manu
3179 3885 3427 3952 pastoris.
3484 3862 3769 3948 Conforta;

2177 3967 2265 4014 tur
2284 4002 2298 4027 ,
2327 3976 2397 4017 ne
2432 3961 2542 4034 jam
2570 3972 2724 4034 putet
2769 3968 3076 4025 saevientem
3100 4014 3115 4039 ,
3142 3990 3207 4029 ne
3235 3975 3419 4032 timeat
3448 3982 3767 4041 tumentem.

2173 4052 2257 4109 Ab
2320 4070 2457 4127 agno
2522 4074 2618 4129 pro
2672 4050 2860 4118 ovibus
2911 4074 3126 4124 mortuo
3192 4066 3249 4123 fit
3297 4068 3411 4134 ovis
3461 4072 3652 4132 secura
3698 4075 3766 4136 de

2175 4148 2322 4219 lupo.

2244 4226 2296 4297 3.
2324 4240 2551 4300 Christus
2576 4245 2706 4329 milis
2728 4255 2774 4303 et
2800 4238 3006 4306 humilis
3024 4292 3040 4319 ,
3071 4252 3323 4324 quomodo
3348 4274 3439 4312 nec
3459 4258 3606 4316 sileat
3625 4303 3642 4329 ,
3673 4280 3768 4322 nec

2170 4333 2414 4390 mitescat.
2448 4320 2648 4393 Deinde
2674 4338 2781 4407 ille,
2806 4341 2889 4396 cui
2916 4320 3253 4411 prmcedente
3279 4346 3556 4409 Dominieo
3578 4320 3763 4412 canta-

2171 4425 2345 4482 vimus
2366 4467 2380 4493 ,
2410 4427 2659 4498 Dominé,
2717 4433 2829 4504 quis
2871 4434 3053 4490 similis
3082 4437 3172 4492 tibi
3185 4432 3211 4495 7
3258 4438 3344 4495 Ne
3383 4443 3572 4512 sileas,
3606 4464 3767 4520 neque

2170 4520 2401 4577 ntitcscas
2423 4564 2439 4590 ,
2472 4520 2609 4578 Deus
2636 4524 2654 4595 (
2675 4520 2820 4581 Psal.
2843 4543 3028 4583 Lxxxn
3052 4571 3068 4598 ,
3101 4531 3136 4585 2
3157 4524 3215 4604 );
3263 4533 3354 4605 qui
3384 4543 3561 4594 tamen
3588 4539 3717 4598 dicit
3744 4580 3762 4611 ,

2177 4609 2352 4666 Venite
2380 4614 2448 4667 ad
2483 4632 2562 4668 me
2584 4658 2599 4681 ,
2631 4627 2677 4670 et
2719 4618 2894 4674 discite
2914 4636 2945 4672 a
2974 4638 3053 4676 me
3078 4624 3319 4691 quoniam
3356 4627 3489 4683 mitis
3530 4646 3646 4685 sum
3665 4673 3682 4701 ,
3717 4609 3766 4688 et

2169 4701 2374 4757 humilis
2394 4705 2545 4759 corde
2561 4702 2770 4776 (Matth.
2792 4712 2865 4793 in,
2894 4708 2964 4767 28
2984 4722 3029 4766 et
3046 4708 3142 4786 99)
3170 4732 3186 4769 :
3212 4716 3488 4775 videamus
3507 4722 3765 4793 quemad-

2167 4796 2381 4852 modum
2409 4807 2692 4871 utrumque
2723 4788 2973 4874 exhibet,
3006 4816 3060 4862 et
3088 4806 3141 4863 in
3172 4823 3233 4865 se
3262 4811 3497 4868 ostendit
3520 4788 3616 4870 sua
3643 4816 3760 4873 elo-

2167 4888 2287 4959 quia
2314 4902 2630 4946 consonare.
2663 4884 2802 4950 Mitis
2832 4896 2913 4952 est
2940 4906 2994 4952 et
3020 4894 3234 4955 humilis
3260 4900 3421 4959 corde
3441 4945 3454 4970 ,
3483 4906 3607 4977 quia
3631 4909 3762 4965 sicut

2166 4982 2269 5037 ovis
2294 4981 2363 5036 ad
2381 4985 2679 5041 occisionem
2699 4986 2880 5045 ductus
2910 5000 3015 5057 est,
3041 5002 3087 5047 et
3115 4994 3245 5049 sicut
3263 5013 3427 5069 agnus
3449 5016 3621 5056 coram
3643 5014 3759 5058 ton-

2165 5073 2312 5128 dente
2343 5076 2452 5130 sine
2477 5082 2594 5133 uoce
2613 5120 2628 5146 ,
2652 5081 2723 5134 sic
2751 5099 2849 5136 non
2872 5086 3070 5153 aperuit
3092 5103 3148 5141 os
3166 5104 3313 5142 suum
3337 5086 3501 5164 (Isai.
3527 5110 3638 5163 ιω,
3666 5076 3756 5168 7).

2165 5168 2333 5239 Ligno
2359 5170 2653 5241 SttSpchStlS
2682 5172 2900 5243 pertulit
2945 5176 3192 5234 odiorum
3222 5174 3467 5241 flammas
3496 5186 3755 5259 injustas,

2164 5261 2412 5316 snstinuit
2460 5263 2729 5320 ministras
2779 5269 2994 5339 pessimi
3050 5260 3228 5328 cordis
3277 5266 3483 5348 linguas
3515 5298 3529 5334 :
3561 5278 3756 5352 quibus

2166 5355 2357 5427 linguis
2388 5355 2460 5411 iiii
2491 5366 2865 5428 percusserunt
2891 5362 3291 5424 immaculatum
3316 5411 3331 5437 ,
3373 5373 3757 5435 crucilixerunt

2158 5450 2379 5520 justum.
2418 5452 2494 5509 De
2521 5460 2748 5524 quorum
2780 5456 2969 5528 linguis
3008 5454 3206 5516 dictant
3237 5454 3353 5519 erat
3380 5468 3399 5520 ὲ
3424 5458 3553 5523 Filii
3591 5469 3759 5526 Itami-

2163 5560 2317 5611 num,
2346 5544 2519 5600 dentes
2543 5563 2717 5601 eorum
2741 5565 2885 5603 arma
2923 5559 2971 5605 et
2996 5553 3226 5625 sagittis,
3269 5550 3315 5611 et
3360 5557 3536 5632 lingua
3578 5574 3758 5621 eorum

2162 5636 2416 5691 machaera
2456 5649 2623 5692 acuta.
2657 5637 2729 5695 Et
2755 5641 2882 5712 quid
2910 5630 3037 5699 fecit
3076 5636 3298 5719 lingua?
3325 5630 3533 5723 gladius
3569 5666 3757 5718 acutus

2161 5730 2286 5800 quid
2313 5730 2476 5787 fecit?
2504 5732 2730 5789 Occidit.
2754 5735 2890 5804 Quid
2917 5736 3151 5795 occidit?
3177 5740 3384 5800 Occidit
3398 5745 3563 5804 vitam
3585 5750 3755 5822 mors,

2163 5832 2271 5881 uta
2298 5825 2404 5882 vita
2424 5825 2759 5885 occidantur
2779 5830 2945 5888 iners.
2974 5828 3112 5901 Quid
3147 5850 3277 5909 ergo
3297 5878 3315 5907 ,
3344 5836 3470 5910 quid
3491 5828 3621 5901 fecit
3648 5844 3755 5900 liu-
