4056 6432
433 452 581 510 disse
603 446 673 507 ad
692 444 977 521 justitiam,
1002 443 1050 501 si
1071 456 1135 501 os
1154 441 1364 500 dubitat
1404 438 1646 514 proferre
1681 440 1825 513 quod
1866 438 2030 498 cerde

432 530 899 617 conceptum'est?
921 524 1069 597 Intus
1103 537 1267 595 ﬁdem
1315 531 1458 595 Deus
1488 524 1636 593 videt
1658 524 1796 617 {sed
1838 524 2052 609 parum

402 614 405 619 Ι
432 628 549 697 est."
562 614 965 693 Ne'conﬁtearis
978 632 1255 700 humilem,
1278 630 1436 687 times
1455 614 1735 701 superbos;
1757 630 1872 687 etei
1887 644 2029 700 prm-

432 730 589 800 p‘onis
609 725 898 797 superbos,
909 723 998 795 qui
1014 738 1111 794 pro
1134 732 1184 778 te
1194 721 1462 792 displicuit
1477 706 1745 803 superbis.“
1764 720 2045 805 Humilem

433 820 590 875 times
610 816 856 873 conﬁteri
894 815 1085 871 Filium
1115 813 1230 870 Dei.
1257 813 1504 883 Magnum
1524 811 1757 868 Verbum
1785 812 1901 880 Dei,
1928 812 2048 868 vir-'

434 923 598 970 tutem
620 912 733 977 Dei,
756 910 1068 982 sapientiam
1083 909 1175 964 Dei
1200 924 1305 963 non
1327 907 1597 963 erubescis
1622 906 1869 963 conﬁteri
1892 892 1921 962 ε’
1936 921 2049 997 ιιιιιιι

433 1016 568 1071 tum,
597 1004 932 1071 cruciﬁxum,
982 1011 1249 1059 mortuum
1276 1002 1551 1058 erubescis
1566 999 1832 1056 conﬁteri.
1856 999 2028 1068 Altus,

431 1100 755 1173 exeelsusqet
780 1096 999 1168 aequalis
1015 1095 1182 1161 Patri,
1210 1110 1304 1165 per
1332 1109 1490 1165 quem
1519 1092 1656 1149 facta
1681 1100 1805 1147 sunt
1829 1092 2028 1159 omnia,

432 1210 528 1265 per
558 1208 715 1264 quem
749 1191 922 1246 factus
950 1204 1012 1245 es
1038 1197 1093 1245 et
1120 1197 1198 1252 tu,
1229 1187 1400 1243 factus
1426 1195 1510 1242 est
1537 1184 1680 1257 quod
1709 1194 1803 1251 tu;
1855 1182 2032 1240 factus

431 1297 512 1363 est
540 1278 753 1358 propter
772 1295 823 1340 te
848 1284 1033 1352 homo,
1049 1291 1267 1354 propter
1285 1292 1335 1337 te
1358 1291 1535 1348 natus,
1565 1291 1785 1350 propter
1812 1288 1864 1334 te
1884 1270 2047 1365 mor-i

434 1358 575 1436 tuus.
610 1379 851 1450 IEgrote,
886 1375 1156 1448 quomodo
1196 1374 1493 1437 sanaberis,
1547 1372 1637 1443 qui
1679 1371 1747 1427 de
1786 1370 2035 1426 medica-

432 1460 1073 1528 mentotuo'erubescis?
1108 1467 1254 1538 Elige
1296 1452 1526 1537 tempus.
1562 1464 1847 1549 Nuneest
1900 1471 2037 1517 tem-

431 1580 532 1636 pus
562 1562 782 1634 {postea
808 1548 1149 1631 contemptus
1200 1559 1291 1614 ille
1315 1557 1495 1613 veniet
1536 1554 1905 1622 admirandus,
1949 1553 2038 1623 ju-

430 1659 638 1715 dicatus
677 1656 769 1712 ille
788 1640 803 1653 ”
827 1654 1004 1710 veniet
1037 1652 1393 1725 judicaturus,
1454 1647 1664 1704 occisus
1716 1645 1805 1701 ille
1849 1645 2039 1701 veniet

430 1742 779 1815 excitaturus,
831 1746 1196 1803 exhonoratus
1257 1744 1368 1827 ille;
1398 1742 1599 1817 veniet.
1651 1740 2035 1803 honoraturus,

429 1844 607 1912 Modo,
629 1851 685 1899 et
712 1850 897 1913 postea
927 1857 941 1894 :
967 1839 1132 1895 modo
1159 1839 1211 1894 in
1240 1837 1346 1893 ﬁde
1364 1826 1465 1893 res
1490 1843 1593 1904 est,
1621 1845 1808 1908 postea
1838 1834 1892 1888 in
1915 1826 2041 1889 ma?

431 1936 774 1995 nifestatione
802 1936 928 1991 erit.
951 1933 1106 2005 Elige
1130 1932 1233 1987 hoc
1255 1940 1502 2001 tempore
1528 1943 1689 2000 quam
1709 1936 1917 1998 partem
1954 1934 2037 1982 te-

431 2044 561 2086 neas
583 2030 636 2084 in
659 2027 859 2083 futuro.
911 2026 989 2082 De
1025 2024 1228 2081 Christi
1269 2023 1487 2079 nomine
1531 2020 1838 2078 erubescis?
1866 2019 1947 2075 Ex
1970 2033 2038 2076 eo

430 2124 573 2199 quod
601 2122 874 2179 erubescis
912 2119 1072 2176 modo
1092 2117 1434 2186 hominibus,
1478 2115 1646 2172 habes
1691 2116 2043 2201 erubescere,

430 2233 554 2275 cum
580 2215 789 2273 venerit
816 2215 871 2268 in
906 2212 1077 2284 gloria
1123 2225 1219 2266 sua
1260 2209 1576 2266 redditurus
1613 2207 1758 2280 quod
1777 2206 2039 2278 gpromisit

431 2309 606 2378 bonis,
630 2306 774 2380 quod
803 2288 1038 2361 minatus
1065 2310 1150 2359 est
1169 2301 1346 2357 malis.
1380 2300 1492 2357 Ubi
1512 2300 1621 2356 eris
1653 2299 1748 2355 tu?
1792 2297 1933 2368 Quid
1955 2297 2037 2389 fa-I

430 2403 562 2468 cies,
586 2400 632 2456 si
659 2409 713 2457 te
755 2397 995 2455 attendat
1032 2396 1126 2453 ille
1150 2395 1417 2461 excelsus,
1448 2400 1504 2450 et
1542 2392 1688 2449 dicat
1736 2392 1865 2459 tibi,
1901 2391 2039 2447 Eru-

431 2493 595 2550 buisti
619 2493 688 2549 de
712 2491 1017 2547 humilitate
1044 2504 1188 2556 mea,
1234 2502 1341 2543 non
1370 2486 1481 2543 eris
1512 2486 1565 2541 in
1611 2485 1855 2542 claritate
1871 2480 2037 2541 ‘mea?

432 2586 685 2644 Discedat
707 2600 837 2657 ergo
861 2583 1000 2639 mala
1025 2580 1348 2639 verecundia
1377 2597 1392 2648 ;
1424 2578 1649 2636 accedat
1675 2577 1909 2663 salubris
1930 2572 2039 2661 im-_'

434 2680 709 2753 pudentia,
741 2678 788 2736 si
818 2676 1150 2750 impudentia
1169 2675 1393 2733 dicenda
1414 2682 1499 2731 est
1528 2691 1542 2728 :
1577 2673 1672 2730 sed
1693 2661 1907 2741 tamen,
1925 2671 2036 2729 fra-

435 2764 564 2843 tres,
602 2772 805 2830 extorsi
852 2770 983 2827 mihi
1009 2777 1070 2826 ut
1093 2769 1196 2825 hoc
1224 2764 1502 2835 dicerem,
1541 2779 1644 2822 nec
1699 2779 1927 2855 prorsus
1965 2764 2036 2823 ti-

433 2880 659 2923 merem.
2018 2910 2021 2913 .

503 2960 559 3018 8.
585 2942 667 3016 De
692 2958 882 3016 Christi
922 2967 1083 3015 morte
1114 2974 1206 3015 cur
1243 2974 1346 3014 non
1368 2957 1776 3014 erubescendum.
1805 2955 2039 3015 Christus

431 3053 652 3125 suscepit
680 3038 781 3107 duo
806 3053 946 3107 mala
983 3061 1178 3119 nostra,
1207 3059 1261 3105 ut
1289 3050 1431 3106 daret
1449 3051 1551 3105 duo
1593 3051 1724 3107 bona
1749 3067 1862 3106 sua.
1902 3050 2038 3107 Nolo

433 3146 577 3201 enim
607 3144 987 3200 erubescamus
1012 3144 1082 3199 de
1108 3142 1310 3199 Christi
1341 3145 1580 3198 nomine.
1629 3142 1915 3199 lnsuitetur
1940 3158 2039 3199 no-

433 3234 517 3291 bis
542 3233 683 3305 quod
709 3232 980 3289 credimus
1000 3233 1055 3288 in
1083 3233 1422 3301 cruciﬁxum,
1467 3234 1522 3288 in
1568 3234 1826 3289 occisum.
1870 3234 2037 3292 Plane

433 3331 488 3387 in
516 3310 912 3398 occisum;'sed
931 3327 1001 3385 de
1024 3343 1131 3400 quo
1176 3327 1282 3384 nisi
1330 3329 1549 3399 sanguis
1600 3336 1866 3395 manaret,
1918 3329 2038 3385 cbi-

433 3421 761 3497 rographunt
807 3432 1148 3493 peccatorum
1205 3429 1514 3478 nostrorum
1543 3420 1723 3477 adhuc
1768 3431 2033 3479 maneret.

432 3515 662 3573 Prorsus
686 3515 741 3570 in
764 3498 1001 3570 occisum
1024 3514 1231 3571 credidi
1262 3531 1276 3569 :
1306 3513 1403 3571 sed
1432 3515 1536 3570 hoc
1571 3516 1624 3570 in
1650 3515 1744 3571 illo
1792 3517 2034 3572 occisum

432 3615 516 3664 est
542 3605 685 3678 quod
705 3607 934 3679 sumpsit
959 3605 1029 3663 de
1050 3620 1157 3674 me,
1188 3621 1297 3662 non
1322 3605 1467 3662 unde
1490 3605 1619 3662 fecit
1659 3621 1763 3662 me.
1802 3607 2035 3665 Prorsus

433 3697 743 3754 inoccisum
768 3696 952 3764 credo,
996 3696 1092 3752 sed
1118 3696 1173 3752 in
1217 3712 1381 3768 quem
1408 3697 1689 3754 occisum?
1736 3697 1836 3766 Qui
1888 3699 2036 3756 venit

432 3789 646 3861 aliquis,
674 3797 730 3845 et
756 3789 963 3859 accepit
1003 3788 1225 3860 aliquid.
1280 3788 1413 3857 Quis
1460 3788 1642 3846 venit?
1671 3789 1773 3856 Qui
1817 3808 1933 3846 cum
1978 3792 2034 3848 in

435 3884 601 3953 {arma
625 3880 723 3935 Dei
741 3890 886 3947 esset,
914 3896 1018 3937 non
1043 3881 1280 3953 rapinam
1325 3881 1599 3937 arbitratus
1635 3892 1707 3938 est
1729 3899 1838 3939 esse
1861 3899 2032 3954 taqua-

436 3973 499 4029 tis
523 3971 651 4028 Deo.
676 3971 818 4029 Ecce
850 3973 973 4055 quis
1011 3972 1159 4028 venit
1184 3990 1201 4051 _:
1228 3973 1359 4046 quid
1389 3975 1634 4050 accepit?
1652 3974 1759 4030 Sed
1791 3978 2030 4049 semetip-

433 4081 561 4145 sum.
577 4067 870 4135 exinanivit,
890 4067 1109 4137 formam
1137 4067 1266 4123 servi
1281 4066 1557 4139 accipiens,
1578 4069 1633 4123 in
1648 4068 2033 4126 similitudinem

435 4156 696 4211 Itoniinum
721 4158 885 4227 factus
911 4157 1172 4232 (Philipp.
1192 4175 1251 4229 ιι,
1273 4158 1328 4226 6,
1359 4160 1435 4230 7).
1484 4160 1582 4217 llle
1622 4160 1793 4217 factor
1832 4160 2027 4230 factus,

436 4249 527 4305 ille
555 4256 769 4305 creator
820 4259 1053 4307 creatus.
1086 4251 1194 4308 Sed
1217 4252 1268 4307 in
1298 4266 1405 4324 quo
1424 4252 1596 4309 factus
1621 4263 1675 4310 et
1695 4255 1946 4311 creatus?
1970 4254 2029 4312 In

436 4338 610 4396 forma
637 4340 800 4409 servi,
822 4342 1134 4414 accipiendo
1162 4342 1390 4400 formam
1410 4345 1574 4415 servi,
1604 4360 1715 4402 non
1733 4346 2031 4405 amittendo

437 4433 661 4490 formam
690 4433 802 4490 Dei.
825 4434 883 4490 In
911 4434 1015 4492 hac
1037 4451 1165 4508 ergo
1202 4436 1373 4494 forma
1397 4438 1562 4508 servi,
1592 4438 1647 4495 in
1693 4454 1760 4497 eo
1799 4440 1945 4513 quod
1996 4455 2030 4498 a

437 4526 592 4581 nobis
623 4541 720 4596 pro
742 4526 895 4583 nobis
918 4528 1145 4598 accepit,
1178 4537 1234 4585 et
1262 4537 1418 4585 natus
1452 4538 1564 4599 est,
1596 4539 1651 4588 et
1696 4546 1886 4603 passus
1922 4541 2027 4603 est,

437 4624 494 4672 et
513 4618 829 4686 resurrexit,
853 4626 909 4674 et
934 4619 1177 4675 ascendit
1201 4619 1255 4674 in
1283 4621 1498 4676 cmlum.
1523 4621 1762 4691 Quatuor
1780 4638 1867 4679 res
1894 4622 2026 4681 dixi.

436 4708 603 4765 Natus
653 4718 755 4775 est,
792 4719 1034 4767 mortuus
1077 4719 1182 4779 est,
1239 4714 1549 4781 resurrexit,
1596 4722 1652 4770 et
1681 4714 1927 4771 ascendit
1972 4715 2026 4772 in

436 4800 652 4858 cmlnm.
705 4802 819 4858 Duo
869 4804 1060 4875 prima,
1126 4803 1233 4861 duo
1300 4806 1634 4863 novissima:
1673 4807 1780 4863 duo
1831 4807 2024 4879 prima,

437 4905 595 4952 natus
632 4906 735 4963 est,
764 4903 1008 4953 mortuus
1045 4907 1156 4966 est;
1197 4897 1304 4955 duo
1327 4898 1615 4955 novissima
1646 4941 1662 4966 ,
1709 4900 2023 4968 resurrexit,

437 4988 676 5045 ascendit
751 4989 808 5045 in
883 4990 1099 5047 caelum.
1174 4990 1230 5047 In
1299 4991 1509 5048 duobus
1577 4992 1763 5063 primis
1835 4992 2025 5049 condi-

439 5082 636 5137 tionem
700 5090 844 5137 tuam
905 5084 1000 5140 tibi
1055 5083 1326 5140 ostendit:
1359 5084 1411 5139 in
1454 5083 1664 5151 duobus
1721 5085 2025 5142 novissimis

439 5174 708 5231 mercedis
781 5176 1089 5247 exemplum
1142 5177 1386 5248 praebuit.
1430 5175 1588 5233 Nasci
1628 5184 1684 5232 et
1731 5177 1867 5232 mori
1923 5192 2021 5232 no-

436 5281 590 5322 veras
618 5284 633 5343 ;
660 5266 813 5338 plena
861 5276 945 5323 est
973 5268 1054 5325 his
1078 5267 1285 5324 duobus
1322 5269 1471 5341 regio
1495 5268 1835 5340 mortalium.
1885 5268 2023 5337 Quid

439 5358 526 5414 hic
551 5360 787 5415 abundat
805 5360 857 5416 in
897 5362 1042 5416 omni
1071 5377 1255 5427 carne,
1290 5361 1393 5417 nisi
1430 5360 1577 5417 nasci
1619 5370 1674 5417 et
1713 5360 1881 5415 mori?
1911 5360 2024 5417 Hoc

440 5453 598 5507 homo
626 5468 748 5509 cum
778 5468 970 5523 pecore
1002 5452 1198 5509 habet:
1227 5453 1365 5510 hanc
1382 5469 1512 5526 ergo
1534 5454 1697 5510 vitam
1722 5468 1846 5510 cum
1867 5468 2024 5525 peco-

439 5546 586 5602 ribus
621 5563 960 5605 communem
986 5548 1252 5605 ducimus.
1278 5549 1396 5605 Nati
1422 5565 1629 5618 sumus,
1656 5549 1899 5605 morituri
1928 5565 2022 5604 su-

440 5655 579 5695 mus.
606 5640 747 5696 Istud
771 5643 1006 5698 nondum
1033 5658 1280 5707 noveras,
1321 5634 1713 5717 resurgere,'et
1736 5644 1789 5700 in
1828 5644 2022 5701 omium

438 5731 748 5789 ascendere.
779 5732 894 5791 Duo
933 5748 1182 5803 noveras,
1220 5734 1328 5791 duo
1353 5751 1459 5792 non
1496 5749 1724 5792 noveras
1746 5753 1765 5791 :
1790 5737 2026 5809 suscepit

440 5822 586 5898 quod
621 5837 871 5896 noveras,
916 5827 1149 5887 ostendit
1193 5827 1338 5899 quod
1381 5845 1491 5889 non
1541 5843 1811 5890 noveras:
1838 5841 2027 5903 patere

1677 324 1739 382 s.
1777 322 2148 384 AUGUSTINI
2166 400 2167 407 γ
2184 324 2490 385 EPISCOPI

3576 335 3600 390 1
3744 394 3763 407 ι*
3774 400 3789 407 κ

2135 442 2275 515 quod
2302 441 2556 525 suscepit,
2586 454 2757 529 spera
2770 440 2914 514 quod
2942 441 3197 501 ostendit.
3244 508 3247 513 ,
3301 494 3307 501 .
3366 495 3373 501 .

2206 535 2261 592 9.
2301 534 2446 592 Mors
2473 520 2591 617 non.
2615 520 3193 617 timendatemporalis,
3219 538 3309 596 sed
3343 548 3554 598 (eterna.
3583 542 3726 612 Quid

2136 627 2304 696 enim,
2326 627 2373 684 si
2397 628 2537 685 nolis
2559 614 2716 697 mori,
2747 614 2862 686 non.
2884 616 2947 686 es
2974 690 2979 705 Α
3004 631 3332 689 moriturus?
3362 632 3518 709 Quid
3542 636 3725 705 times,

2136 722 2277 795 quod
2305 722 2477 779 vitare
2501 737 2607 780 non
2636 725 2823 794 potes?
2850 724 3050 794 Times,
3081 725 3224 798 quod
3248 735 3304 783 et
3335 727 3380 783 si
3411 728 3572 795 nolis,
3600 730 3730 798 erit;

2137 824 2193 873 et
2219 832 2325 873 non
2347 818 2526 884 times,
2554 818 2697 890 quod
2722 819 2825 875 etsi
2853 819 3007 887 nolis,
3039 834 3147 877 non
3172 821 3297 877 erit.
3321 820 3459 890 Quid
3484 832 3567 880 est
3585 824 3732 895 quod

2137 908 2283 965 dixi?
2306 908 2566 966 Omnibus
2595 910 2904 969 hominibus
2932 913 3071 969 natis
3095 915 3375 971 constituit
3400 916 3541 972 Deus
3583 933 3733 973 mor-

2139 1012 2267 1067 tem,
2312 1019 2405 1074 per
2440 1019 2599 1075 quam
2626 1005 2694 1061 de
2745 1005 2849 1062 isto
2882 1008 3079 1063 szeculo
3124 1009 3408 1080 emigrent.
3463 1010 3734 1082 Exceptus

2138 1096 2247 1151 eris
2293 1111 2323 1151 a
2354 1108 2551 1164 morte,
2582 1099 2628 1153 si
2655 1109 2909 1169 exceptus
2952 1101 3114 1159 fueris
3145 1117 3179 1157 τι
3215 1117 3417 1174 genere
3473 1104 3731 1162 humano.

2138 1189 2277 1258 Quid
2308 1189 2473 1246 facis?
2497 1190 2764 1263 Numquid
2793 1193 2888 1249 tibi
2918 1194 3078 1250 modo
3106 1194 3322 1262 dicitur,
3363 1196 3511 1269 Elige
3551 1206 3733 1253 utrum

2140 1282 2272 1337 velis
2294 1297 2415 1340 esse
2456 1284 2792 1340 homanm
2851 1284 3139 1367 homoes,
3182 1288 3395 1344 venisti.
3443 1288 3730 1357 Quomodo

2140 1374 2265 1431 hinc
2291 1391 2473 1441 exeas,
2526 1378 2697 1448 cogita
2728 1394 2742 1431 :
2788 1386 2946 1433 natus
2987 1393 3068 1447 es,
3123 1380 3414 1437 moriturus
3452 1396 3534 1437 es.
3563 1380 3732 1453 Fuge,

2140 1482 2290 1535 cave,
2341 1468 2559 1539 repelle,
2612 1469 2817 1525 redime
2851 1489 2864 1525 τ
2897 1480 3123 1526 mortem
3151 1480 3304 1532 potes
3329 1471 3569 1532 differre.
3626 1489 3737 1529 non

2140 1557 2370 1615 auferre.
2414 1558 2626 1628 Veniet,
2679 1562 2781 1617 etsi
2826 1562 3007 1617 nolis:
3038 1563 3218 1618 veniet
3277 1564 3491 1633 quando
3532 1564 3736 1620 nescis.

2140 1650 2281 1720 Quid
2305 1667 2433 1723 ergo
2460 1652 2637 1721 times,
2665 1653 2806 1724 quod
2835 1655 2937 1711 etsi
2980 1655 3239 1721 nolueris,
3280 1656 3416 1712 erit?
3440 1656 3595 1713 Time
3635 1673 3736 1728 po-

2143 1742 2268 1808 tius,
2300 1742 2440 1823 quod
2472 1743 2517 1799 si
2542 1730 2945 1823 nolueris,lnon
2974 1746 3096 1803 erit.
3125 1747 3263 1817 Quid
3311 1758 3393 1804 est
3437 1749 3578 1804 hoc?
3625 1749 3737 1805 lm-

2144 1835 2264 1907 piis,
2313 1835 2638 1903 inﬁdelibus,
2679 1837 3025 1909 blasphemis.
3077 1840 3324 1911 perjuris.
3380 1842 3597 1913 iniquis,
3679 1852 3739 1900 et

2142 1926 2394 1984 omnibus
2445 1929 2603 1985 malis
2634 1928 2893 2001 gehennae
2944 1931 3097 2003 ignes
3129 1933 3365 1989 ardentis
3409 1944 3463 1989 et
3507 1944 3740 1992 aeternas

2143 2018 2388 2077 ﬂammas
2412 2022 2647 2078 minatus
2669 2031 2752 2078 est
2778 2024 2940 2079 Deus.
2963 2023 3144 2079 Primo
3168 2039 3422 2095 compara
3461 2025 3578 2105 haec
3604 2027 3735 2096 duo,

2143 2123 2371 2171 mortem
2398 2114 2467 2171 ad
2495 2125 2847 2183 momentum,
2876 2126 2930 2173 et
2950 2133 3137 2190 pmnas
3157 2119 3212 2174 in
3246 2127 3527 2176 aeternum.
3553 2121 3740 2178 Times

2142 2216 2371 2264 mortem
2427 2207 2497 2264 ad
2543 2218 2900 2276 momentum,
2968 2198 3168 2279 veniet,
3196 2244 3205 2251 -
3238 2211 3342 2268 etsi
3391 2214 3567 2268 nolis:
3601 2214 3740 2271 time

2141 2315 2331 2373 poenas
2377 2303 2432 2357 in
2481 2309 2763 2370 aeternum,
2813 2318 2935 2375 quae
2965 2320 3073 2360 non
3106 2304 3344 2375 venient,
3383 2307 3429 2362 si
3471 2307 3736 2366 nolueris.

2140 2392 2309 2449 Multo
2333 2393 2506 2465 majus
2543 2402 2626 2451 est
2667 2393 2809 2465 quod
2840 2395 3030 2452 timere
3068 2395 3256 2467 debes,
3296 2405 3352 2453 et
3380 2397 3433 2452 in
3472 2406 3743 2468 potestate

2143 2486 2309 2543 habes
2346 2502 2415 2543 ne
2445 2488 2626 2545 veniat
2650 2487 2778 2556 tibi;
2828 2497 2885 2545 et
2926 2489 3099 2560 majus
3127 2499 3233 2559 est,
3256 2498 3308 2546 et
3330 2490 3488 2563 longe
3539 2492 3735 2563 majus,

2144 2579 2634 2650 incomparabiliter
2660 2580 2837 2651 majus
2860 2580 3002 2653 quod
3030 2582 3223 2638 timere
3250 2581 3436 2648 debes,
3468 2591 3527 2638 et
3550 2584 3607 2639 in
3634 2598 3742 2655 po-

2146 2679 2338 2727 testate
2356 2671 2521 2728 habes
2537 2686 2605 2731 ne
2634 2672 2816 2727 veniat
2836 2672 2953 2728 tibi.
2976 2672 3185 2728 Etenim
3208 2673 3252 2729 si
3274 2673 3414 2730 bene
3437 2658 3657 2741 vixeris,
3688 2675 3741 2733 si

2141 2764 2283 2820 male
2309 2763 2522 2830 vixeris,
2543 2766 2834 2820 moriturus
2876 2779 2937 2820 es
2964 2781 2987 2846 ε,
3002 2779 3110 2821 non
3130 2752 3359 2836 effugies
3384 2773 3459 2846 ut.
3486 2780 3596 2822 non
3626 2780 3745 2822 mo-

2141 2856 2317 2925 riaris,
2339 2871 2439 2912 seu
2457 2856 2686 2913 vivendo
2727 2857 2888 2926 bene,
2910 2842 3007 2937 seu
3043 2842 3462 2941 vivendo'malge.
3492 2859 3589 2939 At‘
3607 2872 3741 2917 vero

2142 2949 2188 3004 si
2213 2949 2439 3021 elegeris
2483 2949 2571 3006 hic
2593 2950 2730 3008 bene
2757 2934 2959 3019 vivere,
3013 2934 3339 3008 in'aaternas
3389 2934 3589 3022 pinnas.
3630 2966 3744 3009 non

2142 3040 2392 3098 mitteris.
2423 3043 2558 3112 Quia
2584 3058 2717 3101 vero
2754 3025 3106 3116 eligere-non
3149 3053 3303 3116 potes
3352 3032 3479 3111 hic,
3510 3032 3595 3102 ne‘
3623 3060 3749 3102 mo-

2141 3135 2329 3202 riaris;
2354 3135 2491 3207 elige
2517 3151 2639 3191 cum
2667 3135 2821 3204 vivis,
2852 3150 2922 3192 ne
2948 3136 3003 3191 in
3031 3145 3292 3215 aeternum
3319 3137 3587 3193 moriaris.
3612 3137 3744 3196 Hac

2140 3234 2223 3283 cst
2249 3226 2403 3293 ﬁdes,
2430 3226 2556 3300 hoc
2589 3226 2835 3283 Christus
2888 3228 3124 3284 ostendit
3157 3226 3436 3286 moriendo
3471 3237 3523 3285 et
3550 3245 3744 3286 resur-

2139 3319 2334 3391 gendo.
2361 3319 2636 3376 Moriendo
2656 3320 2910 3389 ostendit,
2941 3320 3085 3392 quod
3114 3321 3267 3402 ’velis
3296 3321 3434 3377 nolis
3479 3336 3742 3393 passurus

2139 3428 2237 3470 es:
2271 3414 2601 3487 resurgendo
2647 3414 2917 3491 ostendit,
2944 3415 3091 3487 quod
3139 3415 3195 3494 si
3213 3415 3353 3472 bene
3387 3416 3607 3483 vixeris,
3648 3431 3743 3474 ao-

2138 3516 2392 3587 cepturns
2415 3523 2495 3565 es.
2535 3508 2632 3566 Hie
2657 3510 2808 3564 corde
2835 3508 3059 3565 creditur
3093 3510 3161 3564 ad
3178 3511 3464 3582 justitiam,
3496 3527 3585 3566 ore
3611 3528 3742 3568 coas-

2140 3600 2291 3673 fessio
2322 3600 2381 3670 ﬁt
2399 3601 2468 3655 ad
2491 3599 2729 3656 salutem.
2758 3600 2865 3675 sed
2891 3601 3059 3657 times
3084 3600 3352 3667 conﬁteri,
3382 3617 3450 3658 ne
3478 3602 3741 3659 insultent

2140 3691 2234 3747 tibi
2263 3690 2526 3759 homines,
2557 3708 2665 3750 non
2702 3692 2792 3764 qui
2824 3708 2933 3748 non
2973 3692 3353 3759 crediderunt;
3388 3709 3514 3750 nam
3549 3704 3603 3751 et
3632 3694 3741 3766 ipsi

2138 3785 2280 3840 intus
2304 3785 2530 3841 credunt
2561 3804 2574 3840 :
2604 3784 2698 3842 sed
2722 3801 2791 3842 ne
2818 3787 3072 3843 insultent
3095 3787 3189 3843 tibi
3217 3786 3305 3858 qui
3323 3788 3570 3844 conﬁteri
3605 3803 3735 3843 eru-

2137 3878 2382 3936 bescunt.
2411 3879 2549 3935 Audi
2572 3880 2716 3951 quod
2758 3882 3041 3953 sequitur:
3077 3881 3215 3937 Dicit
3252 3883 3383 3939 enim
3431 3881 3740 3955 Scriptura,

2140 3970 2319 4027 Omnis
2353 3973 2439 4043 qui
2478 3972 2748 4049 crediderit
2775 3975 2829 4028 in
2866 3990 3001 4040 eum,
3034 3989 3135 4029 non
3171 3975 3510 4047 confundetur
3550 3975 3738 4045 (Rom.

2135 4080 2191 4131 x,
2223 4064 2311 4131 l0,
2339 4064 2450 4136 il).
2485 4065 2611 4120 Haec
2638 4065 2927 4131 meditare,
2959 4066 3010 4122 in
3049 4067 3132 4123 his
3155 4076 3271 4124 esto
3305 4086 3319 4122 :
3353 4067 3468 4125 base
3495 4078 3581 4125 est
3608 4086 3740 4129 esca

2137 4172 2244 4214 non
2286 4160 2526 4227 ventris,
2575 4159 2670 4215 sed
2724 4159 2939 4217 mentis.
2984 4160 3076 4217 ille
3123 4162 3215 4233 qui
3256 4177 3414 4219 mane
3463 4164 3735 4233 rapiebat.

2135 4250 2279 4322 ipsas
2305 4264 2460 4307 escas
2484 4251 2550 4307 ad
2576 4266 2859 4323 vesperum
2884 4251 3171 4311 dividebat.
3215 4253 3473 4312 Conversi
3514 4257 3583 4312 ad
3620 4257 3735 4313 Do-

2135 4341 2361 4410 minum,
2392 4351 2497 4402 etc.
2583 4380 2603 4401 ι,
3716 4408 3721 4410 ,
3746 4340 3756 4349 ’

2587 4457 2817 4518 SERMO
2852 4460 3167 4520 ccaxxx'
3198 4464 3297 4538 (a).

2142 4572 2159 4579 ’
2255 4582 2307 4627 tn
2336 4576 2484 4628 Natali
2516 4583 2777 4643 martyrum
2808 4584 3064 4643 Perpetua:
3084 4586 3137 4629 et
3155 4578 3431 4643 Felicitatis,
3455 4596 3472 4633 ι
3505 4581 3602 4646 (b).

2202 4679 2431 4739 CAPUT
2488 4681 2773 4740 PRIMUM.
2809 4713 2884 4727 --
2928 4685 2980 4741 1.
3043 4682 3299 4755 Perpetua
3364 4696 3412 4741 et
3486 4686 3735 4746 Felicitas

2140 4844 2141 4847 ‘
2193 4840 2212 4862 ‘
2232 4838 2442 4890 collatus
2455 4852 2566 4890 enm
2586 4854 2630 4890 r.
2663 4852 2755 4890 rm.
2781 4847 2819 4892 t.
2859 4855 2904 4892 v.
2931 4847 2985 4891 et
3004 4852 3115 4891 eum
3137 4847 3247 4893 ιον.

2214 4903 2267 4960 a)
2289 4900 2432 4960 Alias.
2453 4903 2519 4952 de
2542 4904 2754 4954 Diversis
2776 4903 2886 4954 i03.

2215 4964 2264 5029 ὁ)
2298 4965 2534 5016 Possidius
2556 4966 2606 5029 in
2627 4964 2855 5027 tndiculo,
2878 4978 2984 5029 cap.
3024 4964 3117 5025 10,
3154 4972 3387 5016 recenset
3429 4983 3453 5014 ι
3476 4967 3545 5019 de
3576 4968 3728 5022 Nata]:

2130 5027 2383 5091 Perpennae
2423 5035 2477 5078 et
2503 5027 2759 5079 Felicitatis
2799 5027 3047 5078 metatus
3078 5035 3234 5078 tres.»
3261 5036 3491 5087 Quartum
3524 5032 3728 5085 nomine

2128 5091 2379 5157 sugttstini
2430 5097 2773 5153 prmnotatum,
2800 5103 2840 5157 e_
2866 5091 3095 5157 Vaticano
3128 5097 3225 5157 Its._
3245 5091 3373 5157 eruit
3409 5092 3724 5157 Holstenius,

2127 5150 2301 5203 dubios
2323 5150 2451 5203 inter
2472 5161 2728 5203 sermones
2750 5150 3094 5203 collocandum.
3122 5160 3190 5203 De
3211 5152 3289 5202 his
3307 5150 3727 5208 martvribns'rer1

2128 5214 2359 5281 tullianus
2381 5216 2431 5263 in
2449 5214 2574 5264 libro
2609 5215 2674 5265 de
2697 5217 2878 5275 Anima,
2902 5227 3007 5277 cap.
3034 5216 3112 5274 55,
3147 5222 3200 5265 et
3220 5214 3562 5281 martyroiogia
3585 5222 3729 5272 nouk

2337 5282 2513 5342 Locum
2532 5284 2583 5342 et
2605 5283 2799 5342 tempus
2815 5291 2915 5341 quo
2940 5289 3093 5340 passae
3113 5285 3243 5342 sunt,
3267 5277 3468 5342 inquirit
3482 5277 3730 5333 Renriws

2127 5338 2670 5414 Valesius,_prml‘atione
2778 5338 2961 5414 eartth
2983 5346 3093 5389 Acta
3125 5341 3318 5414 Parisiis
3326 5338 3606 5414 A'impressa.

2289 5402 2592 5476 Carthagine,
2725 5415 2925 5476 opt-pora
2946 5403 3156 5476 ipsarum
3179 5402 3547 5476 sepultat'ictm'
3567 5406 3723 5476 inlib.

2177 5464 2242 5514 de
2262 5465 2607 5514 Persecutione
2639 5464 2890 5532 Vandalica
2921 5464 3127 5532 scripsit,
3168 5465 3418 5532 contenth
3437 5472 3725 5532 martyrium

2124 5538 2512 5595 consumma<_sc:
2542 5533 2593 5576 et
2613 5525 2811 5595 quidem
2833 5540 2928 5595 non
2950 5525 3076 5595 apud
3098 5528 3372 5595 mbnrbum
3395 5525 3725 5595 AMaurit'anize,

2124 5589 2268 5655 uti_it_t
2293 5588 2458 5655 multis
2480 5587 2830 5655 martyrologiis
2860 5587 3128 5651 ferebatur,
3154 5602 3328 5655 passas
3338 5590 3493 5642 fuisse
3517 5587 3724 5655 probat:

2125 5651 2294 5725 sedde
2326 5652 2551 5725 Tuburbo
2572 5651 2911 5725 majore..an
2929 5660 3036 5703 erat
3463 5651 3727 5725 provincié

2125 5714 2296 5782 civitas
2311 5747 2326 5772 ,
2351 5713 2518 5764 dicere
2542 5713 2865 5782 praetenuisit.
2892 5722 3074 5782 annum
3096 5714 3277 5782 deinde
3610 5731 3727 5782 pass

2126 5777 2270 5845 sionj,
2289 5777 2575 5845 ngn_Severi
2596 5777 2916 5845 tertium,sed
2949 5778 3278 5843 undecimum,
3300 5780 3388 5845 qui
3420 5780 3515 5833 fuit
3547 5777 3727 5834 diu

2128 5838 3028 5902 ωειιυειηοιεειαωιίααηοωιι-ιι.
3263 5838 3273 5843 ⁷
3318 5838 3338 5845 ’
3702 5876 3709 5892 .
