4102 6326
361 330 494 386 1281

360 451 616 517 perpetua
657 439 913 514 felicitatis
939 438 1201 511 praemium
1237 435 1425 509 insigni
1462 434 1704 508 martyrio
1727 436 1945 506 adepta.

364 538 663 594 Hodiernus
683 535 799 591 dies
816 534 1180 591 anniversaria
1204 532 1551 603 replicatione
1572 531 1726 587 nobis
1753 531 1806 586 in
1835 546 1953 587 meo

365 631 591 691 moriam
621 640 857 698 revocat,
883 636 940 684 et
964 626 1195 698 quodam
1225 626 1384 681 modo
1410 633 1762 696 reprasentat
1787 624 1950 691 diem,

361 737 469 795 quo
496 732 695 778 sanctae
726 721 937 777 famula
968 718 1062 776 Dei
1089 719 1353 790 Perpetua
1382 727 1437 773 et
1463 716 1716 774 Felicitas
1741 717 1956 773 coronis

361 817 603 889 martyrii
633 815 921 881 decorata,
949 822 1208 885 perpetua
1233 811 1485 869 felicitate
1516 811 1836 878 ﬂoruerunt,
1871 820 1955 868 te-

362 920 554 967 nentes
582 925 779 965 nomen
804 907 1005 964 Christi
1032 908 1088 963 in
1118 905 1322 977 pralio,
1355 912 1410 960 et
1438 904 1596 960 simul
1621 904 1957 961 invenientes

362 1005 524 1061 etiam
553 1020 709 1060 suum
738 1019 934 1060 nomen
966 1003 1019 1057 in
1050 1001 1290 1073 pratulo.
1330 999 1744 1056 Exhortationes
1772 1013 1957 1053 earum

364 1097 417 1152 in
446 1096 641 1151 divinis
678 1095 1116 1164 revelationibus,
1168 1092 1568 1164 triumphosque
1610 1092 1951 1162 passionum,

364 1203 491 1244 cum
518 1190 840 1260 legerentur,
878 1188 1210 1254 audivimus;
1251 1200 1421 1257 eaque
1459 1185 1637 1240 omnia
1671 1184 1958 1239 verborum

365 1279 570 1352 digesm
615 1289 670 1338 et
714 1282 979 1336 illustrata
1033 1278 1361 1345 luminibus,
1404 1291 1534 1332 aure
1590 1276 1954 1346 percepimus,

366 1383 551 1430 mente
577 1374 958 1444 spectavimus,
983 1372 1243 1443 religione
1272 1371 1671 1436 honoravimus,
1695 1369 1958 1425 charitate

365 1466 717 1522 laudavimus.
746 1466 981 1521 Debetur
1003 1475 1178 1520 tamen
1204 1464 1365 1520 etiam
1385 1478 1417 1518 a
1443 1462 1596 1518 nobis
1620 1471 1725 1517 tam
1753 1462 1960 1518 devota

365 1560 665 1616 celebritati
694 1575 876 1616 sermo
911 1558 1186 1624 solemnis,
1229 1572 1388 1628 quem
1435 1557 1483 1613 si
1526 1555 1731 1611 meritis
1775 1569 1959 1611 earum

366 1653 628 1723 imparem
668 1652 899 1724 profero,
943 1652 1231 1723 impigrum
1263 1659 1441 1705 tamen
1478 1648 1728 1705 affectum
1766 1646 1960 1718 gaudio

370 1752 529 1799 tanta
556 1744 863 1801 festivitatis
896 1744 1147 1800 exhibeo.
1186 1742 1509 1823 Quid_enim
1546 1742 1831 1813 gloriosius
1856 1740 1962 1814 'his

368 1834 605 1903 feminis,
630 1853 765 1908 quas
789 1838 890 1893 viri
918 1838 1179 1892 mirantur
1205 1835 1435 1902 facilius,
1462 1851 1619 1906 quam
1651 1834 1963 1890 imitantur?

369 1928 478 1984 Sed
504 1930 607 1985 hoc
637 1930 778 1985 illius
807 1929 1142 1999 potissimum
1174 1929 1289 1983 laus
1317 1936 1418 1996 est,
1451 1927 1504 1981 in
1532 1943 1694 1997 quem
1734 1927 1963 1983 creden-

371 2030 475 2089 tes,
508 2033 562 2078 et
599 2023 653 2078 in
693 2022 845 2092 cujus
884 2022 1101 2078 nomine
1148 2022 1293 2077 ﬁdeli
1337 2021 1514 2077 studio
1555 2030 1962 2089 concurrentes,

370 2114 665 2170 secundum
696 2115 1007 2171 interiorem
1035 2115 1338 2183 hominem,
1385 2130 1486 2171 nec
1523 2116 1820 2182 masculus,
1865 2131 1966 2173 nec

371 2204 569 2262 femina
597 2207 969 2274 inveniuntur;
995 2215 1052 2262 ut
1076 2208 1237 2263 etiam
1266 2208 1318 2261 in
1349 2206 1432 2262 his
1457 2224 1576 2278 qua
1602 2217 1727 2264 sunt
1751 2207 1966 2264 femina

370 2314 615 2371 corpore,
642 2301 811 2355 virtus
841 2301 1036 2355 mentis
1065 2315 1259 2356 sexum
1286 2300 1462 2355 carnis
1488 2300 1798 2366 abscondat,
1830 2309 1883 2356 et
1912 2301 1967 2356 in

371 2393 627 2447 membris
656 2393 832 2464 pigeat
870 2394 1125 2463 cogitare,
1169 2392 1309 2463 quod
1349 2382 1403 2447 in
1449 2392 1601 2449 factis
1648 2409 1755 2449 non
1797 2394 1969 2464 potuit

371 2499 648 2554 apparere.
680 2484 924 2539 Calcatus
963 2494 1046 2539 est
1096 2500 1223 2556 ergo
1252 2484 1415 2539 draco
1442 2485 1580 2556 pede
1617 2494 1766 2540 casto
1796 2496 1850 2541 et
1880 2486 1965 2540 vi-

371 2584 519 2632 ctore
541 2576 781 2647 vestigio,
799 2591 920 2631 cum
946 2584 1139 2631 erectae
1155 2576 1649 2631 demonstrarentnr
1670 2577 1847 2645 scala,
1874 2593 1970 2648 per

373 2682 506 2738 quas
534 2668 691 2724 beata
722 2668 983 2738 Perpetua
1017 2667 1118 2722 iret
1142 2667 1209 2722 ad
1242 2668 1535 2745 Deumalta
1564 2678 1720 2738 caput
1744 2683 1967 2739 serpen-

374 2761 442 2816 tis
487 2760 723 2831 antiqui,
757 2760 901 2832 quod
931 2760 1027 2815 fuit
1069 2760 1423 2830 pracipitium
1469 2760 1682 2817 femina
1724 2760 1965 2833 cadenti,

371 2851 566 2922 gradus
595 2852 797 2907 factum
826 2861 909 2908 est
932 2851 1264 2908 ascendenti.
1423 2870 1437 2879 κ
1952 2906 1959 2916 ,

442 2943 669 3002 CAPUT
708 2946 773 3001 ll.
796 2976 868 2985 —
894 2945 947 2999 2.
997 2945 1174 3001 Gloria
1211 2954 1510 3018 martyrum.
1548 2944 1686 3014 Quid
1716 2946 1819 3003 hoc
1847 2961 1971 3018 spe-

372 3038 582 3094 ctaculo
607 3039 860 3094 suavius?
882 3038 1009 3109 quid
1035 3038 1137 3094 hoc
1162 3039 1454 3117 certamine
1474 3038 1698 3094 fortius?
1715 3038 1841 3111 quid
1868 3039 1972 3096 hac

373 3128 593 3185 victoria
632 3130 948 3202 gloriosius?
986 3128 1137 3185 Tunc
1173 3145 1296 3185 cum
1334 3130 1521 3186 bestiis
1550 3138 1735 3186 sancta
1762 3130 1965 3202 objice-

373 3228 557 3275 rentur
580 3236 826 3290 corpora,
858 3230 968 3276 toto
997 3221 1394 3292 amphitheatro
1422 3221 1727 3279 fremebant
1754 3232 1964 3294 gentes,

374 3318 428 3365 et
451 3310 633 3381 populi
660 3311 1052 3367 meditabantur
1072 3313 1271 3389 inania.
1300 3312 1405 3369 Sed
1428 3316 1517 3385 qui
1548 3315 1755 3372 habitat
1775 3314 1829 3370 in
1852 3330 1967 3372 ca-

374 3400 461 3467 lis,
486 3402 742 3458 irridebat
771 3418 885 3471 eos,
912 3412 968 3460 et
993 3405 1252 3461 Dominus
1280 3407 1643 3461 subsannabat
1664 3422 1758 3462 eos
1780 3406 1965 3478 (Psal.

371 3509 431 3562 ιι,
463 3496 514 3562 1,
545 3495 639 3567 4).
666 3495 821 3551 Nunc
848 3506 1027 3552 autem
1059 3499 1261 3568 posteri
1288 3498 1523 3564 illorum,
1552 3514 1782 3569 quorum
1808 3514 1967 3556 voces

372 3586 427 3641 in
458 3602 676 3642 carnem
704 3597 997 3659 martyrum
1025 3589 1186 3659 impie
1215 3590 1525 3654 saeviebant,
1552 3590 1742 3644 merita
1769 3599 1969 3662 marty-

371 3693 490 3733 rum
514 3679 616 3750 piis
643 3680 864 3735 vocibus
890 3680 1128 3736 laudant.
1158 3680 1343 3752 Neque
1374 3691 1500 3736 tunc
1530 3689 1676 3736 tanto
1704 3697 1968 3738 concursu

372 3767 650 3826 hominum
676 3771 743 3827 ad
783 3787 877 3828 eos
917 3772 1240 3828 occidendos
1278 3789 1441 3829 cavea
1490 3772 1820 3828 crudelitatis
1863 3774 1969 3828 im-

371 3862 515 3932 pleta
546 3872 651 3931 est,
698 3874 899 3934 quanto
928 3881 1070 3921 nunc
1112 3866 1179 3921 ad
1219 3881 1314 3922 eos
1353 3866 1694 3920 honorandos
1742 3867 1969 3922 ecclesia

373 3956 585 4027 pietatis
608 3958 881 4030 impletur.
915 3960 1073 4015 Omni
1111 3976 1252 4016 anno
1299 3969 1508 4030 spectat
1550 3976 1670 4016 cum
1712 3962 1970 4031 religione

371 4050 627 4117 Charitas,
661 4053 803 4123 quod
835 4069 940 4108 uno
967 4054 1055 4110 die
1080 4071 1199 4109 cum
1231 4054 1509 4124 sacrilegio
1552 4054 1819 4108 commisit
1862 4054 1968 4108 im—

372 4143 562 4212 pietas.
597 4145 986 4215 Spectaverunt
1012 4155 1066 4201 et
1093 4147 1202 4213 illi,
1232 4146 1325 4201 sed
1367 4146 1525 4215 longe
1554 4146 1826 4200 voluntate
1853 4145 1966 4200 dis-

371 4236 553 4291 simili.
575 4238 652 4292 llli
681 4239 963 4293 clamando
982 4238 1264 4305 faciebant,
1303 4238 1443 4308 quod
1467 4237 1759 4292 mordendo
1780 4238 1968 4293 bestia

372 4342 480 4381 non
508 4328 822 4396 implebant.
863 4329 973 4384 Nos
999 4338 1175 4383 autem
1219 4339 1273 4382 et
1312 4328 1455 4397 quod
1493 4328 1735 4383 fecerunt
1772 4328 1964 4399 impii,

371 4420 712 4490 miserantur,
753 4422 974 4492 etquod
1018 4422 1087 4492 pii
1120 4422 1261 4492 passi
1303 4430 1459 4486 sunt,
1504 4437 1840 4476 veneramur.
1884 4423 1967 4479 llli

372 4513 619 4568 viderunt
648 4515 818 4569 oculis
845 4515 1042 4578 carnis,
1067 4513 1207 4584 quod
1233 4513 1410 4568 cordis
1437 4514 1750 4567 immanitati
1785 4514 1967 4569 refun-

374 4605 602 4660 derent:
633 4621 729 4659 nos
757 4606 1044 4674 aSpiciinns
1069 4606 1236 4660 oculis
1267 4605 1465 4673 cordis,
1514 4606 1656 4675 quod
1700 4607 1803 4661 illis
1847 4623 1969 4662 ere-

376 4706 521 4766 ptum
548 4707 649 4761 est,
679 4712 746 4751 ne
766 4697 1028 4751 viderent.
1058 4697 1133 4751 llli
1163 4711 1369 4753 mortua
1397 4700 1558 4754 latati
1587 4708 1710 4755 sunt
1739 4715 1965 4772 corpora

376 4798 692 4859 martyrum,
724 4804 823 4842 nos
853 4800 1059 4844 mentes
1087 4800 1325 4844 mortuas
1350 4791 1592 4846 dolemus
1620 4792 1854 4847 illorum.
1886 4793 1967 4849 Illi

374 4880 491 4933 sine
516 4879 716 4933 lumine
744 4879 866 4935 ﬁdei
894 4890 1156 4951 martyres
1184 4891 1504 4950 putaverunt
1529 4884 1840 4952 exstinctos,
1865 4899 1965 4941 nos

375 4970 690 5026 ﬁdelissimo
721 4973 912 5027 intuitu
937 4974 1205 5028 cernimus
1234 4983 1541 5029 coronatos.
1575 4976 1813 5047 Denique
1840 4977 1964 5033 illo-

374 5079 493 5119 rum
521 5065 794 5118 insultatio
818 5064 955 5119 facta
982 5076 1063 5120 est
1088 5076 1269 5122 nostra
1293 5066 1597 5122 exsultatio.
1625 5068 1693 5123 Et
1713 5068 1829 5124 hac
1847 5070 1966 5140 qui-

373 5156 497 5213 dem
538 5158 785 5229 religiosa
817 5168 872 5214 et
901 5159 1264 5229 sempiterna:
1311 5158 1403 5214 illa
1443 5174 1571 5215 vero
1610 5168 1737 5215 tunc
1777 5159 1960 5232 impia,

374 5265 515 5304 nunc
541 5249 699 5317 plane
723 5249 833 5319 jam
864 5250 1027 5305 nulla.

445 5340 669 5396 CAPUT
710 5341 797 5396 lll.
820 5372 890 5383 —
920 5343 973 5399 5.
1016 5341 1305 5413 Martyrum
1343 5359 1433 5397 cur
1469 5344 1692 5399 maxima
1730 5346 1959 5416 prazmia.

382 5432 514 5489 Vita:
536 5435 688 5506 hujus
717 5436 981 5492 laboriosa:
1017 5453 1177 5491 amor.
1218 5437 1441 5492 Praemia
1477 5448 1800 5510 martyrum,
1830 5438 1973 5503 cha-A

375 5525 607 5594 rissimi,
634 5516 867 5585 maxima
902 5530 1193 5598 credimus,
1236 5538 1291 5586 et
1332 5529 1630 5587 rectissime
1667 5531 1960 5588 credimus.

376 5616 485 5673 Sed
525 5619 570 5673 si
612 5621 904 5677 certamina
932 5610 1230 5694 diligenter
1264 5621 1585 5689 intueamur,
1623 5638 1962 5696 nequaquam

376 5711 469 5769 illa
511 5721 621 5768 tam
665 5728 857 5785 magna
902 5730 1024 5773 esse
1079 5715 1411 5774 mirabimur.
1459 5714 1594 5772 Nam
1635 5716 1758 5773 vita
1804 5716 1965 5788 hujus

376 5805 618 5875 quamvis
656 5805 936 5869 laboriosae
969 5823 1033 5869 ac
1073 5810 1404 5882 temporalis,
1434 5818 1612 5905 tamen
1652 5818 1799 5871 tanta
1835 5806 1963 5872 dul-

1731 322 1962 380 SERMO
1994 321 2300 383 CCLXXX.

3507 326 3650 385 1283

2059 435 2193 493 cedo
2216 444 2320 505 est,
2345 443 2402 492 ut
2424 451 2547 493 cum
2569 435 2815 495 homines
2838 451 2945 494 non
2970 438 3179 511 possint
3198 438 3411 497 efﬁcere
3434 455 3504 500 ne
3528 457 3645 499 mo-

2058 528 2284 599 riantur,
2316 534 2494 587 tamen
2529 532 2710 588 multis
2748 540 2803 589 et
2839 532 3046 605 magnis
3087 533 3366 590 conatibus
3390 544 3549 605 agant
3578 550 3647 592 ne

2058 626 2165 679 cito
2194 625 2509 682 moriantur.
2542 628 2647 683 Pro
2688 636 2858 684 morte
2894 627 3183 684 auferenda
3221 627 3352 683 nihil
3395 627 3509 685 ﬁeri
3548 645 3647 700 po-

2059 724 2184 785 test,
2215 727 2269 774 et
2298 734 2394 789 pro
2431 734 2496 775 ea
2545 719 2838 776 differenda
2880 722 2940 776 lit
2975 720 3228 793 quidquid
3268 731 3460 791 potest.
3492 721 3652 779 Certe
3720 712 3727 717 ’

2059 809 2208 865 omni
2235 809 2430 865 anima
2454 811 2702 868 laborare
2728 813 3013 883 molestum
3042 823 3160 868 est:
3190 820 3245 869 et
3272 822 3449 869 tamen
3488 815 3651 870 etiam

2048 904 2128 983 ab
2157 904 2261 972 his,
2291 919 2323 959 a
2348 903 2543 975 quibus
2570 905 2703 960 nihil
2728 920 2825 977 seu
2847 906 3006 974 boni,
3034 921 3129 962 seu
3164 905 3323 974 mali,
3368 916 3487 978 post
3515 906 3654 962 hanc

2060 996 2225 1052 vitam
2249 1005 2515 1067 speratur,
2553 998 2802 1055 omnibus
2840 999 3110 1055 laboribus
3153 999 3344 1071 agitur,
3394 1015 3462 1056 ne
3504 999 3655 1056 labor

2062 1092 2237 1146 omnis
2266 1098 2442 1147 morte
2483 1091 2722 1147 ﬁniatur.
2754 1092 2893 1161 Quid
2933 1093 3034 1161 illi,
3078 1093 3169 1164 qui
3199 1093 3282 1148 vel
3310 1107 3495 1149 errore
3537 1101 3658 1164 post

2062 1192 2294 1238 mortem
2322 1180 2531 1238 futuras
2570 1184 2730 1239 falsas
2760 1184 3084 1255 etcarnales
3118 1182 3336 1240 delicias
3376 1185 3655 1255 suspican-

2065 1281 2171 1342 tur,
2189 1275 2275 1331 vel
2300 1284 2447 1331 recta
2467 1274 2572 1331 ﬁde
2594 1275 2827 1346 quietem
2846 1275 3131 1346 quamdam
3157 1274 3493 1331 ineﬁ‘abiliter
3514 1284 3660 1330 tran-

2065 1369 2440 1440 quillissimam
2491 1378 2547 1426 et
2585 1369 2948 1425 beatissimam
2988 1377 3234 1439 sperant,
3281 1384 3460 1425 nonne
3497 1369 3657 1425 etiam

2066 1460 2169 1530 ipsi
2198 1469 2482 1533 satagunt,
2513 1468 2568 1515 et
2594 1462 2801 1532 magnis
2829 1461 2974 1516 curis
3002 1469 3166 1532 agunt
3200 1475 3269 1516 ne
3296 1461 3402 1515 cito
3426 1460 3662 1539 morian-

2067 1553 2189 1608 tur?
2213 1553 2351 1621 Quid
2378 1552 2480 1609 sibi
2509 1553 2651 1608 enim
2682 1553 2824 1609 aliud
2852 1553 3039 1609 volunt
3063 1567 3162 1624 pro
3189 1554 3330 1608 victu
3358 1552 3661 1608 necessario

2070 1651 2150 1699 tot
2176 1643 2410 1711 labores,
2441 1654 2587 1699 tanta
2617 1644 2867 1712 servitus,
2896 1644 3008 1700 sive
3036 1642 3336 1710 medicina,
3372 1644 3487 1699 sive
3525 1643 3661 1710 alio-

2055 1722 2189 1791 rum
2220 1734 2623 1806 obsequiorum,
2647 1752 2806 1807 quam
2828 1736 2912 1792 vel
2934 1736 3152 1808 exigunt
3175 1746 3384 1809 aegroti,
3407 1735 3491 1792 vel
3513 1734 3664 1791 exhi-
3752 1770 3760 1787 ι

2070 1826 2228 1883 betur
2249 1830 2486 1899 agrotis,
2512 1827 2615 1883 nisi
2637 1843 2704 1884 ne
2724 1828 2791 1883 ad
2818 1829 3103 1884 terminum
3132 1829 3323 1884 mortis
3352 1829 3458 1884 cito
3484 1826 3664 1884 venia-

2060 1921 2192 1991 tur?
2236 1921 2431 1990 Quanti
2473 1922 2651 1993 itaque
2695 1923 3053 1993 comparanda
3103 1932 3185 1979 est
3232 1923 3287 1977 in
3336 1921 3665 1987 futura‘vita

2072 2015 2216 2069 nulla
2242 2014 2432 2069 mortis
2458 2014 2646 2081 illatio,
2669 2015 2822 2085 cujus
2851 2022 2956 2069 tam
2988 2016 3223 2085 pretiosa
3247 2024 3328 2071 est
3354 2015 3408 2070 in
3433 2014 3535 2070 hac
3557 2014 3665 2070 vita

2071 2105 2183 2161 sola
2209 2104 2431 2161 dilatio?
2456 2105 2625 2160 Tanta
2654 2107 2850 2177 quippe
2871 2115 2953 2162 est
2977 2108 3139 2163 etiam
3163 2106 3322 2178 hujus
3345 2122 3665 2163 arumnosa

2071 2199 2194 2254 vitae
2211 2200 2393 2254 nescio
2421 2215 2542 2269 qua
2566 2199 2822 2267 suavitas,
2849 2211 3135 2272 tantusque
3160 2201 3213 2256 in
3235 2210 3424 2258 natura
3448 2210 3664 2257 utcum-

2073 2308 2177 2363 que
2204 2292 2497 2347 viventium
2524 2292 2715 2349 horror
2748 2295 2957 2363 mortis,
2986 2305 3041 2350 ut
3069 2310 3170 2352 nec
3194 2296 3272 2350 illi
3301 2297 3437 2351 mori
3467 2296 3664 2365 velint,

2073 2385 2163 2455 qui
2190 2400 2285 2455 per
2309 2394 2539 2443 mortem
2567 2386 2637 2443 ad
2659 2386 2826 2443 vitam
2851 2395 3152 2455 transeunt,
3176 2387 3230 2444 in
3259 2404 3365 2460 qua
3391 2389 3534 2449 mori
3558 2404 3667 2446 non

2072 2476 2302 2546 possint.
2589 2488 2595 2495 ‘

2144 2567 2373 2624 CAPUT
2401 2567 2487 2625 IV.
2504 2601 2575 2612 ——
2598 2571 2654 2626 4.
2682 2569 2937 2643 Martyres
2962 2580 3009 2626 et
3037 2580 3249 2626 mortem
3276 2582 3322 2627 et
3348 2572 3547 2627 dolores
3575 2588 3671 2645 pro

2073 2657 2274 2716 Christo
2303 2672 2728 2735 contempserunt.
2756 2665 2907 2720 Hanc
2937 2666 3097 2736 igitur
3115 2666 3332 2723 vivendi
3361 2676 3561 2722 tantam
3582 2666 3670 2735 ju-

2074 2754 2404 2811 cunditatem
2447 2766 2757 2827 metumque
2799 2758 3064 2814 moriendi
3109 2759 3367 2816 charitate
3421 2761 3667 2827 sincera,

2074 2860 2172 2917 spe
2201 2857 2369 2917 certa,
2401 2848 2507 2905 ﬁde
2537 2865 2645 2906 non
2689 2850 2811 2905 ﬁcta
2852 2860 3117 2922 martyres
3158 2851 3358 2908 Christi
3402 2851 3671 2923 praecipua

2073 2938 2270 2995 virtute
2297 2950 2664 2997 contemnunt.
2694 2942 2751 2997 ln
2786 2941 2872 2998 his
2912 2944 3311 3014 promittentem
3343 2945 3669 2998 minantem-

2073 3046 2179 3103 que
2207 3032 2466 3088 mundum
2498 3042 2619 3103 post
2647 3042 2855 3105 tergum
2887 3034 3274 3105 relinquentes,
3307 3036 3361 3089 in
3401 3035 3669 3091 anteriora

2073 3139 2133 3180 se
2177 3126 2494 3182 extendunt.
2538 3126 2665 3183 Hac
2705 3128 2852 3183 varie
2894 3128 3161 3183 sibilantis
3197 3128 3467 3183 calcantes
3513 3134 3671 3197 caput

2073 3220 2338 3288 serpentis
2364 3220 2681 3276 ascendunt.
2713 3221 2964 3301 Omnium
2993 3220 3192 3293 quippe
3218 3222 3391 3277 victor
3418 3230 3501 3278 est
3523 3222 3672 3292 cupi-

2073 3309 2334 3377 ditatum,
2377 3314 2469 3383 qui
2515 3323 2767 3383 tanquam
2810 3324 3093 3386 tyrannum
3138 3314 3387 3386 subjugat
3430 3330 3669 3385 amorem

2072 3403 2197 3458 vita
2226 3403 2405 3474 hujus,
2438 3404 2591 3474 cujus
2622 3406 2880 3460 satellites
2918 3415 3046 3461 sunt
3089 3421 3280 3461 omnes
3323 3406 3664 3475 cupiditates.

2072 3493 2183 3551 Nec
2222 3504 2304 3550 est
2338 3497 2559 3552 omnino
2600 3512 2706 3566 quo
2754 3498 2806 3551 in
2851 3499 2951 3553 hac
2994 3498 3103 3551 vita
3145 3498 3356 3552 vinculo
3404 3506 3665 3566 teneatur,

2074 3588 2316 3659 quisquis
2352 3590 2475 3644 vita
2515 3590 2681 3659 ipsius
2708 3604 2891 3644 amore
2936 3605 3044 3644 non
3077 3599 3306 3645 tenetur.
3347 3589 3546 3645 Timori
3576 3606 3671 3645 au-

2076 3688 2182 3734 tem
2213 3680 2403 3735 mortis
2447 3688 2501 3735 et
2547 3681 2860 3751 corporales
2899 3680 3115 3736 dolores
3163 3682 3338 3736 solent
3382 3688 3669 3751 utcumque

2073 3771 2324 3826 conferri.
2372 3772 2508 3826 Nam
2555 3772 2841 3843 aliquando
2883 3772 2993 3838 ille,
3037 3772 3320 3843 aliquando
3362 3773 3463 3827 iste
3505 3774 3670 3829 vincit

2074 3866 2129 3921 in
2158 3867 2393 3921 homine.
2422 3865 2676 3921 Mentitur
2707 3875 2894 3933 tortus,
2926 3882 2993 3920 ne
3021 3867 3305 3934 moriatur;
3338 3867 3593 3922 mentitur
3615 3875 3671 3923 et

2074 3957 2387 4025 moriturus,
2416 3974 2483 4013 ne
2513 3967 2842 4029 torqueatur.
2876 3956 3077 4013 Verum
3117 3957 3265 4023 dicit,
3308 3973 3412 4013 non
3445 3960 3668 4014 ferendo

2075 4059 2362 4117 tormenta,
2391 4066 2460 4106 ne
2488 4067 2584 4121 pro
2614 4066 2672 4106 se
2700 4050 3006 4105 mentiendo
3052 4060 3379 4121 torqueatur.
3424 4050 3527 4107 Sed
3576 4068 3667 4107 su-

2075 4154 2225 4214 peret
2248 4144 2438 4198 horum
2469 4144 2691 4215 quilibet
2714 4145 2765 4197 in
2796 4144 3066 4198 mentibus
3101 4144 3443 4213 quibuslibet.
3472 4144 3667 4217 Marty-

2072 4252 2162 4292 res
2190 4236 2389 4292 Christi
2431 4252 2527 4308 pro
2559 4237 2774 4292 nomine
2812 4248 2865 4292 et
2903 4237 3105 4306 justitia
3140 4236 3337 4292 Christi
3381 4228 3668 4308 utrumque

2072 4330 2317 4385 vicerunt
2348 4348 2361 4384 :
2390 4344 2489 4385 nec
2517 4330 2685 4395 mori,
2720 4344 2819 4385 nec
2861 4328 3043 4384 dolere
3078 4331 3392 4385 timuerunt.
3442 4330 3576 4385 Vicit
3614 4333 3665 4386 in

2074 4420 2153 4476 eis
2182 4421 2270 4491 qui
2297 4420 2428 4474 vixit
2457 4420 2510 4473 in
2542 4421 2649 4484 eis;
2690 4428 2748 4474 ut
2773 4421 2861 4490 qui
2886 4435 2990 4475 non
3018 4421 3138 4487 sibi,
3171 4422 3264 4476 sed
3294 4422 3367 4475 illi
3398 4421 3664 4490 vixerunt,

2073 4527 2175 4567 nec
2204 4513 2401 4567 mortui
2440 4523 2796 4568 morerentur.
2842 4513 2960 4584 lpse
2990 4514 3069 4569 eis
3097 4514 3383 4568 exhibebat
3411 4515 3666 4585 spiritua-

2075 4607 2154 4662 les
2177 4606 2420 4673 delicias,
2450 4623 2519 4662 ne
2543 4608 2805 4662 sentirent
2828 4609 3134 4678 corporales
3163 4608 3467 4674 molestias;
3500 4624 3667 4679 fluan-

2074 4706 2186 4753 tum
2213 4714 2318 4753 non
2348 4698 2657 4766 defectioni,
2684 4699 2778 4755 sed
2807 4700 3174 4756 exercitationi
3201 4698 3492 4754 sufﬁceret.
3534 4700 3664 4755 Nam

2073 4789 2159 4845 ubi
2192 4800 2307 4845 erat
2333 4790 2425 4845 illa
2450 4789 2665 4856 femina,
2708 4792 2922 4862 quando
2957 4792 3025 4847 ad
3068 4793 3417 4861 asperrimam
3450 4808 3665 4847 vaccam

2073 4898 2132 4938 se
2161 4898 2399 4954 pugnare
2428 4900 2535 4940 non
2560 4887 2752 4953 sensit,
2779 4895 2833 4941 et
2857 4886 3069 4957 quando
3100 4885 3332 4942 futurum
3360 4898 3501 4942 esset
3524 4885 3667 4956 quod

2067 4975 2179 5047 jam
2224 4976 2419 5046 fuerat,
2464 4977 2769 5048 inquisivit?
2815 4977 2914 5034 Ubi
2942 4978 3094 5033 erat?
3122 4977 3260 5045 Quid
3300 4977 3517 5045 videns,
3565 4977 3667 5031 ista

2071 5084 2181 5126 non
2221 5070 2463 5126 viderat?
2491 5071 2609 5139 Quo
2652 5071 2835 5127 fruens
2860 5112 2876 5138 ,
2927 5070 3027 5125 ista
3071 5087 3176 5125 non
3225 5071 3507 5127 senserat?
3549 5071 3667 5139 Quo

2072 5179 2258 5221 amore
2286 5165 2514 5221 alienata
2534 5207 2550 5233 ,
2589 5180 2696 5245 quo
2723 5164 3026 5234 spectaculo
3054 5174 3294 5231 avocata,
3336 5180 3442 5236 quo
3471 5165 3667 5236 poculo

2071 5258 2371 5315 inebriata?
2395 5259 2465 5315 Et
2498 5258 2674 5314 adhuc
2717 5256 2954 5312 barebat
2995 5258 3221 5315 nexibus
3248 5260 3445 5323 carnis,
3491 5258 3665 5313 adhuc

2071 5351 2392 5408 moribunda
2417 5352 2658 5408 membra
2684 5349 2947 5421 gestabat,
2979 5349 3154 5406 adhuc
3182 5350 3516 5421 corruptibili
3544 5365 3666 5405 cor-

2070 5458 2204 5515 pore
2225 5443 2564 5516 gravabatur.
2590 5441 2750 5513 Quid,
2772 5442 3170 5523 cum‘resoluta
3196 5443 3279 5498 his
3301 5443 3527 5499 vinculis
3550 5442 3667 5498 ani-

2070 5552 2176 5592 ma
2220 5546 2533 5609 martyrum,
2563 5543 2697 5609 post
2727 5534 2941 5592 labores
2992 5536 3279 5607 periculosi
3320 5536 3662 5603 certaminis,

2072 5628 2355 5699 triumphis
2382 5627 2637 5699 angelicis
2664 5636 2905 5699 excepta
2942 5635 3103 5699 atque
3136 5626 3357 5685 refecta
3400 5635 3545 5695 sunt,
3570 5627 3665 5684 ubi

2071 5734 2179 5775 non
2224 5719 2303 5776 eis
2331 5718 2545 5788 dicitur,
2576 5718 2795 5790 lmplete
2842 5717 2986 5790 quod
3029 5718 3203 5789 jussi;
3248 5717 3344 5776 sed
3367 5759 3381 5785 ,
3424 5718 3665 5791 Accipite

2072 5811 2215 5889 quod
2237 5811 2494 5885 promisi?
2510 5813 2626 5883 Qua
2647 5827 2791 5872 nunc
2804 5811 3139 5886 iucunditate
3158 5811 3510 5885 spirituatiter
3533 5824 3667 5883 epu-
