4102 6326
487 304 627 368 1185

489 420 704 480 lantur!
725 419 896 488 Quam
925 418 1104 476 securi
1125 421 1180 474 in
1206 417 1454 486 Boetho,
1477 426 1533 475 et
1553 432 1712 490 quam
1741 419 1958 478 sublimi
1977 417 2078 474 llo-

488 529 619 574 ttorc
643 514 958 584 gloriantur,
989 512 1111 582 quis
1136 521 1353 578 terreno
1377 511 1574 568 docere
1599 512 1770 582 possit
1793 511 2076 582 eretuplo?

555 623 785 681 CAPUT
813 623 878 680 ν.
904 655 978 667 -
1004 625 1059 678 5.
1092 622 1336 680 Felicitas
1359 633 1642 697 martyrum
1666 625 1771 679 alia
1795 634 1930 690 ante,
1969 624 2077 679 alia

488 729 600 788 post
625 718 1058 773 resurrectionem.
1093 719 1160 774 Et
1185 717 1301 774 haec
1328 718 1541 790 quidem
1570 719 1698 787 vita,
1742 735 1901 790 quam
1935 734 2073 773 nunc

484 811 626 866 beati
654 821 915 884 martyres
946 812 1162 880 habent,
1191 814 1433 884 quamvis
1455 815 1562 884 jam
1592 814 1750 869 nullis
1776 814 1944 885 possit
1972 828 2072 868 sae-

481 903 586 959 culi
629 904 788 976 hujus
828 904 1167 961 felicitatibus
1211 907 1296 962 vel
1339 907 1683 964 suavitatibus
1729 908 2069 978 comparari,

480 1013 644 1069 parva
676 1000 930 1070 particula
959 1001 1328 1071 promissionis
1355 1001 1548 1073 agitur,
1578 1003 1684 1057 imo
1713 1001 1959 1056 solatium
1985 1001 2070 1057 di-

481 1088 713 1146 lationis.
744 1090 932 1146 Veniet
957 1100 1133 1146 autem
1164 1093 1532 1148 retributionis
1557 1092 1704 1161 dies,
1749 1093 1835 1164 ubi
1875 1107 2068 1163 corpo-

479 1181 630 1238 ribus
655 1182 898 1250 redditis,
921 1192 1064 1239 totus
1091 1184 1252 1240 homo
1274 1186 1497 1256 recipiat
1522 1185 1663 1256 quod
1689 1195 1942 1242 meretur.
1968 1184 2071 1242 Ubi

479 1279 535 1327 et
563 1273 704 1328 illius
729 1273 910 1330 divitis
938 1276 1176 1331 membra
1201 1294 1320 1348 quae
1345 1278 1612 1349 quondam
1640 1279 1917 1348 temporali
1946 1293 2069 1350 pur-

477 1380 608 1436 pura
635 1366 1050 1435 decorabantur,
1086 1380 1290 1426 artemo
1334 1371 1455 1441 igne
1497 1381 1820 1436 torreantur,
1863 1380 1917 1428 et
1939 1385 2069 1428 caro

475 1460 725 1530 pauperis
747 1461 976 1517 ulcerosi
997 1471 1198 1518 mutata
1222 1464 1360 1518 inter
1375 1465 1608 1533 Angelos
1634 1463 1857 1534 fulgeat:
1881 1481 2068 1536 quam-

474 1553 558 1606 vis
583 1556 743 1608 etiam
773 1571 917 1610 nunc
956 1557 1046 1612 ille
1078 1564 1280 1628 guttam
1321 1573 1388 1614 ex
1428 1558 1594 1629 digito
1640 1561 1890 1630 pauperis
1926 1561 2066 1632 apud

473 1642 673 1699 inferos
703 1646 866 1711 sitiat,
898 1657 951 1702 et
978 1648 1068 1702 ille
1097 1649 1148 1702 in
1179 1649 1298 1703 sinu
1323 1649 1452 1718 justi
1482 1649 1733 1704 deliciose
1765 1652 2067 1730 requiescat

474 1736 627 1805 (Luc.
657 1754 770 1805 xvr,
803 1740 1028 1812 $.24).
1061 1741 1209 1796 Sicut
1238 1745 1378 1797 enim
1408 1743 1693 1814 plurimum
1722 1743 1885 1800 distat
1928 1746 2067 1802 inter

473 1827 686 1885 laetitias
716 1833 1027 1888 miseriasve
1071 1834 1450 1890 somniantium
1489 1845 1544 1891 et
1579 1837 1945 1908 vigilantium;
1992 1839 2065 1894 ita

475 1923 702 1978 multum
742 1924 966 1980 interest
1007 1925 1148 1980 inter
1175 1936 1434 1982 tormenta
1463 1928 1546 1983 vel
1589 1929 1778 2002 gaudia
1819 1939 2063 1987 mortuo-

469 2030 589 2070 rum
621 2026 675 2071 et
704 2020 1126 2092 resurgentium:
1152 2036 1256 2074 non
1282 2021 1422 2091 quod
1446 2022 1663 2094 spiritus
1685 2021 2062 2079 defunctorum

468 2107 607 2164 sicut
633 2109 1011 2166 dormientium
1041 2128 1261 2168 necesse
1291 2113 1360 2168 sit
1389 2113 1531 2181 falli;
1557 2114 1650 2170 sed
1680 2113 1824 2186 quod
1850 2116 1951 2170 alia
1981 2124 2064 2173 est

469 2205 765 2261 animarum
815 2209 934 2264 sine
979 2208 1102 2264 ullis
1148 2209 1464 2279 corporibus
1507 2210 1741 2282 requies,
1791 2211 1893 2266 alia
1937 2225 2060 2266 cum

463 2301 780 2369 corporibus
807 2302 1117 2358 caelestibus
1141 2303 1353 2359 claritas
1379 2312 1433 2360 et
1459 2302 1681 2360 felicitas
1711 2305 2057 2376 Angelorum,

467 2394 662 2464 quibus
691 2397 990 2465 aequabitur
1013 2399 1404 2468 resurgentium
1451 2399 1736 2454 multitudo
1780 2400 2056 2456 fidelium:

467 2484 522 2540 in
562 2502 664 2556 qua
695 2487 1062 2556 gloriosissimi
1093 2499 1357 2562 martyres
1403 2493 1667 2576 prmeipua
1711 2492 1793 2564 sui
1840 2492 2060 2564 honoris

465 2574 587 2632 luce
612 2576 905 2648 fulgebunt,
929 2579 1149 2650 ipsaque
1172 2595 1395 2651 corpora
1409 2574 1471 2636 in
1495 2582 1687 2653 quibus
1711 2584 1922 2654 indigna
1951 2592 2058 2656 ter-

463 2677 644 2723 menta
687 2672 925 2741 perpessi
955 2681 1111 2738 sunt,
1159 2673 1237 2729 eis
1266 2673 1422 2743 digna
1465 2674 1518 2730 in
1569 2686 1885 2732 ornamenta
1933 2693 2056 2734 ver-

464 2766 664 2816 tentur.

533 2851 761 2908 CAPUT
793 2853 880 2907 VI.
908 2884 980 2894 —
1007 2854 1059 2910 6.
1095 2854 1452 2911 Solemnitates
1483 2868 1788 2930 martyrum,
1814 2875 1913 2929 quo
1938 2860 2055 2924 angi-

461 2958 544 2996 mo
572 2942 903 2998 celebrandis.
935 2944 1188 3016 Martyres
1217 2949 1520 3002 miserantur
1545 2966 1664 3015 nos,
1696 2967 1756 3004 ac
1787 2961 2058 3020 precantur

466 3050 561 3104 pro
589 3034 751 3089 nobis.
781 3035 936 3092 Unde
963 3038 1332 3094 soletnnitales
1363 3055 1548 3096 eOrnm
1570 3083 1586 3112 ,
1627 3042 1766 3097 sicut
1807 3042 2052 3112 facimus,

464 3125 813 3182 devotissime
840 3128 1194 3195 celebremus,
1228 3131 1403 3185 sobria
1430 3131 1714 3199 hilaritate,
1749 3143 1896 3190 casta
1921 3150 2054 3190 con-

461 3219 794 3289 gregatione,
840 3221 982 3276 fideli
1020 3222 1371 3292 cogitatione,
1420 3223 1604 3279 fidenti
1649 3225 2051 3296 praedicatione.

463 3309 581 3368 Non
609 3328 769 3382 parva
796 3329 919 3384 pars
946 3315 1255 3371 imitationis
1282 3325 1384 3384 est,
1410 3319 1689 3374 meliorum
1717 3321 2055 3392 congaudere

461 3405 768 3460 virtutibus.
801 3405 880 3462 Illi
912 3409 1110 3478 magni,
1148 3423 1249 3464 nos
1279 3410 1425 3480 parvi
1454 3427 1467 3464 :
1507 3411 1600 3467 sed
1635 3412 1906 3468 benedixit
1951 3415 2054 3478 De-

460 3497 638 3552 minus
662 3497 886 3568 pusillos
910 3514 1033 3554 cum
1065 3500 1270 3572 magnis
1293 3500 1464 3572 (Psat.
1496 3518 1646 3569 cxm,
1677 3505 1791 3574 I3).
1817 3505 2055 3562 Praeces—

461 3599 680 3656 serunt,
726 3591 1200 3660 prmeminuerunt.
1239 3589 1298 3649 Si
1341 3608 1434 3649 eos
1475 3596 1625 3666 sequi
1662 3611 1768 3651 non
1814 3597 2054 3656 valemus

460 3691 581 3738 actu
601 3723 617 3750 ,
653 3697 943 3753 sequamur
970 3683 1162 3740 affectu
1187 3704 1201 3740 :
1225 3685 1269 3741 si
1301 3702 1408 3742 non
1435 3685 1624 3758 gloria,
1655 3697 1800 3745 certe
1828 3690 2008 3744 Iaztitia
2035 3708 2048 3746 :

460 3773 507 3828 si
537 3789 642 3828 non
683 3775 908 3842 meritis,
949 3776 1088 3831 votis
1118 3792 1131 3830 :
1180 3777 1226 3831 si
1256 3793 1362 3832 non
1394 3779 1641 3848 passione
1664 3821 1678 3848 ,
1720 3783 2050 3851 compassio-

460 3879 530 3919 ne
555 3883 568 3918 :
594 3863 638 3918 si
666 3880 770 3920 non
797 3867 1133 3934 excellentia,
1161 3870 1513 3924 connexione.
1537 3868 1653 3924 Non
1671 3851 1832 3926 nobis
1864 3887 2050 3941 parum

459 3957 703 4012 videatur
727 3959 868 4030 quod
893 3959 1011 4029 ejus
1035 3959 1276 4031 corporis
1303 3962 1540 4017 membra
1583 3978 1787 4030 sumus,
1822 3965 1974 4035 cujus
1998 3974 2054 4021 et

461 4049 565 4114 illi,
595 4051 791 4120 quibus
818 4053 1136 4122 :equiparari
1165 4068 1272 4108 non
1304 4069 1605 4124 possumus.
1641 4056 1772 4122 Quia
1808 4058 1852 4110 si
1895 4075 2052 4112 unum

461 4142 739 4196 membrum
788 4146 998 4214 patitur,
1044 4148 1417 4217 compatiuntur
1463 4151 1635 4204 omnia
1673 4151 1895 4205 membra
1917 4169 1935 4206 :
1978 4153 2051 4206 ita

461 4249 575 4287 cum
617 4233 930 4305 gloriﬁcatur
967 4254 1124 4291 unum
1166 4238 1467 4306 membrum,
1517 4244 1835 4314 congaudent
1878 4246 2050 4299 omnia

461 4327 682 4381 membra
708 4328 725 4397 (
753 4327 774 4380 l
797 4326 914 4385 Cor.
941 4344 1039 4398 ιιι,
1066 4329 1136 4386 26
1155 4331 1194 4402 ).
1223 4330 1400 4387 Gloria
1431 4334 1612 4403 capiti,
1642 4334 1782 4390 unde
1811 4337 2047 4390 consuli-

463 4427 549 4473 tur
573 4427 628 4474 et
655 4421 1020 4490 superioribus
1046 4423 1308 4491 manibus,
1335 4433 1389 4479 et
1413 4424 1609 4480 inlimis
1635 4426 1876 4497 pedibus.
1900 4427 2050 4482 Sicut

459 4509 552 4566 ille
576 4526 715 4568 unus
741 4513 971 4568 animam
998 4529 1146 4569 suam
1179 4530 1276 4585 pro
1304 4517 1458 4572 nobis
1487 4519 1664 4588 posuit
1699 4536 1712 4572 :
1751 4519 1823 4573 ita
1853 4527 1908 4574 et
1930 4519 2049 4574 imi-

459 4602 555 4658 tati
583 4613 708 4660 sunt
736 4613 1021 4677 martyres,
1045 4615 1098 4662 et
1133 4607 1341 4662 animas
1369 4623 1492 4662 suas
1533 4625 1630 4680 pro
1666 4607 1922 4664 fratribus
1948 4625 2046 4680 po-

457 4706 702 4765 suerunt,
739 4707 900 4770 atque
943 4707 1002 4754 ut
1046 4700 1147 4756 ista
1191 4701 1504 4771 populorum
1555 4711 1806 4774 tanquam
1849 4704 2046 4774 germi-

459 4803 588 4846 num
617 4792 984 4862 copiosissima
1015 4792 1262 4849 fertilitas
1291 4805 1553 4865 surgeret,
1578 4802 1775 4851 terram
1801 4811 1899 4851 suo
1924 4812 2046 4854 sau-

455 4883 617 4952 guine
638 4883 1008 4954 irrigaverunt.
1033 4886 1261 4942 Fructus
1283 4886 1478 4942 laboris
1498 4903 1626 4958 ergo
1647 4887 1857 4945 illorum
1885 4891 2046 4948 etiam

456 4987 560 5030 nos
586 4989 789 5030 sumus.
820 4975 1075 5032 Miramur
1113 4993 1226 5042 eos,
1271 4978 1592 5035 miserantur
1634 4995 1750 5036 nos.
1795 4980 2045 5038 Gratula-

456 5081 579 5123 mur
607 5067 708 5134 eis,
739 5078 1023 5139 precantur
1056 5085 1156 5141 pro
1199 5071 1372 5127 nobis.
1419 5071 1500 5126 Illi
1545 5087 1768 5142 corpora
1795 5090 1890 5130 sua
1927 5084 2048 5131 tan-

456 5172 616 5228 quam
645 5159 961 5217 vestimenta
999 5168 1336 5225 straverunt.
1377 5177 1499 5218 cum
1541 5163 1717 5235 pullus
1759 5165 2044 5222 Dominum

455 5259 678 5321 portans
720 5253 775 5308 in
813 5252 1110 5310 Jerusalem
1153 5255 1474 5312 duceretur:
1521 5272 1619 5313 nos
1661 5257 1852 5315 saltem
1899 5259 2048 5316 velut

453 5359 636 5402 ramos
665 5345 736 5402 de
759 5345 1041 5403 arboribus
1069 5348 1372 5416 caedentes,
1415 5349 1486 5407 de
1521 5351 1807 5423 Scripturis
1845 5355 2046 5413 sanctis

454 5435 686 5508 hymnos
731 5437 1023 5510 laudesque
1059 5440 1432 5512 deeerpimus,
1484 5458 1616 5513 quas
1663 5442 1716 5498 in
1761 5459 2046 5504 commune

452 5527 704 5598 gaudium
734 5529 1069 5601 proferamus
1096 5531 1308 5606 (Matth.
1336 5550 1448 5603 ut,
1479 5533 1610 5608 7-9).
1639 5535 1837 5592 Omnes
1865 5547 2041 5596 tamen

451 5617 628 5674 eidem
639 5620 866 5677 Domino
877 5637 1145 5693 paremus,
1160 5639 1224 5679 eu
1232 5624 1404 5681 mdem
1419 5627 1728 5699 magistrum
1746 5629 2039 5702 sequimur,

449 5711 702 5769 eutndem
721 5714 1014 5787 principem
1034 5717 1373 5787 comitamur,
1396 5719 1567 5776 eidem
1584 5722 1746 5792 capiti
1769 5723 2042 5795 subjungi-

447 5814 592 5870 In.
617 5803 688 5862 ad
709 5804 958 5868 eandem
977 5807 1274 5868 Jewsalcm
1297 5813 1583 5879 tendimus.
1605 5815 1852 5874 eamdem
1869 5824 2043 5876 secta-

1641 5955 1650 5964 .
1663 5949 1690 5961 κ.
1728 5944 1836 5964 ιω...
1867 5945 1935 5971 af.

1730 304 1788 362 S.
1829 298 2202 362 AUGUSTI”
2233 301 2534 364 EPISCOPI

3636 314 3774 375 1284

2181 434 2304 476 mur
2329 419 2667 487 charitatem,
2695 420 3049 512 eamdemque
3086 424 3460 498 amplectimur
3488 429 3769 488 unitatem.

2590 539 2820 596 SERMO
2857 541 3162 600 CCLXXXI
3185 548 3202 568 ·
3237 545 3339 624 (α).

2332 633 2384 678 In
2414 629 2562 680 Natali
2593 639 2855 696 martyrum
2886 642 3140 702 Perpetua:
3175 644 3228 686 et
3257 637 3531 701 Felicitatis,
3566 656 3616 690 ιι.

2249 710 2478 770 CAPUT
2542 714 2828 772 PRIMUM.
2897 749 2969 760 —
3043 721 3096 774 1.
3137 718 3206 774 In
3261 718 3516 793 Perpetua
3563 733 3612 780 et
3664 724 3768 779 Fe-

2179 803 2370 860 licitate
2435 804 2664 863 Christus
2736 809 2968 866 invictus.
3029 811 3278 884 Refulget
3339 825 3394 870 et
3455 819 3764 887 praeeminet

2177 896 2319 953 inter
2343 899 2568 955 comites
2592 909 2852 974 martyres
2895 911 2950 958 et
2976 906 3225 961 meritum
3255 915 3310 962 et
3335 922 3529 965 nomen
3569 910 3767 982 Perpe-

2179 996 2282 1044 tua:
2325 999 2379 1045 et
2406 989 2725 1060 Felicitatis,
2770 1004 3072 1051 sanctarum
3107 997 3202 1054 Dei
3251 997 3590 1056 famularum.
3634 1003 3765 1076 Nam

2176 1080 2249 1136 ibi
2275 1091 2358 1138 est
2385 1079 2582 1139 cerona
2609 1085 2910 1156 gloriosior,
2958 1089 3047 1144 ubi
3096 1105 3256 1146 sexus
3296 1092 3577 1150 infirmior.
3631 1095 3764 1163 Quia

2177 1175 2416 1244 profecto
2442 1177 2608 1232 virilis
2639 1179 2848 1234 animus
2879 1180 2929 1234 in
2962 1179 3188 1238 feminas
3227 1183 3400 1254 majus
3434 1187 3633 1258 aliquid
3686 1187 3765 1261 fe-

2175 1267 2270 1334 cit,
2294 1268 2508 1338 quando
2534 1269 2637 1324 sub
2662 1279 2809 1326 tanto
2838 1272 3073 1343 pondere
3103 1273 3360 1346 fragilitas
3385 1275 3615 1334 feminea
3658 1295 3763 1335 non

2173 1358 2388 1414 defecit.
2427 1363 2571 1417 liene
2599 1363 2920 1418 inhreserant
2961 1366 3050 1420 uni
3093 1367 3370 1435 viro,‘cui
3417 1372 3565 1442 virgo
3621 1383 3764 1442 casta

2176 1450 2333 1506 unica
2361 1451 2643 1508 exhibetur
2671 1455 2999 1526 Ecclesia(ll
3024 1455 3147 1514 Cor.
3183 1474 3274 1527 χι,
3324 1459 3404 1532 2).
3451 1461 3629 1530 Bene,
3682 1465 3763 1519 in-

2171 1560 2354 1616 quam,
2384 1545 2710 1602 inhaeserant
2742 1548 2820 1602 illi
2847 1550 2981 1619 viro,
3005 1566 3035 1605 a
3057 1567 3164 1622 quo
3189 1554 3438 1609 virtutem
3468 1564 3758 1625 traxerant,

2171 1654 2275 1710 qua
2316 1642 2630 1698 resisterent
2669 1642 2881 1699 diabolo
2935 1663 2950 1700 :
2995 1654 3051 1700 ut
3104 1645 3316 1702 feminte
3366 1660 3762 1720 prosternerent

2171 1732 2467 1802 inimicum,
2499 1736 2588 1806 qui
2613 1752 2708 1806 per
2737 1736 2987 1793 feminam
3033 1725 3396 1810 prostraverat
3433 1745 3626 1800 virum.
3668 1745 3760 1816 Ille

2170 1823 2224 1880 in
2252 1826 2331 1882 eis
2351 1831 2599 1898 apparuit
2622 1829 2868 1900 invictus,
2902 1831 2992 1903 qui
3023 1849 3121 1902 pro
3164 1834 3242 1888 cis
3271 1833 3441 1890 factus
3482 1845 3566 1891 est
3617 1837 3760 1893 infir-

2167 1932 2306 1972 mus.
2349 1917 2440 1974 Ille
2473 1934 2567 1975 eas
2611 1929 2670 1975 ut
2698 1929 2946 1990 meteret,
2989 1923 3299 1981 fortitudine
3343 1927 3621 1997 implevit;
3671 1930 3760 2001 qui

2166 2026 2258 2068 eas
2289 2015 2609 2082 seminaret,
2657 2017 3004 2088 semetipsum
3043 2019 3353 2076 exinanivit.
3414 2022 3509 2078 Ille
3560 2039 3652 2080 eas
3693 2013 3757 2081 ad

2169 2103 2268 2161 hos
2297 2107 2531 2164 honores
2553 2108 2842 2184 laudesque
2863 2109 3142 2182 perduxit,
3170 2114 3262 2184 qui
3291 2130 3387 2186 pro
3426 2116 3502 2172 eis
3553 2132 3754 2189 cppro-

2167 2196 2284 2252 bria
2315 2207 2372 2253 et
2398 2198 2623 2254 crimina
2648 2201 2874 2256 audivit.
2899 2201 2992 2259 Ille
3020 2202 3144 2260 fecit
3186 2203 3412 2264 feminas
3448 2208 3670 2264 viriliter
3699 2219 3759 2265 et

2172 2289 2406 2346 fideliter
2430 2292 2588 2359 mori,
2612 2294 2701 2364 qui
2734 2310 2832 2366 pro
2860 2295 2938 2352 eis
2962 2295 3209 2369 dignatus
3231 2310 3316 2356 est
3337 2300 3404 2357 de
3430 2300 3622 2358 femina
3651 2302 3755 2359 mi-

2165 2382 2506 2438 sericorditer
2537 2385 2703 2440 nasci.
3029 2381 3044 2387 ”

2237 2473 2465 2532 CAPUT
2503 2476 2644 2532 Il.—
2661 2477 2718 2533 2.
2749 2477 3018 2551 Perpetua:
3039 2483 3251 2539 victoria
3271 2485 3334 2542 de
3358 2485 3579 2542 diabolo.
3599 2487 3757 2546 Dele-

2163 2578 2275 2624 ctat
2295 2579 2472 2626 autem
2504 2571 2642 2642 piam
2672 2583 2906 2631 mentem
2937 2576 3044 2632 tale
3081 2579 3445 2649 spectaculum
3469 2583 3712 2638 contueri
3738 2624 3754 2649 ,

2165 2662 2325 2732 quale
2354 2662 2457 2718 sibi
2486 2663 2638 2719 beata
2670 2665 2935 2738 Perpetua
2965 2667 3034 2724 de
3054 2684 3113 2724 se
3149 2670 3265 2746 ipsa
3307 2671 3601 2728 revelatum
3637 2687 3756 2730 esse

2164 2755 2422 2822 narravit,
2456 2756 2629 2812 virum
2660 2774 2720 2814 se
2738 2757 2930 2815 factam
2965 2747 3200 2817 certasse
3225 2777 3350 2820 cum
3383 2764 3618 2822 diabolo.
3663 2764 3756 2822 Illo

2163 2848 2360 2918 quippe
2384 2851 2676 2907 certamine
2700 2852 2752 2907 in
2782 2852 2954 2908 virum
2983 2854 3276 2926 perfectum
3298 2857 3464 2928 etiam.
3493 2859 3604 2929 ipsa
3629 2873 3752 2914 cur-

2160 2939 2330 3005 rebat,
2359 2940 2413 2994 in
2437 2957 2741 2998 mensuram
2769 2947 2940 3000 aetatis
2959 2945 3305 3016 plenitudinis
3318 2945 3512 3016 Christi
3539 2948 3750 3023 (ΕρΙιεε.

2161 3045 2240 3099 ιν,
2276 3033 2387 3104 15).
2422 3032 2608 3089 Merito
2633 3035 2724 3090 ille
2756 3045 2911 3092 vetus
2945 3051 3009 3092 ac
3048 3046 3317 3094 veterator
3348 3039 3593 3096 inimicus
3616 3081 3630 3106 ,
3687 3057 3754 3096 ne

2160 3122 2297 3180 ullas
2327 3125 2623 3195 praeteriret
2643 3126 2892 3196 insidias,
2919 3129 3009 3202 qui
3050 3146 3146 3201 per
3169 3130 3426 3187 feminam
3470 3132 3756 3206 deceperat

2160 3214 2358 3283 virum,
2388 3217 2510 3286 quia
2538 3217 2763 3274 viriliter
2789 3215 2972 3276 secum
3004 3232 3250 3293 agentem
3280 3223 3530 3296 feminam
3559 3226 3748 3296 sensit,

2159 3321 2258 3378 per
2277 3308 2450 3364 virum
2477 3325 2594 3366 eam
2623 3327 2881 3384 superare
2910 3317 3154 3372 tentavit.
3192 3315 3306 3374 Nec
3333 3319 3582 3392 maritum
3623 3336 3753 3393 sup-

2159 3401 2358 3470 posuit,
2387 3416 2454 3457 ne
2483 3402 2570 3456 illa
2593 3420 2713 3474 qua:
2735 3405 2846 3475 jam
2875 3421 3108 3479 superna
3135 3410 3455 3484 cogitatione
3482 3413 3754 3469 habitabat

2159 3493 2214 3548 in
2255 3495 2428 3563 caelis,
2465 3498 2825 3568 suspicionem
2871 3487 3122 3558 desiderii
3158 3505 3338 3560 carnis
3384 3505 3753 3564 erubescendo

2157 3595 2502 3656 permaneret
2546 3587 2766 3658 fortior;
2815 3592 2908 3647 sed
2956 3603 3160 3664 patrem
3206 3597 3385 3654 verbis
3422 3597 3752 3670 deceptionis

2155 3675 2442 3746 instruxit,
2474 3688 2530 3735 ut
2573 3681 2854 3752 religiosus
2881 3685 3112 3754 animus,
3157 3687 3248 3758 qui
3295 3703 3400 3756 non
3451 3689 3751 3745 molliretur

2157 3771 2448 3842 voluptatis
2475 3773 2730 3830 instinctu
2754 3817 2768 3843 ,
2802 3775 3013 3847 pietatis
3039 3765 3238 3850 impetu
3260 3780 3610 3854 frangeretur.
3647 3783 3750 3842 Ubi

2157 3872 2342 3919 sancta
2381 3866 2644 3938 Perpetua
2685 3876 2827 3924 tanta
2861 3871 2996 3940 patri
3038 3873 3404 3930 moderatione
3449 3878 3747 3948 respondit,

2156 3964 2219 4011 ut
2245 3974 2344 4013 nec
2367 3970 2690 4030 prreceptum
2718 3963 2957 4032 violaret,
2989 3981 3096 4036 quo
3115 3965 3336 4022 debetur
3361 3967 3534 4024 honor
3556 3985 3752 4042 paren-

2157 4048 2322 4118 tibus,
2344 4066 2444 4105 nec
2469 4051 2606 4108 dolis
2621 4054 2855 4120 cederet,
2876 4057 3066 4126 quibus
3095 4058 3252 4113 altior
3265 4059 3338 4133 (b)
3355 4061 3545 4132 agebat
3571 4061 3752 4120 inimi-

2157 4153 2274 4195 cus.
2309 4141 2409 4209 Qui
2459 4142 2692 4215 undique
2737 4157 3035 4219 superatus,
3095 4150 3340 4207 eumdem
3389 4163 3593 4222 patrem
3632 4155 3751 4227 ejus

2157 4231 2306 4303 virga
2335 4236 2536 4305 percuti
2560 4236 2719 4303 fecit;
2750 4247 2808 4292 ut
2830 4239 2984 4310 cujus
3011 4241 3175 4296 verba
3204 4253 3622 4324 contempserat,
3649 4247 3756 4302 sal-

2157 4335 2268 4382 tem
2299 4329 2518 4385 verbera
2539 4331 2866 4389 condolcret.
2899 4333 2978 4391 Ibi
3001 4352 3127 4403 vero
3155 4337 3328 4394 doluit
3357 4340 3444 4395 illa
3470 4341 3614 4396 senis
3651 4357 3748 4412 pa-

2155 4420 2323 4474 rentis
2353 4419 2636 4492 injuriam;
2665 4435 2720 4481 et
2746 4426 2830 4480 cui
2861 4442 2966 4482 non
2990 4429 3214 4499 prmbuit
3239 4446 3537 4502 assensum,
3567 4448 3750 4490 serva-

2157 4511 2234 4565 vit
2261 4511 2530 4568 aﬂ'ectum.
2559 4513 2756 4571 Oderat
2777 4518 2974 4590 quippe
3004 4521 3055 4574 in
3088 4521 3182 4576 illo
3206 4523 3502 4593 stultitiam,
3531 4540 3636 4580 non
3659 4542 3755 4582 na-

2156 4610 2331 4658 turam
2353 4622 2366 4671 ;
2391 4616 2445 4660 et
2469 4607 2990 4678 ejusinfidelitatem,
3023 4630 3132 4669 non
3157 4617 3415 4687 originem
3437 4633 3608 4673 suam.
3638 4619 3751 4676 Ma-

2153 4692 2272 4764 jore
2295 4695 2454 4765 igitur
2480 4697 2646 4769 gloria
2679 4709 2785 4755 tam
2810 4701 3063 4759 dilectum
3107 4715 3310 4777 patrem
3352 4710 3494 4766 male
3516 4711 3750 4766 suaden-

2155 4796 2263 4844 tem
2290 4787 2501 4846 fortiter
2533 4794 2760 4863 repulit,
2811 4812 2971 4866 quem
3019 4800 3358 4870 vapulantem
3406 4801 3587 4874 videre
3636 4805 3752 4860 sine

2155 4894 2390 4937 mmrore
2420 4897 2524 4938 non
2549 4886 2736 4955 potuit.
2760 4884 2990 4946 Proinde
3013 4900 3067 4946 et
3085 4892 3239 4952 dolor
3260 4893 3348 4949 ille
3374 4894 3505 4949 nihil
3528 4898 3754 4969 retraxit

2157 4972 2340 5027 robori
2364 4971 2717 5047 fortitudinis,
2749 4987 2806 5034 et
2852 4980 3049 5052 aliquid
3095 4983 3300 5042 addidit
3328 4986 3573 5048 laudibus
3630 5003 3752 5058 pas-

2155 5065 2344 5120 sionis.
2373 5065 2712 5140 [litigantibus
2736 5071 2879 5126 enim
2908 5072 3074 5128 Deum
3108 5079 3278 5132 omnia
3313 5088 3651 5152 coeperantur
3693 5079 3747 5146 in

2153 5151 2339 5211 bonum
2367 5157 2542 5230 (Rom.
2570 5177 2682 5228 vnt,
2713 5160 2828 5235 28).
3411 5153 3424 5168 ’

2226 5248 2454 5307 CAPUT
2496 5249 2586 5308 III.
2608 5281 2683 5294 -
2717 5255 2772 5311 5.
2813 5255 3100 5314 Felicitatis
3129 5270 3308 5330 partus
3343 5271 3393 5331 et
3427 5274 3751 5338 martyrtum.

2150 5337 2408 5397 Felicitas
2431 5358 2563 5399 vero
2586 5345 2746 5401 etiam
2779 5346 2833 5403 in
2861 5363 3077 5407 carcere
3096 5367 3375 5425 prmgnans
3402 5355 3517 5411 fuit.
3543 5337 3599 5412 In
3622 5372 3752 5440 par-2

2156 5435 2402 5492 turiendo
2427 5435 2716 5494 femineam
2743 5443 3105 5500 conditionem
3136 5445 3363 5503 feminea
3397 5464 3528 5504 voce
3558 5435 3754 5522 testata

2155 5537 2258 5584 est.
2289 5528 2405 5584 Non
2435 5529 2625 5587 aberat
2668 5533 2793 5588 Evae
2819 5550 2976 5606 pmna
2999 5580 3016 5606 ,
3059 5539 3157 5595 sed
3195 5540 3385 5596 aderat
3412 5541 3592 5612 Maria:
3629 5558 3749 5615 gra-

2147 5640 2796 5782 Ι(ἐπιτάξει
2836 5655 2942 5702 Mss.
2987 5656 3040 5702 et
3059 5652 3174 5721 Edd.
3198 5654 3251 5722 in
3277 5665 3510 5724 sermone
3552 5667 3756 5734 prmi

2210 5766 2292 5884 ta
2310 5765 2770 5886 ea.
2792 5772 2898 5840 ιω·
