4056 6442
288 345 431 407 1985

291 464 384 519 tia-
424 459 749 535 Eurycliath
788 458 932 535 quod
971 457 1162 536 mulier
1201 458 1479 535 debebat;
1522 460 1879 547 ριῑιιιιρικιωπ

289 568 451 629 quem
490 552 653 626 Virgo
705 562 1003 633 pepererat,
1047 552 1286 628 ponique
1329 553 1506 614 editus
1549 561 1633 611 est
1675 562 1877 635 partus,

288 647 577 706 immaturo
623 662 808 715 mense
856 656 1116 721 maturus.
1164 648 1354 721 Actum
1404 655 1489 723 es;
1552 647 1695 721 enim
1746 646 1881 719 divi-

289 739 435 797 nitus
461 781 477 811 ,
529 746 588 795 ut
627 753 732 794 non
780 752 879 794 suo
916 748 1155 811 tempore
1192 753 1329 814 onus
1383 739 1521 813 pteri
1568 749 1879 811 poneretur,

294 846 369 888 ne
389 846 489 888 suo
520 838 761 905 tempore
807 830 980 886 honor
1026 829 1265 919 martyrii
1319 828 1640 905 (inferretur.
1687 830 1883 903 Actum

289 934 397 993 est,
423 925 661 1007 inquam,
689 922 964 999 divinitus,
993 931 1052 997 ut
1076 922 1311 983 indebito
1338 923 1423 980 die
1446 921 1584 997 fetus
1608 922 1880 999 ederetur,

288 1017 422 1074 dum
452 1027 633 1072 tamen
661 1025 809 1085 tanto
836 1015 1109 1091 comitatui
1138 1015 1314 1091 debita
1352 1015 1599 1092 Felicitas
1626 1014 1881 1089 reddere-

288 1120 380 1166 tur
406 1127 420 1164 :
450 1123 520 1164 ne
550 1107 596 1164 si
620 1106 895 1175 defuisset,
925 1122 1030 1163 non
1052 1108 1225 1181 solum
1256 1108 1397 1183 socia
1427 1107 1770 1181 martyribus,
1800 1122 1884 1165 ve-

288 1216 412 1258 rum
441 1201 604 1257 etiam
636 1200 872 1275 ipsorum
896 1207 1191 1275 martyrum
1214 1199 1492 1285 prannium
1541 1198 1774 1277 defuisse
1801 1199 1879 1273 vi-

290 1296 532 1371 deretpr.
557 1295 667 1369 iioc
693 1296 834 1365 enim
865 1304 983 1369 erat
1010 1311 1201 1363 nomen
1224 1294 1499 1369 ambarum
1520 1335 1536 1365 ,
1577 1294 1717 1369 quod
1761 1309 1882 1369 inu-

288 1406 395 1448 nus
422 1398 507 1463 est
532 1389 793 1465 omnium.
825 1389 957 1466 Nam
987 1404 1083 1445 cur
1106 1389 1285 1463 omnia
1305 1396 1569 1463 mariyres
1588 1388 1881 1461 perferunt,

290 1483 398 1551 nisi
426 1493 486 1539 ut
512 1490 763 1557 perpeiua
791 1482 1046 1556 feiicitate
1070 1481 1403 1554 glorientur?
1449 1482 1562 1551 Hoc
1606 1497 1734 1557 ergo
1779 1482 1886 1555 iilac

287 1570 640 1663 vocahaiiitir,
669 1575 735 1641 ad
764 1574 907 1651 quod
949 1574 1125 1650 cuncti
1165 1586 1441 1645 vocantur.
1492 1573 1562 1637 Et
1604 1573 1724 1649 ideo
1762 1588 1885 1647 cum

290 1667 522 1727 essetin
562 1660 651 1722 illo
693 1660 984 1739 certamine
1026 1666 1288 1743 plurimus
1325 1667 1640 1741 comitatus,
1696 1666 1887 1725 harum

290 1760 520 1835 duai'um
560 1760 863 1829 nominibus
896 1754 1134 1835 omnium
1178 1768 1261 1819 est
1306 1760 1599 1837 signiﬁcata
1628 1748 1891 1833 perenni-

290 1862 398 1923 tas,
422 1854 661 1933 omnium
681 1855 887 1926 signata
915 1854 1246 1930 solemnitas.

708 1990 941 2067 sanun
976 1990 1344 2061 essum"
1372 1990 1469 2065 (ι).

437 2133 492 2177 In
520 2126 670 2178 natali
699 2132 962 2201 martyrum
992 2132 1248 2192 Perpetua:
1281 2134 1334 2178 et
1363 2124 1646 2187 Felicitatis,
1679 2138 1747 2174 tu.

369 2253 598 2312 CAPUT
634 2254 1091 2325 PRIMUM—1.
1147 2254 1225 2329 pe
1278 2255 1561 2319 nominibus
1612 2263 1891 2329 martyrum

298 2347 577 2421 Perpetua:
606 2360 652 2423 et
681 2347 986 2421 Felicitatis.
1011 2350 1247 2413 Duarum
1264 2357 1565 2405 sanctarum
1598 2357 1892 2420 martyium

297 2441 500 2499 festum
533 2442 677 2498 diem
703 2443 861 2498 hodie
891 2443 1253 2515 celebramus,
1286 2459 1406 2515 qua:
1428 2458 1532 2498 non
1562 2442 1731 2501 solum
1756 2441 1890 2499 emi-

298 2546 540 2592 nuerunt
564 2537 950 2609 excellentibus
976 2538 1027 2611 in
1058 2539 1304 2615 passione
1342 2537 1659 2621 virtutibus,
1711 2550 1894 2591 verum

298 2630 463 2703 etiam
488 2645 587 2700 pro
611 2638 758 2684 tanto
788 2630 971 2685 labore
998 2630 1207 2702 pietatis
1230 2630 1532 2686 mercedem
1555 2644 1703 2689 suam
1735 2639 1898 2685 caete-

302 2738 602 2799 rorurnque
640 2723 903 2778 sociorum
939 2724 1168 2795 prOpriis
1216 2723 1491 2777 vocabulis
1534 2722 1892 2793 signaverunt.

302 2815 571 2901 Perpetua
605 2818 800 2888 quippe
828 2824 883 2872 et
922 2816 1172 2875 Felicitas
1220 2816 1434 2885 nomina
1479 2815 1702 2883 duarum
1733 2857 1748 2883 ,
1802 2813 1898 2870 sed

302 2926 517 2966 merces
547 2919 628 2965 est
653 2908 913 2964 omnium.
942 2907 1126 2983 Neque
1152 2909 1291 2964 enim
1316 2924 1505 2964 omnes
1542 2918 1802 2979 martyres
1842 2908 1897 2983 in

303 3005 600 3063 certamine
627 3005 886 3078 passionis
912 3012 1071 3075 atque
1098 3002 1447 3063 confessionis
1472 2988 1539 3056 ad
1557 3010 1767 3072 tempus
1794 3000 1900 3059 for-

304 3099 435 3154 titer
459 3096 781 3169 laborarent,
813 3096 915 3169 nisi
946 3103 1003 3167 ut
1029 3104 1283 3171 perpetua
1310 3094 1560 3150 felicitate
1590 3093 1897 3165 gauderent.

230 3206 233 3217 '
307 3191 502 3247 Divina
542 3205 671 3263 ergo
696 3189 1025 3261 providentia
1054 3188 1386 3260 gubernante
1414 3187 1528 3247 ista:
1567 3202 1673 3242 non
1726 3186 1899 3259 solum

314 3266 613 3354 martyres,
634 3297 817 3339 verum
841 3281 1004 3337 etiam
1028 3280 1475 3355 coniunctissima;
1499 3279 1742 3345 comites,
1794 3278 1900 3339 sic—

316 3382 377 3429 ut
421 3373 619 3443 factum
646 3382 730 3441 est
750 3414 766 3442 ,
792 3388 913 3430 esse
942 3372 1261 3440 debuerunt,
1290 3382 1349 3443 ut
1373 3390 1538 3430 unum
1564 3388 1677 3429 suae
1720 3372 1903 3446 gloria:

310 3464 457 3521 diem
503 3466 796 3538 signarent,
839 3480 1285 3538 communemque
1334 3467 1723 3527 solemnitatem
1758 3465 1903 3522 cele-

308 3557 572 3626 brandam
602 3559 829 3631 posteris
867 3568 1243 3635 propagarent.
1284 3558 1431 3614 Sicut
1464 3559 1608 3615 enim
1659 3558 1904 3628 exemplo

310 3650 688 3724 gloriosissimi
716 3650 1029 3706 certaminis
1060 3660 1119 3738 ut
1160 3651 1430 3725 imitemur
1474 3650 1787 3723 hortantur;
1832 3651 1906 3709 ita

309 3742 427 3800 suis
470 3742 775 3817 nominibus
817 3758 1012 3801 munus
1052 3743 1407 3831 inseparabile
1452 3757 1551 3815 nos
1592 3750 1906 3815 accepturos

310 3852 437 3894 esse
475 3844 756 3911 testantur.
793 3836 979 3891 Ambae
1019 3836 1245 3891 invicem
1276 3844 1514 3913 teneant,
1557 3835 1783 3892 invicem
1808 3851 1904 3907 ne—

310 3936 483 3985 ctant.
516 3929 751 3983 Alteram
790 3928 906 3983 sine
947 3928 1114 4002 altera
1154 3943 1261 3983 non
1302 3943 1597 3998 Speramns.
1626 3925 1759 3982 Nam
1806 3941 1908 3999 nec

315 4020 548 4092 prodest
577 4028 855 4095 perpetua,
880 4020 923 4093 si
946 4019 1168 4089 felicitas
1208 4034 1314 4083 non
1344 4018 1444 4083 sit;
1472 4027 1527 4075 et
1564 4017 1787 4077 felicitas
1816 4016 1911 4079 de—_

311 4111 470 4178 serit,
502 4112 546 4166 si
576 4120 829 4187 perpetua
858 4126 965 4185 non
1011 4111 1099 4181 sit.
1141 4110 1266 4165 Haec
1292 4110 1359 4165 de
1397 4109 1665 4169 vocabulis
1708 4109 1907 4181 Marty-

314 4218 439 4259 rum
458 4243 476 4273 ,
505 4201 698 4277 quibus
722 4210 1069 4277 consecraius
1089 4211 1171 4259 est
1190 4202 1324 4277 dies,
1352 4216 1455 4275 pro.
1479 4211 1718 4283 tempore
1743 4217 1908 4277 pauea

313 4293 646 4361 suffecerint.

394 4383 623 4441 CAPUT
662 4381 724 4439 11.
746 4384 890 4458 -ᾏ
927 4382 1158 4438 Femina:
1200 4384 1263 4439 de
1302 4383 1441 4440 hoste
1471 4383 1716 4441 uictrices.
1757 4384 1910 4455 Quod

315 4485 501 4534 autem
530 4478 721 4533 attinet
742 4478 808 4534 ad
833 4478 961 4533 istas
985 4493 1207 4550 quarum
1235 4485 1361 4532 sunt
1385 4477 1482 4531 ista
1511 4478 1781 4545 voeabula,
1803 4478 1909 4533 sie-

318 4577 383 4625 ut
428 4568 764 4636 audivimus,
804 4584 925 4624 cum
982 4584 1164 4629 earum
1217 4566 1395 4639 passio
1439 4568 1733 4643 legeretur,
1775 4570 1913 4643 sicut

320 4661 600 4717 memoria:
621 4660 870 4715 traditum
895 4662 1139 4715 novimus
1159 4700 1173 4725 ,
1204 4660 1319 4735 ista;
1357 4668 1624 4733 tantarum
1657 4663 1912 4719 virtutum

319 4761 485 4823 atque
512 4751 858 4831 meritorum2
886 4768 991 4806 non
1019 4751 1190 4807 solum
1232 4751 1478 4821 feminas,
1527 4768 1711 4808 verum
1750 4755 1911 4829 etiam

318 4844 580 4900 mulieres
609 4842 844 4900 fuerunt.
871 4842 1108 4914 Quarum
1138 4842 1302 4897 altera
1323 4852 1377 4898 et
1403 4852 1592 4911 mater,
1630 4854 1683 4899 ut
1731 4846 1797 4900 ad
1828 4848 1911 4907 in:

323 4935 640 4993 ﬁrmitatem
676 4953 835 4993 sexus
866 4924 1224 5009 impatientior
1262 4935 1548 4992 adderetur
1577 4936 1816 5007 allectus,
1859 4948 1916 4997 ut

325 5027 385 5085 in
410 5028 664 5084 omnibus
689 5043 780 5084 eas
802 5028 973 5086 hostis
1010 5035 1299 5103 attentans,
1327 5036 1579 5100 tanquam
1605 5044 1708 5084 non
1731 5029 1914 5087 valen-

324 5128 411 5176 tes
438 5121 573 5176 dura
614 5129 668 5176 et
710 5120 942 5176 crudelia
988 5119 1376 5191 persecutionis
1428 5135 1588 5175 onera
1629 5122 1912 5195 sustinere,

325 5230 579 5273 cessuras
601 5214 703 5271 sibi
730 5215 1003 5293 continuo,
1035 5224 1088 5271 et
1112 5228 1237 5269 suas
1260 5212 1506 5287 crederet
1530 5229 1652 5268 mox
1690 5213 1913 5269 futuras.

324 5307 433 5366 Sed
461 5308 568 5363 illa:
602 5307 871 5363 interioris
896 5306 1129 5379 hominis
1170 5304 1482 5360 cautissimo
1529 5313 1583 5359 et
1623 5303 1917 5379 fortissimo

327 5400 532 5455 robore
557 5414 744 5455 omnes
777 5398 895 5469 ejus
932 5396 1254 5452 obtuderunt
1290 5395 1529 5461 insidias,
1584 5395 1918 5467 impetusque

325 5491 618 5563 fregerunt.

399 5584 632 5643 CAPUT
670 5582 757 5640 Ill.
787 5614 861 5624 —
887 5582 941 5639 5.
970 5579 1073 5637 Cur
1119 5588 1402 5651 martyrum
1439 5579 1676 5635 comitum
1715 5583 1921 5653 nomina

390 5739 1395 5809 ‘castigatusadr.rm.t.tt.etsdl.ov.

388 5827 464 5901 (ὁ)
496 5827 638 5889 Alia.
653 5828 719 5897 de
738 5827 950 5882 Diversis
973 5824 1079 5899 ξοδ,

1639 342 1877 421 suam
1905 340 2258 423 omm-

3431 344 3578 427 l3“

1994 477 2096 533 non
2125 461 2313 534 pariter
2330 458 2662 531 celebrantur.
2685 457 2745 529 ιιι
2766 459 2868 518 hoc
2886 459 3110 536 insignis
3125 460 3305 545 gloriae
3326 464 3578 537 comitatu

1989 552 2149 613 etiam
2190 552 2289 611 viri
2316 562 2581 626 martyres
2620 553 2863 622 luerunt,
2903 554 3093 627 eodem
3122 554 3237 628 ipso
3277 555 3363 630 die
3413 558 3575 627 etiam

1994 645 2096 722 viri
2121 645 2397 702 fortissimi
2426 638 2673 719 passione
2700 648 2975 721 vicerunt;
3007 663 3103 715 nec
3124 656 3299 722 [amen
3329 649 3575 709 eumdem

1991 663 2096 795 ιἌπι
2121 663 2397 702 rorussrmi
2426 663 2673 719 passrone
2700 663 2975 721 vncerunt;
3007 663 3103 715 nec
3124 663 3299 722 ιοιιιριι
3329 663 3575 709 eumdem

2048 754 2131 805 em
2152 739 2264 795 suis
2284 740 2588 803 nominibus
2607 740 3130 813 commendavecunt,
3151 739 3305 817 Quod
3323 757 3430 815 non
3457 741 3578 817 ideo

1990 830 2185 899 factum
2213 842 2318 903 est,
2345 833 2468 907 Quia
2494 832 2709 910 femina:
2735 833 2862 891 viris
2902 848 3111 905 morum
3148 834 3401 907 dignitate
3435 851 3575 909 pra:—

1988 922 2109 979 lata:
2128 923 2271 991 sint:
2312 921 2409 981 sed
2437 922 2560 995 quia
2588 932 2643 997 ei
2679 924 2955 1000 muliebris
2993 923 3271 1001 inﬁrmitas
3306 925 3574 1001 inimicum

1989 1015 2265 1089 antiquum
2293 1014 2550 1079 miraculo
2588 1015 2789 1089 majore
2834 1014 3060 1099 devicit,
3106 1023 3161 1091 ct
3194 1015 3363 1083 virilis
3407 1018 3576 1091 virtus

1990 1114 2209 1180 propter
2231 1115 2541 1191 perpetuam
2568 1106 2872 1173 felicitatem
2903 1107 3145 1182 certavii.

2393 1219 2625 1291 saeuo
2653 1219 3039 1309 ceLxxxui-
3070 1221 3167 1295 (ς).

2244 1329 3313 1400 nummonummo).

2061 1434 2290 1495 CAPUT
2326 1437 2610 1495 PRIMUM.
2639 1467 2710 1479 —
2738 1439 2790 1493 l.
2835 1436 3015 1494 Gratia
3044 1439 3138 1495 Dei
3162 1440 3489 1513 pradicanda
3520 1442 3574 1498 in

1995 1529 2134 1600 {estis
2163 1538 2467 1601 martyrum.
2505 1529 2749 1602 Voluptas
2777 1537 2824 1584 et
2845 1529 3011 1594 dolor,
3040 1531 3143 1586 duo
3160 1533 3484 1588 incitamenta
3507 1534 3578 1589 ad

1994 1619 2324 1690 peccandum.
2355 1620 2744 1677 Fortitudinem
2762 1631 3069 1676 sanctorum
3098 1631 3390 1695 martyrum
3421 1625 3499 1681 sic
3519 1624 3575 1680 in

1994 1727 2180 1769 eorum
2214 1716 2464 1784 passione
2491 1715 2771 1781 miremur,
2795 1723 2853 1769 ut
2891 1716 3115 1786 gratiam
3145 1716 3352 1772 Domini
3380 1718 3576 1789 praedi-

1993 1819 2197 1862 cemus.
2227 1805 2410 1877 Neque
2434 1806 2574 1861 enim
2605 1815 2659 1862 et
2685 1806 2759 1861 illi
2799 1805 2855 1861 in
2904 1821 2963 1861 se
2990 1806 3121 1877 ipsis
3149 1806 3354 1863 laudari
3395 1808 3580 1866 volue-

1996 1910 2145 1966 runt,
2178 1899 2274 1955 sed
2300 1900 2353 1955 in
2392 1900 2483 1955 illo
2531 1900 2615 1956 cui
2655 1900 2870 1968 dicitur,
2908 1897 2976 1954 In
3018 1897 3239 1955 Domino
3292 1901 3584 1956 laudabitur

1996 1992 2166 2046 auium
2190 2008 2321 2047 mea.
2355 1992 2469 2050 lloc
2491 1992 2578 2064 qui
2599 1990 2917 2063 intelligunt,
2949 2006 3054 2047 non
3075 1992 3391 2063 superbiunt
3421 2008 3583 2050 zeum

1998 2095 2233 2142 tremore
2260 2094 2467 2157 petunt,
2495 2100 2615 2141 cum
2645 2085 2837 2156 gaudio
2861 2085 3130 2156 accipiunt
3161 2103 3174 2139 :
3215 2095 3581 2157 perseverant,

1992 2176 2103 2248 jam
2135 2193 2240 2233 non
2268 2178 2541 2233 amittunt.
2577 2177 2709 2245 Quia
2734 2177 2879 2232 enim
2910 2193 3018 2232 non
3052 2177 3397 2249 superbiant,
3427 2179 3585 2235 mites

2000 2279 2142 2325 sunt.
2189 2270 2257 2325 Et
2301 2270 2422 2325 ideo
2469 2284 2589 2324 cum
2628 2267 2881 2335 dixisset,
2927 2267 2996 2323 In
3042 2268 3258 2324 Dandae
3298 2269 3588 2324 laudabitur

2001 2365 2173 2417 annua
2208 2379 2356 2429 mea;
2396 2361 2631 2428 addidit,
2686 2361 2909 2416 Audiam
2940 2362 3114 2429 mites,
3169 2372 3214 2417 et
3241 2363 3589 2434 jucundentur

2003 2455 2175 2528 (Psai.
2203 2472 2386 2523 sunt,
2412 2456 2634 2531 ὅ).οοἰά
2662 2470 2791 2511 caro
2831 2454 3075 2522 inﬁrma,
3117 2455 3243 2526 quid
3294 2456 3491 2511 vermis
3532 2463 3587 2511 et

2006 2550 2227 2622 putredo
2267 2561 2442 2617 esset,
2486 2550 2585 2604 nisi
2628 2548 2770 2620 quod
2821 2549 3152 2605 cantavimus
3189 2565 3376 2605 verum
3409 2560 3583 2620 esset,

2003 2641 2112 2695 Deo
2139 2636 2429 2712 subjicietur
2454 2641 2623 2693 anima
2661 2655 2773 2694 mea
2794 2682 2808 2707 ,
2848 2639 3087 2710 quoniam
3118 2639 3181 2694 ab
3222 2641 3332 2711 ipso
3372 2649 3443 2695 est
3489 2658 3586 2712 pa-

1987 2735 2179 2789 ‘tientia
2202 2750 2312 2788 mea
2343 2733 2511 2803 (Paul.
2543 2747 2655 2799 LXI,
2680 2732 2776 2805 6)?
2807 2733 3013 2788 Etenim
3042 2742 3099 2788 ut
3124 2733 3261 2788 mala
3290 2734 3468 2789 omnia
3491 2749 3589 2805 pro

2004 2826 2109 2881 ﬁde
2139 2835 2404 2895 martyres
2433 2826 2741 2890 tolerarent,
2766 2825 2934 2880 virtus
2974 2840 3159 2880 eorum
3190 2826 3439 2895 patientia
3486 2842 3589 2881 no-

2003 2922 2256 2977 minatur.
2286 2920 2399 2974 Duo
2420 2928 2543 2973 sunt
2567 2919 2709 2974 enim
2736 2934 2855 2990 qua:
2885 2920 2937 2973 in
2973 2928 3192 2989 peccata
3221 2918 3462 2975 homines
3498 2926 3591 2974 aut

2005 3015 2253 3080 illiciunt,
2285 3020 2377 3066 aut
2408 3012 2722 3081 impellunt;
2764 3011 3025 3080 voluptas,
3053 3011 3336 3091 aut‘dolor
3377 3029 3391 3065 :
3431 3012 3588 3067 volu-

2003 3109 2305 3182 ptasillicit,
2335 3108 2491 3162 dolor
2512 3106 2756 3177 impellit.
2780 3105 2976 3161 Contra
3003 3105 3321 3176 voluptates,
3343 3120 3589 3161 necessa-

2005 3202 2085 3257 ria
2114 3209 2197 3256 est
2235 3199 2595 3263 continentia;
2641 3207 2826 3252 contra
2868 3195 3116 3263 dolores,
3164 3196 3432 3265 patientia.
3481 3195 3593 3252 Hoc

2006 3295 2148 3351 enim
2177 3292 2336 3348 modo
2357 3292 2657 3363 suggeritur
2682 3290 2925 3344 humanm
2950 3289 3138 3353 menti,
3163 3295 3221 3343 ut
3241 3297 3461 3359 peccet:
3490 3288 3593 3343 ali-

2006 3385 2222 3457 quando
2246 3384 2464 3448 dieitur,
2496 3381 2624 3447 Fac,
2654 3389 2706 3436 et
2738 3382 2839 3435 hoc
2866 3379 3129 3445 habebis;
3169 3378 3453 3449 aliquando
3493 3394 3593 3434 au-

2010 3485 2138 3542 tem,
2170 3474 2297 3539 Fac,
2329 3489 2397 3528 ne
2423 3472 2528 3528 hoc
2546 3472 2790 3543 patiaris.
2823 3470 3162 3539 Voluptatem
3193 3470 3447 3539 praecedit
3471 3485 3597 3540 pro-

2008 3566 2216 3630 missio,
2250 3564 2489 3618 dolorem
2515 3561 2880 3617 commiuatio.
2912 3559 2978 3616 Ut
2997 3576 3126 3630 ergo
3164 3559 3392 3615 habeant
3417 3559 3594 3615 homi-

2009 3670 2107 3711 nes
2135 3655 2485 3724 voluptatem,
2514 3651 2601 3707 vel
2630 3666 2735 3705 non
2758 3651 3026 3721 patiantur
3053 3649 3317 3717 dolorem,
3350 3663 3591 3720 peccant.

2010 3748 2137 3805 Ideo
2161 3748 2301 3803 Dens
2316 3755 2502 3801 contra
2524 3745 2621 3801 ista
2644 3743 2767 3810 duo,
2797 3757 3021 3814 quorum
3044 3749 3125 3796 est
3142 3757 3306 3796 unum
3328 3742 3381 3797 in
3403 3742 3595 3799 blanda

2012 3820 2395 3911 promissione,
2417 3838 2642 3892 alterum
2666 3836 2747 3909 ‘in
2798 3834 3024 3890 terribili
3070 3833 3513 3901 comminatione,
3541 3844 3596 3890 et

2014 3932 2323 4003 promittere
2351 3929 2598 4000 dignatus
2636 3936 2757 3994 est,
2790 3936 2845 3982 et
2881 3934 3118 3992 terrere;
3160 3924 3468 3994 promittere
3504 3940 3596 3982 re-

2012 4041 2176 4098 gnum
2205 4025 2485 4087 caelorum,
2519 4029 2724 4077 terrore
2746 4020 2815 4075 de
2845 4016 3121 4091 suppliciis
3146 4017 3460 4073 inferorum.

2083 4115 2309 4177 CAPUT
2361 4112 2427 4171 ll.
2461 4142 2532 4153 —
2581 4111 2760 4167 Dulcis
2803 4117 2887 4167 est
2927 4110 3203 4179 voluptas,
3250 4109 3345 4167 sed
3390 4107 3600 4166 dulcior

2016 4211 2177 4266 Deus.
2200 4207 2371 4262 Malus
2390 4216 2472 4261 est
2496 4204 2650 4261 dolor
2673 4202 2979 4274 temporalis
2996 4243 3011 4269 ,
3045 4201 3141 4257 sed
3164 4201 3313 4273 pejor
3341 4211 3423 4258 est
3463 4202 3602 4274 ignis

2015 4310 2273 4361 aeternus.
2304 4299 2480 4353 Habes
2499 4295 2641 4368 quod
2667 4310 2815 4352 ames
2840 4311 2936 4365 pro
2956 4295 3137 4350 mundi
3157 4296 3448 4362 amoribus,
3490 4296 3600 4352 imo

2017 4407 2115 4466 pro
2144 4390 2432 4447 immundis
2475 4388 2765 4444 amoribus.
2822 4386 3000 4451 [hbes
3035 4387 3181 4459 quod
3233 4389 3454 4455 timeas,
3502 4400 3601 4458 pro

2017 4487 2202 4546 mundi
2225 4484 2538 4541 terroribus.

2087 4583 2142 4638 Β.
2201 4579 2460 4635 Patientia
2501 4587 2550 4637 et
2588 4576 2915 4643 continentia,
2934 4577 3068 4630 dona
3098 4574 3196 4630 Dei
3232 4583 3368 4629 sunt.
3409 4570 3599 4643 Cogni-

2020 4680 2090 4734 tio
2126 4677 2309 4750 gratim
2332 4673 2432 4729 Dei
2469 4681 2514 4728 et
2552 4671 2826 4744 gratitude.
2869 4670 2977 4727 Sed
3019 4683 3203 4739 parum
3236 4674 3320 4722 est
3354 4664 3597 4734 moneri,

2018 4771 2122 4827 nisi
2150 4771 2405 4841 impetres
2439 4764 2700 4836 adjuvari.
2736 4763 2979 4819 Praesens
3018 4774 3156 4842 ergo
3179 4758 3415 4829 psalmus
3439 4770 3600 4826 quem

2020 4863 2374 4927 eantavimus,
2405 4860 2588 4916 docuit
2607 4874 2724 4923 nos,
2747 4872 2777 4911 a
2807 4857 2921 4911 Deo
2941 4854 3123 4923 utique
3145 4864 3265 4906 esse
3292 4848 3602 4921 patientiam

2019 4964 2259 5012 nostram
2282 4963 2467 5009 contra
2496 4952 2732 5008 dolores.
2762 4946 2917 5005 Unde
2940 4943 3241 5001 invenimus
3258 4942 3327 4998 ab
3347 4942 3464 5012 ipso
3481 4954 3605 4997 esse

2022 5059 2076 5107 et
2107 5048 2488 5105 continentiam
2525 5056 2765 5101 nostram
2784 5081 2799 5108 ,
2831 5054 2949 5112 quae
2982 5036 3284 5097 necessaria
3307 5044 3393 5092 est
3418 5042 3607 5097 contra

2087 5200 2396 5265 {castigatus
2413 5198 2473 5247 ad
2489 5199 2566 5265 cb.
2585 5199 2816 5265 r._t.v_.‘et
2835 5192 2897 5244 ad
2927 5190 3063 5257 Ulim.
3088 5198 3192 5242 Par.
3215 5196 3328 5259 Lor.

2109 5258 2165 5321 a)‘
2194 5255 2335 5321 Ali'as,
2368 5260 2433 5309 de
2465 5259 2675 5321 Diversis
2705 5255 2780 5305 42.

2191 5324 2263 5377 sic
2297 5312 2359 5395 in
2382 5322 2519 5384 prius
2541 5320 2683 5370 editis
2711 5316 3203 5396 prenotatur,_siein
3374 5312 3516 5371 Beda
3556 5319 3610 5364 et

2107 5400 2145 5431 n
2168 5384 2462 5431 Collecllone
2485 5382 2543 5431 ad
2580 5388 2597 5429 ι
2626 5387 2730 5429 Cor.
2766 5394 2818 5428 ιι.
2855 5385 3053 5431 ιωοθιει
3092 5377 3171 5431 lue
3200 5388 3227 5431 s
3316 5375 3461 5431 tinem
3496 5388 3606 5431 ante

2023 5375 2462 5435 Flori'Collectio'ne
2485 5382 2597 5448 ad_t
2626 5375 2730 5448 (ξοιῖ
2766 5394 2818 5428 ιι.
2843 5375 3055 5448 't‘ainetsi
3092 5375 3461 5448 ωο-ευὶιῇηβφ
3486 5388 3606 5447 suis:

2024 5448 2180 5499 monis
2200 5460 2327 5496 unus
2346 5450 2526 5509 martyr
2556 5439 2791 5509 laudatur,
2818 5454 2919 5509 you
2938 5437 2965 5509 '_|
2983 5437 3134 5487 iures;
3174 5437 3609 5509 Prodiit"nim_irum

2024 5521 2189 5565 sermo
2209 5511 2304 5559 iste
2328 5520 2393 5556 ex
2748 5500 2994 5570 quibusin
3015 5500 3353 5570 mamismptis
3380 5504 3611 5570 ttactatus

2024 5560 2245 5624 videmus
2266 5575 2508 5633 truncalOS
2528 5560 2817 5631 υιθτυωίιιίε
2838 5560 3267 5633 θρῖθειίγὲιθιὼςέ
3278 5560 3484 5627 ὢνθῇίῆ
3498 5573 3612 5633 93m

2026 5620 2215 5697 insigni
2235 5632 2499 5697 mutatione
2518 5620 2889 5697 aptatos._'uune
2982 5620 3181 5697 antiquo
3202 5620 3513 5697 Gern'iaiiensi

2025 5682 2258 5751 οἶοῶὶο
2279 5696 2408 5745 inter
2429 5682 2686 5741 sermones
2705 5689 2772 5739 de
2804 5693 2846 5737 s.
3151 5684 3509 5747 descripserant
3537 5682 3612 5751 io-

2029 5742 2250 5827 eos;
2272 5742 2376 5827 ea:
2401 5753 2737 5827 telamo-1
3486 5742 3613 5815 ΨΒ

2025 5808 2998 5879 ι’ἱιοίιοθιοάάἱιιοὰἱοωηοωωειῇιὶδὲ
