4056 6442
500 368 640 430 128⁸1

498 484 824 558 voluptates?
834 483 1011 541 Habes
1021 481 1476 539 evidentissimum
1494 481 1853 539 testimonium
1871 501 1883 537 :
1898 482 2089 539 Etcum

497 580 699 645 scirem,
718 577 908 650 inquit,
925 577 1045 650 quia
1064 592 1209 632 nemo
1229 583 1394 647 potest
1414 591 1521 631 esse
1540 576 1819 644 continens,
1832 575 1932 630 nisi
1948 573 2087 630 Deus

498 671 617 735 det;
647 679 693 725 et
718 670 813 725 hoc
839 669 1009 743 ipsum
1032 676 1141 724 erat
1167 668 1432 740 sapientia
1449 709 1465 736 ,
1492 667 1620 722 scire
1646 667 1795 738 cujus
1824 677 1949 722 esset
1992 667 2086 722 hoc

496 762 686 818 donum
711 762 868 837 (Sap.
894 778 1008 838 vm,
1031 762 1150 834 2i).
1180 761 1325 834 Ergo
1344 762 1389 817 si
1410 759 1577 816 habes
1600 760 1801 832 aliquid
1825 776 1856 815 a
1879 760 2007 825 Deo,
2031 767 2086 817 et

496 857 673 913 nescis
698 872 728 911 a
754 872 862 929 quo
889 856 1107 925 habeas,
1131 873 1239 912 non
1265 856 1373 913 eris
1397 863 1730 924 muneratus,
1763 854 1885 926 quia
1909 869 2084 909 rema-

494 964 591 1006 nes
611 950 871 1022 ingratus.
888 950 942 1008 Si
965 950 1143 1008 nescis
1162 966 1192 1006 a
1212 966 1320 1022 quo
1340 950 1559 1016 habeas,
1583 965 1687 1005 non
1709 950 1822 1021 agis
1845 948 2041 1020 gratias
2065 965 2080 1003 :

492 1057 603 1100 non
629 1044 835 1115 agendo
859 1046 1057 1116 gratias
1076 1086 1092 1110 ,
1122 1054 1177 1101 et
1213 1043 1356 1116 quod
1385 1044 1550 1100 habes
1578 1043 1779 1115 perdis.
1821 1042 1922 1110 Qui
1949 1041 2083 1097 enim

493 1134 664 1205 habet,
692 1135 896 1191 dabitur
915 1135 983 1192 ei.
1008 1135 1143 1205 Quid
1169 1144 1284 1203 est,
1317 1135 1477 1207 plene
1502 1135 1739 1192 habere?
1765 1134 1917 1191 Scire
1942 1134 2083 1191 unde

492 1226 714 1283 habeas.
741 1227 844 1296 Qui
861 1237 1032 1283 autem
1057 1245 1159 1284 non
1185 1227 1366 1296 habet,
1396 1228 1448 1283 id
1476 1238 1561 1284 est
1577 1268 1594 1294 ,
1618 1227 1789 1284 nescit
1815 1226 1957 1283 unde
1981 1226 2080 1281 ha-

490 1317 645 1384 heat,
674 1328 721 1373 et
744 1319 881 1390 quod
909 1320 1058 1375 habet
1087 1324 1346 1392 auferetur
1375 1320 1438 1374 ab
1471 1336 1530 1374 eo
1559 1318 1769 1392 (Matth.
1801 1335 1930 1386 xm,
1964 1318 2076 1392 12).

488 1410 729 1481 Denique
771 1412 917 1472 sicut,
943 1412 1085 1470 idem
1122 1414 1197 1469 ait
1219 1455 1235 1481 ,
1273 1411 1391 1468 Hoc
1429 1412 1595 1484 ipsum
1634 1422 1740 1467 erat
1780 1413 2076 1483 sapientiw,

486 1505 614 1559 scire
642 1507 788 1577 cujus
814 1516 939 1562 esset
961 1507 1057 1561 hoc
1076 1507 1287 1563 donum.
1303 1506 1394 1563 Sic
1408 1516 1465 1564 et
1478 1506 1754 1577 apostolus
1769 1506 1965 1561 Paulus
1981 1507 2074 1573 ait,

486 1610 607 1651 cum
630 1598 1035 1655 commendaret
1051 1599 1206 1656 nobis
1221 1601 1446 1671 gratiam
1465 1600 1560 1655 Dei
1582 1600 1635 1655 in
1651 1598 1852 1670 Spiritu
1869 1608 2073 1655 sancto.

557 1690 783 1748 CAPUT
822 1691 909 1748 Ill.
954 1722 1026 1735 —-
1062 1693 1116 1749 5.
1159 1692 1271 1750 Nos
1309 1704 1478 1750 autem
1516 1710 1617 1748 non
1654 1694 1889 1763 spiritum
1927 1694 2079 1765 hujus

486 1784 665 1839 mundi
690 1786 994 1855 accepimus,
1025 1787 1114 1843 sed
1136 1787 1391 1859 Spiritum
1408 1788 1494 1860 qui
1513 1804 1577 1843 eo;
1596 1786 1705 1843 Deo
1724 1797 1815 1843 est.
1840 1788 1904 1842 Et
1925 1785 2078 1858 quasi

486 1874 755 1932 diceretur
789 1877 895 1945 illi,
927 1878 1079 1935 Unde
1119 1880 1420 1937 discernis?
1462 1889 1675 1937 secutus
1706 1880 1976 1952 adjunxit,
2010 1878 2078 1935 Ut

482 1970 822 2043 sciamusquae
834 1971 987 2028 aDeo
1007 1974 1195 2029 donata
1213 1984 1329 2031 sunt
1350 1976 1489 2031 nobis
1505 1977 1523 2049 (
1542 1972 1691 2031 lCor.
1713 1991 1771 2038 ιι.
1795 1974 1908 2045 12).
1933 1973 2076 2044 Ergo

483 2058 717 2132 Spiritus
745 2065 873 2130 Dei,
919 2063 1150 2136 Spiritus
1186 2076 1270 2124 est
1310 2067 1586 2123 charitatis
1617 2085 1630 2121 :
1659 2066 1879 2137 spiritus
1919 2065 2075 2136 hujus

482 2154 705 2222 mundi,
748 2156 967 2226 spiritus
1009 2166 1092 2213 est
1133 2158 1400 2214 elationis.
1440 2159 1542 2226 Qui
1583 2157 1785 2215 habent
1827 2158 2073 2228 spiritum

483 2245 644 2318 hujus
671 2249 878 2318 mundi,
901 2252 1298 2322 superbisunt,
1331 2253 1523 2324 ingrati
1563 2262 1687 2308 sunt
1723 2254 1853 2309 Deo.
1881 2251 2072 2313 Multi‘

480 2338 623 2396 dona
651 2340 768 2413 ejus
789 2340 1023 2412 habent,"
1039 2343 1133 2400 sed
1158 2360 1264 2400 non
1290 2346 1475 2401 colunt
1501 2360 1621 2402 eum
1647 2361 1677 2400 a
1705 2361 1810 2417 quo
1830 2345 2069 2401 habent:

481 2429 604 2488 ideo
630 2442 755 2489 sunt
788 2434 1049 2492 infelices.
1082 2436 1384 2507 Aliquando
1417 2451 1556 2492 unus
1592 2437 1755 2494 habet
1783 2437 1924 2493 dona
1952 2452 2075 2493 ma-v

474 2522 615 2597 jora,
639 2527 776 2583 alter
798 2526 962 2584 habet
981 2527 1189 2585 minora
1212 2548 1227 2585 :
1246 2530 1399 2586 verbi
1420 2530 1612 2602 gratia,
1636 2530 2065 2606 intelligentiam,

475 2619 815 2674 memoriam.
841 2619 992 2676 Dona
1017 2621 1111 2676 Dei
1141 2629 1287 2677 sunt.
1329 2620 1541 2678 lnvenis
1567 2622 1853 2693 aliquando
1892 2623 2069 2678 homi-

474 2723 600 2767 nem
628 2710 996 2768 acutissimum
1015 2754 1031 2781 ,
1062 2728 1355 2769 memorem
1385 2713 1453 2769 ad
1494 2712 1861 2771 incredibilem
1895 2714 2068 2771 admi-

474 2799 773 2868 rationem;
810 2802 1022 2860 invenis
1063 2804 1228 2861 alium
1263 2820 1430 2877 parvo
1460 2805 1765 2874 intellectu,
1807 2809 2068 2864 memoria

473 2905 582 2946 non
604 2893 801 2961 tenaci,
822 2894 918 2950 sed
940 2904 1166 2967 utroque
1187 2912 1352 2967 parvo
1371 2897 1655 2968 praeditum
1681 2916 1694 2952 :
1720 2899 1866 2954 illum
1888 2910 2066 2956 autem

473 2988 786 3058 superbum,
813 2989 975 3046 istum
1002 2991 1296 3060 humilem;
1330 2995 1491 3051 istum
1513 2995 1582 3051 de
1601 2996 1779 3066 parvis
1806 2996 1918 3053 Deo
1941 3010 2065 3068 gra-

473 3076 575 3133 tias
598 3090 844 3150 agentem
864 3121 881 3149 ,
908 3082 1058 3138 illum
1083 3084 1287 3154 majora
1312 3086 1413 3141 sibi
1444 3087 1786 3145 tribuentem.
2054 3128 2059 3139 ι

485 3214 491 3219 .
544 3167 773 3226 CAPUT
815 3158 1028 3227 ιν.’-
1068 3174 1258 3232 Melior
1302 3185 1385 3233 est
1421 3164 1911 3248 incomparabiliter
1952 3181 2065 3238 Deo

472 3259 673 3331 gratias
690 3277 867 3344 agens
882 3263 952 3319 de
978 3279 1164 3335 parvo,
1193 3282 1353 3339 quam
1376 3282 1436 3324 se
1459 3270 1726 3326 extollens
1753 3270 1821 3328 de
1846 3287 2059 3344 magno.

471 3350 626 3408 Illum
659 3353 803 3410 enim
822 3340 923 3426 qui
957 3355 1025 3413 de
1057 3372 1221 3428 parvo
1263 3360 1460 3430 gratias
1501 3361 1650 3431 agit,
1700 3362 1768 3418 ad
1810 3340 2063 3436 magnum

472 3442 616 3500 Deus
646 3444 915 3502 admittit:
940 3448 1031 3518 qui
1053 3457 1232 3505 autem
1258 3449 1325 3506 de
1350 3450 1558 3522 magnis
1576 3453 1775 3523 gratias
1797 3468 1906 3510 non
1930 3456 2058 3527 agit,

470 3546 527 3594 et
552 3538 694 3610 quod
724 3538 887 3596 habet
935 3541 1149 3597 amittit.
1200 3542 1301 3610 Qui
1339 3544 1474 3599 enim
1507 3545 1689 3614 habet,
1729 3547 1932 3602 dabitur
1973 3549 2063 3615 ei;

470 3631 556 3701 qui
582 3640 754 3685 autem
789 3648 890 3686 non
922 3631 1106 3701 habet,
1145 3642 1194 3688 et
1230 3634 1368 3704 quod
1405 3634 1550 3690 habet
1586 3637 1845 3717 auferetur
1883 3639 1946 3693 ab
1979 3656 2057 3695 eo.

470 3722 751 3791 Quomodo
776 3740 882 3780 non
909 3723 1102 3790 habet,
1139 3725 1187 3781 si
1222 3724 1425 3783 habet?
1458 3727 1577 3784 Non
1617 3729 1821 3787 habens
1862 3730 2057 3802 habet,

470 3818 561 3888 qui
589 3818 759 3874 nescit
786 3818 926 3875 unde
957 3818 1169 3875 habeat.
1203 3819 1428 3877 Tollitur
1451 3824 1598 3881 enim
1627 3840 1657 3879 a
1674 3816 1796 3880 'Deo
1815 3840 1904 3883 res
1923 3843 2020 3884 sua
2039 3869 2057 3896 ,

469 3919 525 3967 et
545 3921 786 3968 remanet
811 3912 1163 3985 illiiniquitas
1183 3930 1298 3970 sua.
1322 3915 1467 3988 Ergo
1492 3935 1639 3973 nemo
1664 3929 1747 3975 est
1773 3923 2056 3990 continens,

470 4002 567 4058 nisi
602 4002 737 4059 Deus
759 4004 861 4058 det.“
896 4005 1068 4061 Habes
1095 4022 1291 4062 munus
1322 4017 1509 4064 contra
1536 4011 1836 4081 voluptates
1866 4029 1880 4066 :
1910 4012 2058 4082 Quo-

469 4095 612 4150 niam
646 4096 741 4150 hoc
774 4098 976 4167 ipsum,
1004 4100 1221 4169 inquit,
1259 4112 1371 4155 erat
1410 4103 1705 4173 sapientiae,“
1746 4104 1875 4159 scire
1912 4106 2059 4176 cujus

468 4194 596 4240 esset
635 4186 731 4241 hoc
764 4187 956 4242 donum
990 4206 1010 4245 :
1035 4208 1178 4247 nemo
1212 4203 1296 4248 est
1333 4195 1612 4260 continens,
1652 4197 1749 4251 nisi
1777 4196 1915 4252 Deus
1948 4199 2053 4254 det.

471 4273 646 4331 [labes
673 4291 866 4333 munus
891 4291 1075 4335 contra
1104 4283 1335 4340 dolores
1368 4303 1382 4340 :
1415 4286 1669 4354 Quoniam
1702 4287 1764 4342 ab
1800 4289 1913 4361 ipso
1945 4299 2053 4358 est,

468 4365 659 4439 inquit,
693 4372 939 4440 patientia
957 4390 1087 4427 mea.
1116 4375 1259 4448 Ergo
1284 4390 1484 4449 sperate
1505 4381 1558 4434 in
1585 4397 1727 4445 eum,
1757 4399 1904 4438 omne
1928 4401 2048 4440 eone

467 4458 642 4513 cilium
682 4461 864 4532 plebis.
911 4464 967 4518 ln
1003 4480 1125 4521 eum
1161 4483 1405 4539 sperate,
1439 4473 1605 4529 nolite
1632 4475 1825 4531 vestris
1852 4476 2055 4533 viribus

466 4550 653 4610 ﬁdere.
688 4553 768 4610 llli
806 4558 1137 4615 confitemini
1176 4564 1313 4618 mala
1357 4577 1565 4635 vestra,
1607 4570 1675 4624 ab
1708 4569 1802 4625 illo
1840 4580 2054 4642 sperate

463 4644 605 4700 bona
639 4650 841 4704 veStra.
870 4650 998 4708 Sine
1029 4652 1171 4708 illius
1196 4655 1463 4726 adjutorio
1499 4660 1630 4715 nihil
1660 4663 1811 4719 eritis
1832 4706 1847 4732 ,
1876 4680 2051 4734 quan-

465 4748 808 4814 tumcumque
853 4745 1074 4816 superbi
1115 4746 1339 4804 fueritis.
1383 4753 1523 4824 Ergo
1561 4764 1618 4809 ut
1660 4756 1890 4813 humiles
1932 4774 2053 4816 esse

466 4835 708 4901 valeatis,
732 4838 977 4905 effundite
995 4858 1166 4897 coram
1184 4844 1276 4900 illo
1296 4847 1452 4901 corda
1473 4860 1656 4904 vestra.
1686 4850 1754 4906 Et
1782 4869 1847 4909 ne
1870 4854 1923 4908 in
1953 4871 2049 4910 vo-

462 4923 546 4981 bis
571 4928 712 4984 male
741 4934 1097 5001 remaneatis,
1137 4934 1298 4993 dicite
1320 4938 1465 5009 quod
1491 4943 1759 5013 sequitur,
1785 4944 1924 5000 Deus
1951 4946 2048 5001 ad-

457 5018 605 5091 jutor
632 5033 802 5076 noster
827 5035 899 5079 est
930 5024 1103 5097 (Psal.
1135 5043 1228 5084 ut
1249 5071 1263 5096 ,
1292 5030 1373 5101 9).

534 5111 763 5170 CAPUT
784 5115 995 5175 ν.-4.
1019 5118 1148 5177 Vera
1168 5132 1215 5179 et
1228 5125 1363 5197 falsa
1381 5128 1638 5198 patientia.
1663 5130 1849 5188 Contra
1866 5134 2046 5191 Dona-

461 5204 627 5262 tistas.
649 5206 804 5264 Hunc
821 5211 1140 5282 adjutorem,
1160 5229 1218 5273 ut
1238 5219 1491 5289 vinceret,
1519 5223 1703 5280 beatus
1723 5227 1923 5302 Martyr
1947 5232 2045 5287 ha-

458 5294 759 5367 buit,quem
780 5303 1217 5376 miramur,cujus
1229 5311 1621 5371 solemnitatem
1636 5316 1792 5375 hodie
1807 5294 2046 5380 celebra-

460 5402 602 5444 mus.
629 5390 759 5446 Sine
802 5393 893 5449 illo
935 5410 1040 5473 non
1084 5397 1339 5457 vinceret.
1371 5405 1437 5460 Et
1464 5407 1509 5460 si
1533 5407 1745 5465 dolores
1775 5414 2040 5486 vinceret,

460 5475 732 5537 diabolum
747 5497 856 5539 non
875 5485 1132 5544 vinceret.
1146 5491 1449 5564 Aliquando
1465 5499 1607 5554 enim
1626 5502 1747 5558 victi
1763 5519 1791 5557 a
1809 5475 2041 5578 diabolo,

459 5570 683 5629 vincunt
705 5574 953 5648 dolores;
982 5596 1089 5637 non
1120 5582 1379 5644 habentes
1405 5592 1739 5664 patientiam,
1767 5599 1861 5655 sed
1890 5570 2042 5658 duri;

461 5661 617 5718 tiam.
647 5663 744 5723 Ille
770 5683 899 5741 ergo
937 5672 1155 5745 adjutor
1178 5677 1378 5745 adluit,
1421 5690 1482 5739 ut
1512 5661 1746 5746 donaret
1781 5693 1831 5747 ei
1860 5708 2041 5752 veram

458 5754 622 5814 ﬁdem
640 5798 657 5826 ,
684 5758 889 5820 faceret
908 5766 959 5822 ei
993 5767 1187 5825 bonam
1223 5787 1437 5855 causam
1455 5820 1471 5845 ,
1509 5787 1564 5837 et
1589 5796 1690 5855 pro
1716 5785 1854 5846 bona
1882 5805 2040 5852 causa

481 5870 539 5967 ﬂ:
554 5871 631 5929 Sic
648 5871 834 5938 aliquot
853 5876 983 5937 libri.
995 5887 1064 5975 ft
1084 5889 1216 5951 ων..
1241 5886 1407 5944 illum.

1738 365 1801 424 S.
1839 363 2212 425 AUGUSTINI
2248 368 2547 429 EPISCOPl

3648 381 3788 441 1288

2195 467 2423 544 donaret
2446 488 2778 560 patientiam.
2810 490 2963 549 Tunc
2987 493 3131 551 enim
3157 504 3238 552 est
3265 496 3539 568 patientia,
3568 505 3786 573 quando

2191 579 2445 647 praecedit
2464 580 2603 638 bona
2631 597 2812 640 causa.
2842 584 2956 642 Non
2991 586 3134 643 enim
3174 597 3231 645 et
3264 588 3431 660 ipsam
3461 590 3621 648 ﬁdem
3650 580 3786 651 alios

2187 683 2348 741 quam
2377 672 2520 730 Deus
2559 676 2743 733 donat.
2790 679 3033 736 Breviter
3069 692 3354 754 utrumque
3387 687 3785 745 commendavit

2187 760 2512 834 Apostolus,
2544 774 2600 823 et
2626 782 2843 824 causam
2878 786 2973 842 pro
3009 788 3110 843 qua
3150 774 3417 845 patiamur
3438 818 3454 844 ,
3486 785 3543 833 et
3572 778 3782 847 patien-

2186 854 2316 912 tiam
2342 873 2444 929 qua
2466 861 2606 917 mala
2637 862 2990 934 perferamus,
3016 882 3046 920 a
3075 868 3184 923 Deo
3212 869 3367 925 nobis
3392 886 3531 927 esse.
3563 872 3780 928 Exhor-

2186 955 2307 1005 tans
2330 950 2473 1007 enim
2511 964 2778 1027 martyres
2802 957 2878 1013 ait
2920 976 2933 1013 :
2969 959 3103 1027 Quia
3130 959 3270 1016 vobis
3306 962 3551 1018 donatum
3583 975 3657 1021 est
3687 982 3781 1037 pro

2186 1037 2404 1097 Christo.
2437 1043 2581 1102 Ecce
2606 1061 2769 1107 causa
2801 1050 2960 1119 bona,
2984 1053 3106 1123 quia
3139 1069 3237 1124 pro
3261 1053 3475 1112 Christo
3505 1076 3519 1113 :
3547 1074 3654 1114 non
3685 1075 3781 1129 pro

2183 1134 2463 1205 sacrilegio
2506 1148 2692 1196 contra
2750 1139 3059 1209 Christum,
3117 1161 3215 1216 pro
3259 1144 3449 1203 hmresi
3501 1157 3555 1204 et
3602 1150 3777 1205 schis-

2181 1234 2327 1283 mate
2376 1238 2564 1287 contra
2623 1232 2921 1291 Christum.
2982 1237 3230 1296 Christus
3285 1242 3427 1296 enim
3479 1245 3554 1297 ait
3603 1262 3617 1298 :
3680 1244 3780 1312 Qui

2182 1336 2375 1376 mecum
2394 1339 2495 1378 non
2516 1325 2729 1397 colligit,
2754 1329 2953 1402 spargit
2974 1330 3128 1401 (Luc.
3156 1349 3236 1397 xt,
3259 1333 3374 1403 23).
3407 1335 3568 1407 Ergo,
3601 1334 3775 1399 Vobis,

2182 1411 2386 1484 inquit,
2414 1415 2656 1471 donatum
2677 1429 2750 1476 est
2775 1437 2869 1492 pro
2893 1419 3096 1478 Christo
3114 1468 3130 1492 ,
3161 1442 3262 1480 non
3288 1427 3453 1481 solum
3480 1437 3534 1482 ut
3557 1429 3779 1483 credatis
3806 1498 3809 1503 ὗ

2180 1504 2233 1558 in
2258 1522 2392 1572 eum,
2425 1508 2515 1563 sed
2539 1509 2689 1564 etiam
2713 1520 2769 1565 ut
2794 1514 3065 1583 patiamini
3086 1533 3178 1586 pro
3204 1533 3264 1572 eo
3286 1516 3546 1592 (Philipp.
3571 1536 3586 1573 ι
3609 1562 3624 1583 ,
3655 1521 3774 1591 29).

2177 1598 2305 1655 Haec
2327 1610 2411 1658 est
2438 1617 2563 1659 vera
2594 1605 2867 1674 patientia.
2901 1607 3051 1665 Hanc
3080 1626 3210 1681 ergo
3253 1614 3559 1682 patientiam
3591 1613 3779 1682 diliga—

2178 1707 2333 1763 mus,
2367 1694 2503 1752 hanc
2534 1706 2815 1755 teneamus
2845 1710 2937 1756 :et
2964 1702 3008 1757 si
3033 1703 3270 1758 nondum
3301 1703 3595 1771 habemus,
3626 1719 3773 1777 pela-

2179 1799 2331 1850 mus;
2359 1794 2415 1842 et
2451 1797 2597 1844 recte
2622 1798 2932 1860 cantamus,
2965 1792 3077 1848 Deo
3106 1795 3402 1868 subjicietur
3427 1798 3601 1852 anima
3628 1814 3739 1853 mea
3757 1839 3771 1865 ,

2177 1880 2415 1949 quoniam
2433 1881 2496 1937 ab
2519 1883 2629 1955 ipso
2649 1894 2723 1939 est
2744 1886 2989 1955 patientia
3013 1906 3146 1946 mea.

2578 1997 2808 2056 SERMO
2845 1999 3197 2059 CCLXXXIV
3226 2006 3246 2029 θ
3276 2004 3373 2078 (a).

2402 2092 2454 2137 ιιι
2482 2087 2633 2139 Natali
2663 2098 2927 2155 martyrum
2957 2095 3159 2146 Mariani
3183 2102 3236 2147 et
3264 2098 3427 2169 Jacobi
3459 2097 3551 2164 (b).

2248 2192 2300 2246 1.
2368 2192 2657 2268 Martyrum
2720 2201 3001 2271 patientia,
3063 2203 3255 2259 donum
3313 2204 3428 2261 Dei.
3494 2208 3772 2265 Hodierno

2174 2280 2263 2340 die
2311 2285 2569 2343 reddendi
2623 2292 2791 2346 nostri
2837 2292 3037 2360 debiti,
3088 2297 3319 2367 propitio
3365 2294 3504 2366 Deo,
3549 2310 3767 2370 tempus

2173 2373 2365 2431 illuxit.
2395 2377 2528 2435 Cum
2558 2396 2686 2453 ergo
2709 2383 2888 2439 devmi
2913 2385 3021 2441 sint
3054 2385 3349 2457 debitores,
3375 2388 3545 2461 'quare
3568 2395 3775 2449 tumul-

2174 2475 2390 2527 tuantur
2410 2478 2723 2531 exactores?
2750 2476 2806 2534 Si
2833 2480 3070 2535 omnium
3101 2490 3312 2539 mentes
3337 2485 3547 2555 quietas
3575 2485 3776 2541 habea-

2171 2577 2326 2631 mus,
2363 2564 2431 2621 ad
2465 2580 2653 2629 omnes
2688 2579 2865 2640 potest
2892 2575 3173 2643 pervenire
3198 2575 3339 2646 quod
3366 2577 3659 2632 reddimus.
3695 2578 3774 2637 De

2171 2656 2419 2724 passione
2436 2659 2668 2729 etgloria
2685 2672 2993 2719 sanctorum
3012 2677 3306 2739 martyrum
3321 2684 3503 2725 sermo
3518 2670 3769 2726 debetur.

2170 2745 2435 2813 Quoniam
2458 2765 2586 2821 ergo
2615 2752 2688 2807 illi
2709 2754 3100 2824 gloriosissime
3122 2760 3264 2828 passi
3286 2772 3431 2828 sunt,
3455 2763 3771 2831 patientiam

2169 2838 2325 2893 nobis
2348 2839 2608 2896 indicunt.
2635 2843 2977 2903 Pertulerunt
2996 2864 3124 2920 ergo
3148 2850 3220 2905 illi
3252 2853 3436 2908 turbas
3456 2857 3767 2924 smvientes,

2168 2944 2271 2985 nos
2311 2929 2604 2989 habeamus
2645 2937 2871 3007 populos
2899 2942 3303 3010 acquiescentes
3324 2985 3339 3011 ,
3368 2945 3490 3013 quia
3533 2946 3770 3003 vidimus

2168 3021 2470 3080 credentes.
2501 3025 2793 3084 Laudanda
2816 3041 2900 3086 est
2926 3043 3226 3106 martyrum
3252 3039 3576 3106 constantia,
3601 3040 3697 3095 sed
3718 3040 3770 3096 ei

2166 3112 2446 3172 laudandae
2488 3133 2609 3190 quae
2653 3120 2853 3177 sufﬁcit
2894 3124 3241 3196 eloquentia?
3296 3128 3518 3196 Quando
3566 3132 3769 3202 impleo

2164 3204 2435 3277 loquendo
2455 3250 2471 3277 ,
2495 3210 2639 3280 quod
2664 3214 2858 3269 vestris
2885 3215 3141 3273 cordibus
3174 3217 3371 3275 factum
3397 3231 3481 3276 est
3503 3221 3617 3293 jam
3646 3238 3769 3280 crc-

2164 3298 2382 3355 dendo?
2411 3301 2561 3358 Unde
2583 3313 2762 3362 autem
2797 3316 2997 3363 tantum
3025 3309 3224 3367 donum
3252 3314 3557 3384 patientiae?
3586 3315 3764 3385 Unde,

2165 3391 2268 3447 nisi
2306 3392 2450 3449 unde
2490 3409 2651 3452 omne
2685 3396 2869 3454 datum
2906 3402 3205 3471 Optimum?
3231 3402 3384 3461 Unde
3410 3405 3598 3462 datum
3625 3410 3769 3478 cpti-

2163 3498 2342 3550 mum,
2384 3486 2488 3543 nisi
2526 3488 2667 3546 unde
2702 3489 2904 3547 donum
2944 3493 3287 3563 perlectum?
3322 3497 3410 3554 Sic
3437 3500 3582 3554 enim
3609 3510 3665 3556 et
3690 3502 3770 3558 ibi

2163 3575 2422 3647 scriptum
2450 3588 2569 3650 est,
2606 3600 2625 3633 ‹
2660 3583 2921 3641 Patientia
2954 3596 3131 3643 autem
3160 3603 3297 3660 opus
3332 3590 3630 3662 perfectum
3666 3593 3769 3650 ha-

2160 3669 2270 3727 bet.
2314 3672 2521 3743 Omne,
2569 3694 2590 3729 s
2636 3676 2846 3749 inquit,
2894 3698 2913 3732 s
2959 3681 3143 3737 datum
3182 3684 3443 3755 optimum
3496 3696 3553 3742 et
3600 3704 3765 3745 omne

2162 3762 2365 3821 donum
2405 3769 2697 3852 perlectum
2736 3783 2820 3828 est
2857 3760 3194 3834 descendens
3223 3794 3251 3834 a
3284 3780 3441 3836 Patre
3469 3782 3761 3853 luminum,

2160 3860 2300 3930 apud
2328 3877 2485 3931 quem
2512 3846 2619 3919 non
2641 3875 2725 3921 est
2750 3854 3146 3939 transmutatio,
3167 3888 3265 3927 nec
3284 3877 3540 3929 momenti
3564 3877 3761 3933 obum-

2158 3949 2332 4006 bratio
2353 3970 2373 4004 ι
2405 3953 2606 4026 (Jacobi
2625 3972 2665 4023 ι,
2689 3959 2871 4030 4,17).
2889 3961 3232 4020 Adhumanas
3249 3976 3456 4022 mentes
3473 3963 3765 4026 mutabiles

2159 4040 2227 4097 de
2250 4042 2399 4099 fonte
2424 4036 2738 4104 immutabili
2766 4050 3047 4109 descendit
3078 4057 3351 4125 patientia,
3384 4074 3504 4129 qua:
3532 4069 3588 4115 et
3613 4062 3763 4131 ipsas

2158 4130 2319 4187 faciat
2353 4134 2736 4196 immutabiles.
2773 4140 2923 4199 Unde
2950 4143 3152 4201 homini
3184 4148 3394 4218 placere
3420 4150 3531 4206 Deo
3550 4192 3567 4218 ,
3596 4130 3701 4208 nisi
3730 4170 3764 4210 a

2160 4221 2313 4279 Deo?
2335 4224 2487 4283 Unde
2515 4230 2718 4287 homini
2746 4232 2888 4290 bona
2911 4237 3038 4305 vita,
3062 4238 3165 4293 nisi
3189 4256 3219 4292 a
3242 4239 3390 4297 fonte
3408 4242 3530 4296 vitm
3546 4243 3573 4296 ἰν
3602 4243 3764 4302 Unde

2160 4316 2362 4375 homini
2391 4321 2707 4381 illuminatio
2725 4369 2741 4394 ,
2780 4329 2883 4383 nisi
2908 4329 2976 4385 ab
3000 4340 3203 4388 ίιςιετιιο
3227 4333 3465 4391 lumine?
3495 4335 3764 4404 Quoniam

2156 4414 2295 4483 apud
2315 4423 2361 4466 te
2390 4423 2481 4482 est,
2510 4416 2699 4488 inquit,
2734 4422 2849 4491 fons
2874 4423 3008 4479 vitta.
3029 4426 3182 4496 Apud
3201 4435 3249 4482 te
3270 4438 3344 4482 est
3362 4470 3377 4494 ,
3408 4430 3581 4501 inquit
3617 4451 3631 4487 :
3662 4449 3762 4504 po.

2158 4513 2324 4562 teram
2347 4509 2558 4578 dicere,
2583 4514 2623 4566 A
2655 4529 2740 4568 me
2765 4530 2779 4581 ;
2816 4515 2911 4571 sed
2941 4518 2986 4571 si
3016 4517 3241 4588 dixero,
3272 4522 3318 4576 A
3344 4537 3465 4588 me,
3499 4525 3699 4581 recedo
3724 4544 3757 4584 a

2159 4606 2229 4654 te.
2256 4602 2410 4673 Apud
2429 4614 2477 4659 te
2499 4620 2627 4676 ergo
2646 4607 2763 4676 fons
2790 4609 2922 4663 vitae.
2955 4608 3022 4664 In
3061 4611 3250 4667 lumine
3277 4623 3399 4679 tuo;
3429 4631 3535 4671 non
3567 4619 3620 4671 in
3651 4635 3761 4675 no-

2156 4701 2268 4748 stro
2295 4711 2307 4747 :
2332 4693 2399 4749 In
2429 4696 2619 4751 lumine
2646 4708 2735 4753 tuo
2756 4700 3030 4755 videbimus
3052 4702 3218 4757 lumen
3242 4703 3413 4776 (Psal.
3431 4723 3600 4777 xxxv,
3637 4712 3756 4782 10).

2155 4781 2318 4852 Ergo,
2350 4787 2584 4843 Accedite
2602 4789 2672 4843 ad
2695 4807 2839 4859 eum,
2871 4802 2917 4846 et
2952 4794 3315 4850 illuminamini
3339 4796 3513 4868 (Psal.
3544 4817 3711 4857 xxxut
3730 4844 3751 4869 ,

2155 4876 2231 4950 6).
2263 4878 2413 4935 Fons.
2431 4894 2512 4937 est
2542 4882 2695 4949 vitaz;
2724 4884 2946 4952 accede,
2973 4885 3115 4950 bibe,
3143 4897 3196 4943 et
3223 4890 3342 4945 vive
3368 4908 3383 4944 :
3417 4891 3603 4949 lumen
3631 4907 3745 4964 est;

2153 4970 2372 5037 accede,
2396 4987 2548 5042 cape,
2578 4983 2631 5029 et
2652 4975 2793 5031 vide.
2817 4976 2874 5032 Si
2900 4993 3006 5033 non
3036 4978 3223 5034 inﬂuat
3250 4980 3341 5036 ille
3362 5024 3377 5044 ,
3410 4983 3589 5040 siccus
3618 4987 3745 5043 eris.

2222 5063 2276 5116 2.
2322 5063 2574 5137 Martyres
2617 5068 2876 5124 blanditiis
2915 5073 3200 5126 carnalium
3240 5084 3507 5144 parentum
3548 5080 3755 5136 tentati.

2153 5152 2380 5209 Μαι-ἱαηὶ
2405 5169 2567 5213 mater
2592 5159 2762 5214 Maria
2790 5163 2843 5216 in
2870 5162 2969 5232 ﬁlii
2994 5164 3075 5217 sui
3092 5165 3324 5235 passione
3342 5169 3586 5222 exstruat.
3613 5170 3757 5227 Hinc

2150 5263 2278 5320 ergo
2304 5264 2567 5325 martyres
2596 5255 2782 5324 nostri,
2808 5256 2930 5312 hinc
2955 5257 3240 5315 biberunt:
3264 5259 3390 5315 hinc
3414 5249 3608 5319 ebriati
3633 5282 3749 5322 non

2149 5353 2478 5413 agnoverunt
2495 5360 2641 5402 suos.
2665 5346 2834 5416 Quam
2855 5348 3053 5405 multos
3073 5352 3214 5407 enim
3235 5363 3502 5433 martyres
3524 5368 3750 5414 sanctos

2212 5475 2232 5499 ’
2254 5477 2337 5528 Hic
2356 5491 2521 5530 sermo
2542 5481 2721 5531 nostris
2740 5482 2791 5532 in
2806 5488 2915 5534 Mss.
2935 5497 3033 5535 non
3053 5485 3296 5537 iuventus.

2211 5538 2457 5625 (calthas,
2495 5543 2518 5592 1
2555 5546 2684 5623 inter
2716 5544 2873 5596 editos
2906 5559 2980 5623 ex
3257 5550 3523 5602 Carthasim
3569 5566 3751 5605 manu-

2143 5605 2541 5775 “Eligam
2563 5665 2716 5742 lector
2740 5675 2792 5719 et
2813 5671 3016 5745 gaeobus
3034 5672 3266 5746 diaconus
3297 5674 3349 5723 in
3384 5676 3752 5785 martyroluﬁiis

2145 5726 2255 5775 cele
2377 5735 2455 5777 tur
2476 5729 2557 5778 die
2579 5729 2745 5785 aprdis
2765 5738 3041 5785 n'ttzestma:
3065 5737 3115 5785 in
3135 5742 3336 5785 anuauo
3375 5744 3542 5785 autem
3578 5744 3664 5785 Ecc
3684 5753 3751 5785 e-

2145 5726 2463 5799 celebrantur
2476 5729 2557 5778 die
2579 5729 2745 5799 aprilis
2765 5732 3041 5799 vigesima;
3065 5737 3115 5785 in
3135 5736 3336 5799 antiquo
3375 5726 3542 5787 autem
3578 5726 3751 5787 Εαῖἱιεῖι

2142 5789 2228 5863 size
2249 5789 2635 5863 Carthaginenms
2644 5789 2945 5863 calendario,
2973 5789 3055 5847 die
3076 5804 3218 5863 sexta
3392 5800 3749 5863 ttartyriumrin

2141 5850 2380 5924 Valeriani
2404 5850 2455 5924 et
2475 5852 2656 5924 Galieni
2680 5850 3024 5917 persecutione
3054 5858 3180 5924 apud
3201 5859 3481 5913 umbesam
3505 5850 3748 5915 inuidia

2141 5914 2389 5983 civitatem
2407 5914 2554 5987 smul
