4102 6326
341 313 362 364 1
373 309 477 363 289

341 435 588 493 putamus
627 419 1013 492 propinquante
1055 417 1334 488 passione,
1379 412 1649 469 blanditiis
1693 427 1910 466 suorum

339 515 503 570 fuisse
534 523 784 579 tentatos,
815 510 1120 567 conantium
1147 523 1238 562 cos
1268 507 1334 562 ad
1365 505 1523 575 hujus
1549 504 1669 558 vitm
1705 511 1911 572 tempo-

338 608 506 662 ralem
535 615 590 661 et
627 619 818 659 vanam
854 612 909 657 et
949 601 1217 672 fugitivam
1251 597 1582 652 dulcedinem
1623 593 1914 649 revocare?

340 696 446 752 Sed
485 696 559 750 illi
598 695 688 766 qui
725 694 793 748 de
835 693 1012 757 fonte,
1049 689 1138 761 qui
1168 697 1250 744 est
1280 686 1417 757 apud
1446 687 1608 740 Deum
1630 718 1646 743 .
1674 685 1915 739 sitientes

340 788 615 852 biberant,
644 793 699 840 et
729 783 970 838 inebriati
997 788 1179 844 erant,
1203 777 1470 833 Christum
1500 773 1804 830 confitendo
1823 789 1915 828 ru-

341 880 619 944 ctnabant;
658 890 783 932 suos
809 874 1050 929 carnales
1078 881 1133 928 ct
1159 872 1283 926 vino
1309 869 1505 926 erroris
1534 867 1710 922 ebrios
1729 907 1744 932 ,
1781 865 1918 924 male

340 978 600 1034 amantes,
624 977 677 1023 et
705 965 978 1022 suadendo
1003 979 1030 1017 a
1065 965 1174 1017 vita
1201 969 1511 1017 revocantes
1544 973 1646 1012 non
1678 955 1920 1011 attende-

341 1062 489 1126 bant,
514 1075 621 1114 non
645 1056 1022 1130 agnoscebant.
1050 1053 1166 1108 Non
1194 1067 1259 1108 ex
1291 1051 1394 1105 illis
1422 1056 1536 1104 erat
1562 1045 1777 1101 Mariani
1807 1059 1920 1100 ma-

342 1158 454 1215 tcr,
483 1163 590 1204 non
619 1163 687 1203 ex
715 1146 819 1201 illis
857 1145 998 1200 male
1032 1140 1402 1202 suadentibus,
1443 1136 1732 1192 carnaliter
1765 1133 1919 1188 blan-

343 1241 640 1305 dientibus,
681 1237 910 1294 amando
949 1233 1336 1304 decipientibus
1368 1247 1380 1284 :
1410 1245 1516 1285 non
1559 1235 1675 1284 erat
1714 1243 1777 1282 ex
1819 1226 1922 1281 illis

343 1334 514 1388 sancti
540 1330 760 1386 Mariani
785 1340 974 1384 mater.
996 1327 1198 1382 Nomen
1222 1339 1325 1379 non
1348 1323 1505 1378 inane
1525 1321 1790 1394 portabat,
1815 1335 1920 1375 non

344 1424 538 1479 frustra
566 1421 727 1476 Maria
752 1419 1040 1474 vocabatur
1073 1413 1146 1490 (a)
1178 1434 1192 1471 :
1225 1414 1418 1470 mulier
1443 1414 1656 1485 quidem
1683 1413 1790 1477 illa,
1814 1427 1920 1465 non

341 1517 513 1586 virgo,
556 1528 662 1568 non
691 1512 886 1566 intacta
916 1509 984 1564 de
1010 1506 1208 1576 Spiritu
1245 1514 1462 1571 sancto,
1495 1503 1589 1559 sed
1618 1513 1791 1557 tamen
1823 1517 1921 1569 pu-

342 1605 458 1660 dica
485 1603 552 1660 de
581 1603 772 1658 marito
791 1639 806 1668 ,
840 1600 944 1654 tale
967 1601 1159 1670 pignus
1202 1603 1514 1668 pepererat,
1543 1593 1685 1664 quod
1715 1592 1780 1646 ad
1809 1592 1924 1662 glo-

341 1696 688 1752 riosissimam
739 1691 1038 1762 passionem
1083 1678 1194 1745 suis
1241 1689 1418 1758 petitis
1466 1684 1924 1742 exhortationibus

341 1788 658 1854 deducebat,
682 1802 841 1856 quam
864 1784 986 1839 inde
1008 1783 1121 1838 suis
1144 1782 1299 1836 malis
1321 1779 1592 1834 blanditiis
1621 1777 1921 1833 revocabat.

344 1882 389 1935 0
417 1887 598 1934 sancta
625 1887 680 1934 et
712 1887 767 1932 tu
791 1877 952 1931 Maria
976 1918 990 1942 ,
1024 1876 1194 1945 impar
1218 1872 1429 1943 quidem
1456 1871 1676 1935 merito,
1707 1869 1798 1924 sed
1830 1885 1925 1938 par

343 1972 501 2026 voto!
535 1970 659 2025 felix
698 1977 753 2024 et
795 1969 880 2023 tu!
915 1969 1125 2038 Peperit
1150 1967 1239 2021 illa
1267 1974 1559 2037 martyrum
1589 1963 1920 2032 Principem,

345 2061 595 2131 peperisti
626 2070 678 2115 tu
706 2059 970 2128 Principis
999 2067 1284 2128 martyrem
1316 2074 1330 2111 :
1363 2055 1569 2126 peperit
1597 2054 1682 2108 illa
1712 2055 1922 2109 testium

342 2155 616 2220 Judicem,
644 2153 893 2222 peperisti
934 2160 990 2206 tu
1028 2151 1231 2206 Judicis
1270 2159 1475 2205 testem.
1521 2147 1668 2203 Felix
1707 2156 1922 2218 partus,

344 2246 548 2300 felicior
585 2244 826 2299 atTectus.
856 2241 1078 2310 Quando
1113 2241 1366 2311 peperisti
1405 2239 1684 2309 gemuisti,
1713 2238 1926 2308 quando

344 2336 566 2390 amisisti
609 2335 902 2389 exsultasti.
940 2332 1077 2400 Quid
1112 2341 1196 2387 cst
1232 2331 1365 2397 hoc,
1409 2329 1631 2398 Quando
1671 2330 1926 2400 peperisti

345 2426 610 2497 gemuisti,
635 2424 911 2480 exsultasti
934 2422 1146 2492 quando
1167 2421 1423 2476 amisisti?
1443 2419 1558 2475 Non
1581 2420 1798 2488 frustra,
1825 2420 1924 2475 nisi

345 2517 467 2586 quia
508 2531 612 2571 non
646 2515 890 2570 amisisti.
929 2515 1028 2570 Ubi
1073 2511 1227 2569 dolor
1255 2529 1364 2568 non
1413 2522 1564 2580 erat,
1618 2512 1750 2567 fides
1790 2523 1924 2567 erat.

345 2607 623 2661 (larualem
651 2605 890 2660 dolorem
925 2600 991 2660 de
1018 2604 1178 2660 corde
1204 2603 1336 2659 fides
1374 2603 1661 2674 Spiritualis
1687 2605 1930 2659 excluse-

349 2705 450 2750 rat.
479 2688 711 2752 Videbas
741 2705 793 2751 te
823 2696 985 2750 lilium
1013 2710 1116 2750 non
1146 2695 1410 2763 amittere,
1440 2695 1532 2750 sed
1564 2694 1923 2764 praemittere:

349 2796 514 2842 totum
540 2787 680 2856 quod
706 2785 974 2855 gaudebas
993 2829 1006 2853 ,
1037 2787 1190 2856 sequi
1219 2786 1454 2841 volebas.

417 2880 472 2934 ’5.
514 2878 785 2934 Fortitudo
808 2889 1085 2950 martyrum
1111 2895 1213 2933 non
1240 2879 1304 2933 ab
1324 2879 1447 2950 ipsis
1466 2919 1480 2944 ,
1510 2878 1598 2934 sed
1626 2895 1658 2932 a
1682 2877 1810 2932 Deo.
1836 2877 1930 2932 Μὶδ

349 2987 531 3028 rantur
583 2973 712 3037 ista,
771 2971 1048 3027 laudamus
1093 2973 1222 3038 ista,
1271 2986 1513 3026 amamus
1554 2973 1672 3026 ista.
1705 2971 1748 3026 Ο
1790 2971 1930 3025 beati

349 3076 632 3137 martyres,
661 3065 800 3121 unde
821 3065 970 3120 vobis
995 3065 1094 3119 ista
1115 3064 1137 3117 ?
1162 3065 1285 3120 Scio
1305 3064 1456 3120 vobis
1471 3063 1630 3120 corda
1660 3063 1888 3117 humana
1912 3082 1925 3116 :

351 3155 491 3210 unde
520 3156 669 3210 vobis
698 3157 794 3209 ista
837 3155 1048 3209 divina?
1077 3154 1186 3224 Ego
1234 3154 1390 3219 dico,
1438 3155 1480 3208 A
1525 3154 1637 3208 Deo
1661 3171 1674 3206 :
1697 3153 1817 3222 quis
1849 3161 1931 3207 est

349 3245 439 3313 qui
468 3245 642 3310 dicat,
673 3245 716 3298 A
751 3244 934 3298 vobis?
975 3243 1105 3309 Quis
1130 3253 1210 3296 est
1247 3243 1336 3312 qui
1367 3257 1462 3297 vos
1499 3242 1638 3297 male
1667 3240 1930 3296 laudando

352 3336 584 3391 invideat
607 3335 794 3390 vobis?
831 3334 1022 3389 Nescio
1051 3333 1170 3404 quis
1211 3333 1341 3388 dicit
1375 3348 1405 3386 a
1436 3333 1586 3387 vobis
1617 3332 1731 3386 haec
1770 3331 1930 3387 esse?

350 3425 684 3495 RCSpondete
727 3425 832 3490 illi,
877 3423 943 3477 In
988 3423 1208 3477 Doutino
1255 3423 1544 3476 laudabitur
1590 3423 1760 3475 anima
1796 3438 1928 3475 mea.

347 3506 538 3571 Nescio
567 3517 685 3585 quis
722 3514 851 3568 dicit
873 3529 902 3566 a
934 3513 1084 3567 vobis
1110 3512 1225 3567 tunc
1269 3511 1428 3566 esse?
1455 3511 1790 3581 Respondete
1818 3511 1886 3564 illi
1912 3551 1928 3575 ,

349 3609 393 3660 si
421 3609 576 3661 mites
603 3605 760 3670 estis,
790 3603 1107 3674 respondete
1125 3644 1140 3668 ,
1168 3602 1233 3658 In
1265 3603 1481 3657 Domino
1507 3602 1796 3657 laudabitur
1821 3603 1934 3655 ani-

351 3712 434 3751 ma
470 3714 600 3752 mea.
639 3696 974 3765 Itespondctc
1015 3704 1069 3750 et
1100 3696 1200 3750 hoc
1230 3694 1282 3748 in
1320 3695 1514 3764 populo
1541 3694 1664 3761 Dei,
1710 3693 1933 3748 Audiam

349 3791 523 3851 mites,
553 3798 598 3842 et
631 3788 982 3858 jucundentur
1011 3785 1185 3857 (Psal.
1236 3802 1433 3851 χιιιιιι,
1471 3786 1546 3855 5).
1577 3784 1770 3840 Nescio
1812 3790 1932 3855 quis

347 3881 478 3936 dicit
495 3896 523 3933 a
549 3880 694 3935 vobis
722 3879 834 3933 lucc
859 3879 1016 3934 esse?
1043 3879 1380 3948 Respondete
1401 3878 1498 3940 illi,
1519 3877 1639 3932 Non
1671 3888 1829 3948 potest
1842 3879 1933 3932 ho-

350 3987 431 4024 mo
460 3971 685 4040 accipere
729 3969 1036 4040 quidquam,
1088 3968 1187 4021 nisi
1239 3968 1413 4021 datum
1453 3969 1500 4021 ei
1529 3969 1682 4037 fuerit
1720 3968 1943 4038 desuper

350 4061 529 4130 (Joan.
563 4077 649 4128 ιιι,
681 4059 795 4132 27).
821 4059 984 4114 Nobis
1007 4059 1146 4114 enim
1179 4069 1232 4114 ct
1269 4059 1418 4113 vobis
1443 4060 1518 4112 ait
1562 4059 1815 4114 Dominus
1838 4060 1930 4116 Je-

351 4170 462 4218 sus,
493 4154 617 4208 Sine
643 4169 720 4206 me
748 4153 876 4206 nihil
902 4152 1104 4223 potestis
1129 4155 1293 4222 facere
1322 4150 1432 4224 (Id.
1455 4168 1542 4217 xv,
1572 4151 1650 4222 5).
1685 4152 1809 4206 Sine
1829 4169 1926 4220 me,

351 4247 520 4314 inquit
538 4287 554 4312 ,
586 4244 716 4299 nihil
736 4245 938 4314 potestis
961 4246 1124 4315 facere
1151 4260 1168 4297 :
1203 4252 1256 4297 et
1280 4243 1427 4297 vobis
1455 4242 1557 4298 hoc
1580 4243 1776 4297 dictum
1805 4252 1886 4297 est
1912 4261 1926 4309 ;

350 4337 622 4408 agnoscite
662 4334 822 4390 verba
863 4336 1118 4404 pastoris,
1169 4344 1352 4388 cavete
1391 4333 1748 4388 adulationem
1775 4333 1930 4389 decc-

353 4431 519 4499 ptoris
552 4445 564 4482 :
595 4428 842 4498 superbia
871 4428 969 4480 ista
991 4469 1004 4490 ,
1057 4426 1217 4496 impia
1238 4465 1253 4492 ,
1285 4425 1460 4495 iniqua
1481 4465 1497 4490 ,
1545 4426 1776 4494 ingrata,
1818 4426 1929 4479 scio

351 4519 470 4588 quia
497 4518 744 4587 displicet
769 4517 938 4571 vobis.
988 4517 1243 4587 Martyres
1268 4516 1465 4580 sancti,
1497 4516 1638 4584 passi
1665 4515 1795 4571 estis
1831 4531 1928 4586 pro

351 4611 600 4674 Christo;
657 4609 751 4665 sed
795 4609 948 4663 vobis
989 4608 1188 4678 profuit
1227 4607 1366 4678 quod
1415 4608 1555 4676 passi
1607 4609 1772 4672 estis,
1821 4625 1925 4662 non

351 4703 586 4758 Christo.
618 4700 754 4768 Quid
784 4699 932 4754 vobis
958 4700 1202 4765 deesset,
1235 4701 1334 4754 nisi
1365 4701 1514 4755 vobis
1553 4700 1806 4754 donatum
1843 4717 1931 4756 es-

351 4793 470 4848 set?
512 4792 637 4846 l'ltcc
665 4791 906 4860 repellite
936 4789 1002 4843 ab
1025 4789 1241 4843 auribus
1269 4790 1458 4844 vestris
1489 4790 1687 4844 inimici
1725 4806 1926 4845 venena

353 4883 634 4954 serpentis.
665 4882 868 4950 Lingua
898 4881 986 4934 illa
1016 4889 1131 4943 est,
1161 4895 1279 4949 qua:
1307 4880 1471 4944 dixit,
1517 4879 1671 4933 Erilis
1703 4881 1830 4933 sicut
1858 4881 1929 4934 dii

351 4973 503 5045 (Gen.
523 4990 602 5040 ιιι,
635 4971 712 5046 5).
737 4970 1375 5040 Ρτωοίρίιίινίιιιοιηίηθιιι
1404 4969 1678 5023 arbitrium
1705 4969 1927 5023 liberum

351 5069 638 5138 ingratum,
683 5064 960 5120 arbitrium
999 5063 1279 5118 liberatum
1317 5063 1458 5118 dicat
1497 5078 1637 5119 nunc
1674 5063 1925 5131 Domino,-

348 5158 604 5211 Puticntia
625 5154 810 5220 Israel,
835 5153 1045 5208 Domine
1063 5151 1270 5222 (Jerem.
1287 5169 1413 5219 xvn,
1435 5151 1545 5223 1'5).
1569 5153 1726 5221 Quid,
1745 5152 1931 5210 inlide-

346 5250 442 5314 lis,
464 5247 743 5318 superbis?
767 5245 949 5300 laudas
973 5254 1260 5317 martyrum
1289 5245 1614 5315 patientiam,
1635 5245 1782 5315 quasi
1807 5261 1834 5299 a
1871 5261 1929 5302 se

348 5337 480 5408 ipsis
505 5345 723 5406 possent
765 5349 888 5390 esse
913 5333 1211 5404 patientes?
1234 5334 1547 5404 Apostolum
1588 5335 1765 5405 potius
1807 5326 1928 5391 audi

409 5449 483 5512 (a)
507 5448 832 5512 fonsentiunt
857 5446 1140 5512 earumdem
1161 5452 1420 5512 martyrum
1460 5446 1726 5512 Acta__apnd
1744 5446 1929 5512 sarium

351 5506 788 5567 et'B'ollandianos,
833 5521 1025 5557 necnon
1079 5509 1127 5555 in
1183 5506 1364 5555 Bartinh
1423 5506 1680 5556 Annalibus
1731 5508 1788 5555 ad
1842 5521 1927 5556 an-

348 5585 465 5621 num
487 5569 594 5619 262.
633 5569 725 5618 Sed
758 5571 981 5617 Baronius
1005 5581 1066 5619 eo
1095 5569 1219 5627 loco,
1251 5586 1272 5613 α
1289 5578 1323 5616 0
1349 5575 1397 5618 te
1424 5569 1614 5618 felicem
1639 5570 1812 5617 merito
1838 5577 1928 5618 Ma-

344 5633 493 5683 riam!
519 5646 550 5680 o
569 5638 620 5679 te
642 5632 832 5691 beatam
855 5635 907 5678 et
928 5629 1024 5678 tilio
1041 5637 1123 5679 tuo
1143 5636 1344 5679 matrem
1369 5637 1414 5679 et
1444 5631 1632 5679 nomine
1651 5632 1662 5679 l
1682 5639 1930 5691 »pro«.\ta-

344 5697 480 5750 riam,
500 5709 522 5736 ν
553 5691 678 5740 male
713 5684 852 5753 legit,
896 5709 917 5737 et
938 5693 1154 5751 Mariani;
1188 5709 1208 5735 ιο
1236 5706 1290 5741 ac
1327 5693 1542 5754 martyris
1581 5684 1726 5741 matri
1753 5707 1925 5741 nomen

352 5774 373 5803 ι
398 5763 553 5804 Beata!
573 5770 594 5797 ι
625 5755 838 5814 imponit.

582 5837 805 5895 Sutor.
857 5840 1126 5895 Amus'r.
1178 5830 1250 5899 γ.

1675 298 1905 354 SERMO
1944 298 2313 356 CCLXXXIV.

3472 305 3608 360 H30

2026 411 2272 466 Gentium
2300 412 2596 480 doctorem,
2626 428 2732 469 non
2761 412 3045 469 infidelium
3065 411 3423 484 (leceplorem.
3452 416 3609 470 Certe

2023 501 2076 557 in
2108 504 2426 574 martyribus
2456 506 2761 576 patientiam
2793 522 2886 575 pro
2911 505 3125 560 Christo
3154 505 3370 572 laudas,
3401 515 3457 562 et
3490 522 3608 562 eam

2026 593 2154 662 ipsis
2183 595 2456 664 assignas?
2479 595 2613 650 Audi
2646 596 2819 665 potius
2846 596 3156 665 Apostolum
3184 604 3446 668 martyres
3473 597 3609 651 allo-

2025 692 2273 754 quentcm
2295 726 2309 751 ,
2342 694 2395 739 et
2420 686 2580 740 corda
2608 687 2837 740 humana
2856 685 3150 740 sedantem.
3177 685 3337 753 Audi,
3371 685 3610 756 inquam,

2025 777 2311 842 dicentem,
2338 776 2468 842 Quia
2482 778 2612 832 vobis
2628 779 2962 833 donatum'est
2989 795 3079 849 pro
3095 778 3313 833 Christo.
3336 778 3473 834 Audi
3498 779 3612 850 pie-

2029 879 2192 926 tatem
2215 871 2608 939 exhortantem,
2635 887 2742 926 non
2771 872 3127 927 adulationem
3158 871 3426 928 fallentem
3454 889 3467 926 :
3508 873 3618 928 νος

2027 966 2122 1032 bis,
2141 965 2579 1035 inquit,donatum
2596 976 2686 1020 est.
2711 965 2971 1020 Donatum
2987 975 3089 1032 est,
3108 964 3262 1020 audi:
3291 963 3612 1022 Vobisdona-

2029 1065 2135 1108 tum
2163 1065 2235 1109 est
2263 1071 2354 1126 pro
2375 1053 2599 1122 Christo,
2626 1071 2726 1109 non
2753 1056 2916 1109 solum
2944 1065 2996 1108 ut
3024 1055 3239 1110 credatis
3261 1054 3316 1109 in
3349 1071 3494 1121 eum,
3524 1072 3610 1111 ve-

2025 1161 2138 1198 rum
2161 1146 2311 1199 etiam
2339 1153 2394 1198 ut
2433 1145 2697 1215 patiamini
2723 1162 2815 1216 pro
2845 1162 2902 1200 eo
2931 1145 3189 1219 (Philipp.
3223 1160 3274 1214 1⁹
3299 1144 3416 1217 99).
3457 1144 3609 1201 Vobis

2027 1235 2268 1290 donatum
2289 1246 2359 1290 est
2392 1253 2410 1290 :
2436 1236 2560 1306 quid
2602 1235 2669 1290 ad
2698 1235 2834 1290 hanc
2875 1239 3193 1292 sententiam
3243 1235 3366 1293 addi
3393 1237 3609 1308 potest?

2036 1328 2189 1383 Vobis
2231 1329 2472 1384 donatum
2521 1339 2641 1384 est:
2688 1343 2915 1397 agnosce
2958 1328 3246 1397 donatum,
3304 1344 3372 1385 ne
3417 1329 3608 1399 perdas

2027 1428 2357 1490 usurpatum.
2401 1419 2581 1485 Vobis,
2626 1420 2824 1489 inquit,
2857 1419 3100 1472 donatum
3133 1427 3205 1474 est
3246 1435 3340 1488 pro
3365 1419 3560 1474 Christo
3587 1437 3606 1474 ε

2027 1513 2154 1584 quid
2183 1527 2278 1582 pro
2305 1513 2548 1578 Christo,
2599 1512 2697 1567 nisi
2729 1512 2873 1582 pati?
2900 1510 3004 1567 Sed
3037 1525 3140 1565 non
3171 1511 3488 1580 suspiceris,
3513 1526 3607 1566 au-

2029 1605 2082 1659 di
2116 1605 2391 1674 sequentia
2420 1621 2434 1658 :
2465 1620 2565 1658 non
2609 1604 2772 1658 solum
2801 1613 2857 1656 ut
2884 1602 3100 1658 credatis
3132 1601 3185 1655 in
3214 1617 3360 1667 eum;
3403 1602 3524 1672 quia
3553 1610 3609 1658 et

2033 1695 2136 1750 hoc
2162 1696 2418 1750 donatum
2445 1704 2528 1750 est
2553 1714 2565 1749 :
2589 1695 2681 1750 sed
2718 1709 2822 1749 non
2854 1694 2954 1749 hoc
2995 1693 3165 1748 solum
3195 1691 3447 1746 donatum
3479 1701 3562 1748 est
3589 1709 3605 1757 ;

2029 1801 2200 1839 verum
2222 1787 2372 1839 etiam
2400 1795 2454 1838 ut
2484 1785 2751 1854 patiamini
2780 1797 2864 1856 pr:
2892 1800 2949 1838 eo
2969 1826 2983 1850 ,
3016 1793 3070 1838 ct
3094 1782 3193 1838 hoc
3225 1782 3476 1838 donatum
3503 1797 3606 1838 cst.

2030 1878 2319 1933 Convertat
2363 1877 2580 1932 dorsum
2609 1886 2810 1948 martyr
2835 1877 2900 1930 ad
2949 1875 3214 1931 inlidelem
3245 1884 3298 1931 et
3344 1875 3608 1945 ingratum

2030 1969 2357 2024 adulatorem
2388 1985 2400 2021 :
2427 1977 2704 2024 convertat
2725 1967 2914 2022 faciem
2937 1967 3001 2021 ad
3032 1966 3468 2036 benignissimum
3502 1966 3610 2020 lar-

2029 2061 2274 2130 gitorem,
2304 2069 2357 2116 et
2384 2061 2549 2130 ipsam
2579 2059 2879 2130 passionem
2908 2074 3060 2112 suam
3093 2059 3317 2127 imputet
3345 2058 3475 2124 Deo,
3504 2072 3609 2111 non

2033 2162 2280 2223 tanquam
2307 2153 2374 2210 de
2393 2168 2490 2208 suo
2513 2154 2614 2207 hoc
2651 2151 2902 2207 obtulerit
2932 2150 3072 2216 Deo;
3107 2150 3196 2204 sed
3238 2150 3410 2219 potius
3433 2149 3608 2214 dicat,

2031 2242 2098 2296 In
2125 2243 2344 2298 Domino
2393 2243 2680 2296 laudabitur
2727 2243 2898 2294 anima
2926 2255 3036 2294 mea
3061 2283 3076 2307 ,
3118 2240 3330 2293 audiant
3373 2239 3516 2293 mites
3565 2250 3612 2292 et

2025 2335 2385 2404 jucundentur.
2417 2335 2485 2390 Et
2549 2351 2668 2390 cum
2708 2335 2756 2389 ci
2791 2334 2989 2388 dixeris
3009 2375 3024 2400 ,
3058 2332 3191 2399 Quid
3223 2338 3305 2387 est
3337 2330 3476 2401 quod
3496 2372 3511 2397 ,
3543 2329 3612 2384 In

2031 2423 2252 2478 Domino
2279 2424 2566 2478 laudabitur
2589 2425 2758 2477 anima
2782 2425 2932 2478 mea?
2969 2423 3024 2476 In
3067 2432 3118 2481 lc
3161 2437 3288 2492 ergo
3325 2420 3612 2476 laudatur?

2032 2515 2128 2571 llle
2152 2526 2335 2571 contra
2355 2557 2371 2582 ,
2416 2515 2602 2570 Nonne
2633 2516 2742 2572 Deo
2769 2516 2970 2570 subdita
3013 2517 3107 2570 eri.
3155 2516 3326 2569 anima
3350 2515 3501 2569 mea?
3536 2513 3612 2567 Ab

2031 2607 2142 2677 ipso
2183 2608 2314 2660 enim
2348 2607 2592 2678 patientia
2622 2623 2730 2661 mea
2761 2607 2932 2678 (Psal.
2984 2623 3100 2671 ωιι,
3153 2607 3229 2676 6).
3276 2596 3612 2674 Ωυίιτθόῑεο

2032 2699 2183 2752 mea?
2210 2699 2391 2753 Sinum
2419 2699 2640 2768 aperui,
2666 2707 2719 2754 et
2761 2699 2990 2754 libenter
3017 2699 3230 2768 accepi;
3259 2700 3321 2753 ab
3344 2699 3455 2769 ipso
3479 2714 3609 2752 mea.

2035 2789 2104 2844 Et
2123 2789 2185 2842 ab
2212 2790 2321 2861 ipso
2342 2822 2358 2855 -,
2384 2799 2438 2844 et
2467 2806 2575 2845 mea
2591 2808 2612 2856 ς
2648 2799 2704 2846 et
2740 2791 2862 2861 quia
2889 2790 2950 2844 ab
2977 2791 3086 2862 ipso
3107 2832 3121 2855 ,
3152 2790 3271 2844 idco
3292 2792 3452 2844 tutius
3478 2805 3611 2843 mea.

2032 2879 2145 2935 Mea
2173 2888 2287 2947 est,
2311 2879 2405 2935 sed
2432 2895 2462 2934 a
2489 2895 2574 2935 me
2616 2880 2744 2934 mihi
2787 2895 2894 2935 non
2922 2889 3021 2936 est.
3053 2879 3124 2936 Ut
3144 2880 3368 2935 habeam
3413 2881 3611 2935 donum

2033 2989 2209 3028 meum
2227 3015 2242 3040 ,
2273 2987 2506 3043 agnosco
2523 2972 2764 3028 datorem
2788 2972 2976 3027 Deum.
3004 2971 3135 3026 Nam
3175 2972 3220 3026 si
3248 2987 3352 3026 non
3381 2987 3613 3042 agnosco

2033 3065 2270 3120 datorem
2318 3065 2481 3120 Deum
2502 3106 2518 3132 ,
2570 3065 2706 3119 tollit
2735 3065 2875 3120 Deus
2901 3064 3098 3118 bonum
3124 3078 3277 3118 suum
3297 3105 3313 3132 ,
3357 3073 3412 3118 et
3440 3079 3614 3118 rema-

2034 3165 2124 3210 net
2147 3155 2345 3210 malum
2368 3170 2543 3210 meum
2566 3197 2581 3222 ,
2615 3170 2710 3226 per
2733 3155 3014 3211 arbitrium
3047 3169 3245 3210 meum.

2103 3247 2156 3302 4.
2191 3246 2274 3300 Ea:
2294 3245 2614 3300 multitudine
2638 3263 2724 3300 cor
2752 3247 2820 3300 ad
2852 3263 3008 3300 unum
3036 3247 3199 3318 gratia
3231 3244 3325 3300 Dei
3365 3247 3613 3302 converti-

2035 3345 2136 3390 tur.
2183 3334 2434 3406 Martyres
2474 3336 2622 3390 unius
2663 3335 3009 3390 delectationis
3041 3335 3138 3390 Dei
3161 3353 3332 3390 amore
3356 3337 3407 3389 in
3438 3337 3613 3390 mundi

2036 3426 2292 3480 blanditiis
2324 3436 2369 3479 et
2395 3426 2744 3480 acerbitatibus
2776 3427 3007 3480 rictorcs.
3049 3427 3137 3481 Ait
3168 3426 3338 3481 ﬁdelis
3381 3428 3614 3496 Scriptu-

2034 3533 2093 3572 ra
2125 3533 2138 3568 :
2166 3515 2312 3569 Fecit
2354 3513 2493 3568 Deus
2538 3515 2788 3568 hominem
2837 3524 3046 3580 rectum,
3075 3524 3122 3568 et
3153 3516 3249 3584 ipsi
3276 3517 3613 3585 exquisierunt

2035 3607 2357 3678 cogitationes
2389 3606 2576 3660 multas
2621 3603 2814 3675 (Eccle.
2848 3622 2949 3672 \‘ll,
2993 3606 3106 3676 '50).
3141 3604 3284 3659 Fecit
3311 3606 3480 3671 Deus,
3532 3607 3613 3661 in-

2035 3699 2175 3767 quit,
2223 3696 2476 3750 hominem
2515 3706 2734 3760 rectum,
2767 3705 2814 3750 et
2857 3696 2954 3765 ipsi
2985 3712 3002 3749 :
3031 3695 3168 3750 unde
3196 3696 3323 3767 ipsi,
3371 3697 3472 3750 nisi
3517 3711 3613 3767 per

2035 3790 2258 3844 liberum
2313 3788 2627 3844 arbitrium?
2668 3788 2737 3842 Et
2785 3789 2884 3860 ipsi
2927 3773 3612 3858 exquisieruntcogitationes

2035 3879 2239 3934 ntultas.
2285 3879 2508 3934 Rectum
2539 3879 2744 3933 dixerat
2767 3879 2998 3941 factum,
3029 3887 3084 3934 et
3123 3888 3297 3932 tamen
3351 3895 3456 3932 non
3498 3880 3608 3945 ait,

2037 3971 2101 4025 Et
2128 3971 2228 4040 ipsi
2254 3970 2615 4039 exquisierunt
2634 3970 2978 4040 cogitationes
3009 3985 3228 4038 pravas,
3256 3969 3377 4038 quia
3405 3969 3614 4024 dixerat

2035 4075 2264 4127 rectum;
2308 4072 2398 4116 aut
2425 4062 2768 4132 cogitationes
2809 4062 3044 4133 iniquas;
3086 4062 3180 4116 sed
3205 4062 3372 4129 dixit,
3404 4065 3608 4118 multas.

2036 4156 2117 4211 Ab
2144 4157 2242 4210 ista
2269 4156 2632 4222 multitudine,
2665 4172 2845 4225 corpus
2874 4157 3005 4223 quod
3033 4156 3397 4226 corrumpitur,
3428 4173 3614 4228 aggra-

2033 4260 2116 4302 vat
2161 4251 2415 4316 animam,
2463 4259 2510 4302 et
2556 4249 2788 4318 deprimit
2833 4258 3029 4302 terrena
3076 4247 3372 4302 inhabitatio
3413 4266 3610 4303 sensum

2034 4341 2193 4394 ntulta
2220 4343 2517 4410 cogitantem
2549 4339 2702 4411 (Sap.
2733 4355 2787 4392 Ix
2809 4379 2824 4403 ,
2861 4338 2973 4409 15).
3021 4338 3230 4393 Liberet
3258 4355 3353 4394 nos
3382 4341 3520 4394 Deus
3545 4340 3611 4392 ab

2035 4432 2133 4486 ista
2180 4430 2518 4485 multitudine
2557 4430 2933 4499 cogitationum
2980 4429 3362 4494 lmmanarum,
3393 4438 3446 4482 et
3473 4429 3610 4484 libe-

2033 4531 2116 4578 ret
2139 4537 2236 4576 nos
2264 4521 2330 4575 ab
2360 4536 2466 4575 uno
2489 4521 2528 4586 ί,
2555 4527 2616 4574 ιιι
2640 4521 2804 4574 simus
2836 4521 2887 4573 in
2916 4520 3006 4574 illo
3033 4536 3193 4574 unum
3217 4536 3283 4573 ex
3312 4519 3575 4572 multitudi
3597 4545 3612 4564 ι

2033 4630 2121 4670 ne.
2145 4613 2350 4670 Conflet
2386 4627 2483 4668 nos
2531 4613 2652 4682 igne
2677 4612 2980 4678 charitatis,
3012 4622 3070 4666 ut
3099 4628 3202 4665 uno
3228 4612 3388 4665 corde
3417 4626 3607 4680 sequa-

2033 4721 2153 4759 mur
2197 4720 2395 4769 unum,
2448 4718 2514 4758 ne
2560 4703 2614 4756 in
2654 4704 2818 4758 multa
2857 4703 3161 4758 decidamus
3191 4717 3256 4754 ex
3295 4715 3430 4764 uno,
3464 4711 3518 4754 et
3556 4704 3606 4754 in

2033 4795 2212 4850 multis
2254 4795 2621 4864 dispergamur
2667 4796 2851 4850 relicto
2881 4810 3005 4848 uno.
3055 4795 3128 4846 De
3175 4792 3273 4846 hoc
3322 4793 3461 4846 enim
3504 4810 3611 4846 uno

2033 4885 2318 4955 Apostolus
2349 4885 2692 4954 loquebatur,
2725 4901 2842 4940 cum
2873 4885 3101 4948 diceret,
3131 4882 3340 4937 Fratres
3361 4925 3374 4949 ,
3406 4899 3498 4953 ego
3534 4901 3613 4936 nte

2033 4978 2199 5048 ipsum
2236 4993 2336 5030 non
2381 4977 2600 5031 arbitror
2637 4977 3028 5048 apprehendisse
3065 4993 3084 5030 :
3110 4976 3270 5044 quid?
3304 4976 3470 5031 Unum
3515 4995 3613 5030 au-

2034 5077 2170 5123 tent:
2218 5069 2342 5138 quid
2385 5071 2582 5124 unum?
2608 5068 2689 5122 Ea
2739 5085 2850 5140 qua:
2877 5079 3008 5122 retro
3051 5078 3166 5121 sunt
3213 5069 3428 5135 oblitus,
3466 5070 3520 5123 in
3556 5086 3615 5123 ea

2033 5177 2146 5232 qua:
2191 5170 2307 5214 ante
2349 5170 2464 5215 sunt
2508 5169 2769 5224 extentus,
2807 5175 2987 5228 sequor
3043 5157 3300 5230 (Philipp.
3353 5174 3440 5222 ut,
3497 5160 3609 5227 15).

2036 5253 2210 5309 Unum
2250 5267 2478 5322 sequor;
2523 5266 2689 5305 unum
2720 5249 2916 5318 inquit,
2967 5264 3205 5319 sequor:
3235 5248 3330 5304 sed
3375 5264 3479 5304 non
3525 5264 3613 5304 me

2033 5343 2260 5397 arbitror
2284 5340 2736 5413 apprehendisse;
2767 5339 2890 5408 quia
2926 5339 3175 5408 deprimit
3215 5354 3410 5410 corpus
3429 5382 3445 5408 ,
3469 5340 3612 5410 quod

2033 5434 2422 5501 corrumpitur,
2467 5445 2679 5485 sensum
2729 5429 2892 5483 multa
2940 5431 3280 5499 cogitantem.
3324 5430 3462 5485 Ecce
3505 5446 3611 5499 quo

2034 5525 2179 5578 ibant
2199 5530 2460 5592 martyres
2480 5535 2494 5586 ;
2518 5518 2728 5588 quando
2759 5518 3058 5586 fervebant,
3087 5520 3309 5573 multum
3332 5519 3609 5590 strepitttm

2034 5630 2137 5669 non
2168 5611 2454 5678 curabant,
2501 5609 2622 5680 quia
2665 5625 2828 5665 unum
2865 5609 3131 5665 amabant.
3164 5610 3488 5666 Desiderium
3531 5609 3610 5665 via

2098 5759 2115 5782 ι
2137 5753 2292 5808 Forte,
2319 5745 2434 5797 levet
2456 5754 2540 5795 nos
2561 5743 2627 5794 ad
2652 5756 2812 5795 unum.

2787 5828 3368 5908 {Quara‘nte-unetj
