4102 6326
503 359 632 418 1Ί91

499 478 622 532 :lete
671 477 960 541 martyrum
1017 481 1032 520 :
1091 461 1291 528 Unam,
1335 454 1536 526 inquit,
1583 450 1700 522 petii
1747 465 1778 502 a
1839 444 2076 499 Domino.

507 566 674 622 Unam
695 535 859 633 petii:
887 556 1034 622 vale,
1065 551 1234 623 inquit
1253 592 1267 617 ,
1297 548 1432 602 facio
1465 540 1788 599 multitudini
1817 535 2076 593 sa‘culari.

506 658 674 714 Unam
695 627 816 726 petii
845 669 864 707 :
887 663 1043 706 unam
1071 646 1252 715 utique
1275 637 1654 698 beatitudinem
1674 676 1688 700 ,
1717 647 1874 687 unam
1919 627 2082 683 fclici-

507 760 667 805 tatem
688 788 703 815 ,
732 760 890 800 unam
928 756 1143 802 veram,
1174 750 1278 792 non
1324 732 1518 789 multas
1548 727 1726 782 falsas.
1759 723 1955 786 Unam,
1997 720 2080 773 in-

505 841 648 911 quit,
678 811 796 907 petii
840 850 874 888 a
923 831 1175 894 Domino,
1224 826 1354 880 hanc
1385 820 1654 890 requiram.
1686 816 1816 882 Quae
1857 821 1938 867 est
1983 811 2080 911 ista

505 900 646 986 una'l
677 900 742 985 lit
784 923 1059 981 inhabilem
1093 921 1146 974 in
1193 918 1342 972 domo
1381 912 1585 967 Domini
1624 922 1793 963 omnes
1825 904 1933 958 dies
1967 900 2083 954 vitae

506 1036 648 1077 metu.
692 1015 890 1088 thuid
917 1012 1056 1070 hoc?
1089 1010 1158 1068 Ut
1183 1005 1490 1076 contempler
1509 999 1857 1088 delectationes
1878 990 2082 1088 Dom-iui

507 1113 680 1187 (Psal.
710 1083 846 1166 xxvi
865 1147 882 1174 ,
907 1104 986 1178 4).
1015 1103 1271 1173 Martyres
1311 1097 1476 1153 sancti
1527 1091 1738 1164 quando
1768 1087 1907 1142 illam
1935 1083 2084 1187 dele-

506 1173 790 1263 ctationem
819 1173 1120 1270 cogitabant
1139 1235 1154 1262 ,
1183 1202 1308 1248 tunc
1331 1189 1434 1244 illis
1459 1185 1596 1241 mala
1617 1180 1793 1237 omnia
1817 1184 1872 1233 et
1893 1173 2084 1230 acerba

494 1309 668 1370 atque
706 1265 910 1365 aspera‘
942 1287 1281 1345 vilescehant.
1315 1283 1442 1339 Erat
1475 1274 1757 1334 delectatio
1778 1279 1961 1326 contra
1992 1265 2086 1322 de-

491 1358 850 1445 dedtationem
879 1401 892 1438 :
918 1388 1035 1436 erat
1072 1375 1354 1433 delectatio
1381 1378 1566 1428 contra
1594 1366 1853 1421 dolorem.
1895 1358 2084 1414 Delec-

503 1482 642 1536 talio
701 1479 789 1535 illa
844 1485 1030 1532 contra
1093 1481 1376 1540 utrumque
1439 1462 1732 1534 pugnabat,
1797 1463 1852 1512 et
1903 1461 2086 1508 contra

511 1572 826 1627 stevientem
853 1565 1130 1628 mundum,
1157 1570 1211 1616 et
1235 1567 1418 1615 contra
1443 1553 1820 1611 blandientem.
1849 1547 2092 1616 Respon-

512 1664 672 1720 debat
698 1661 896 1717 mundo
925 1676 938 1713 :
962 1656 1097 1727 Quid
1121 1649 1413 1708 blandiris?
1440 1647 1654 1703 Dulcius
1678 1652 1758 1699 est
1781 1640 1920 1712 quod
1944 1653 2085 1704 amo,

513 1773 672 1829 quam
703 1756 754 1812 id
782 1753 923 1826 quod
947 1749 1230 1822 polliceris.
1257 1743 1428 1799 Audio
1449 1740 1714 1795 dicentem
1735 1733 1868 1790 mihi
1901 1733 2086 1829 Deum.

513 1822 624 1906 imo
670 1822 995 1916 Scripturam
1040 1845 1280 1896 sanctam
1324 1852 1338 1889 :
1383 1832 1550 1900 Quam
1594 1842 1779 1898 magna
1824 1822 2092 1878 multitudo

516 1912 808 1997 dulcedinis
833 1946 933 1991 tua:
953 1976 969 2001 ,
1013 1931 1228 1986 Domine
1246 1970 1261 1994 ,
1305 1940 1455 1996 quam
1482 1919 1784 1976 abscondisti
1811 1912 2094 1968 timentibus

515 2045 564 2089 te
587 2031 756 2108 (Psal.
782 2043 886 2083 xxx
904 2066 920 2092 ,
944 2023 1234 2094 20)?Ecce
1254 2018 1448 2097 iterum
1475 2014 1612 2068 bona
1638 2006 1942 2072 multitudo,
1971 2002 2093 2074 quia

511 2141 626 2180 non
650 2119 967 2178 dissentiens
982 2156 998 2183 ,
1031 2112 1125 2169 sed
1149 2112 1204 2166 in
1228 2122 1354 2164 uno.

581 2218 642 2272 5.
687 2209 1011 2269 Orationibus
1062 2214 1346 2274 martyrum
1391 2213 1445 2252 se
1484 2191 1805 2251 commendat
1849 2185 2094 2242 Ecclesia.

519 2307 806 2378 Martyrum
849 2303 1000 2372 plena
1033 2296 1261 2352 uictoria.
1297 2289 1528 2345 Tentatio
1570 2283 1778 2340 Domini
1804 2279 1990 2352 triplex
2031 2277 2099 2331 ad

518 2374 776 2453 illecebras
802 2391 1074 2466 pertinens.
1115 2384 1268 2440 Aliud
1291 2379 1578 2436 tentationis
1615 2391 1768 2447 genus
1796 2374 1849 2426 in
1877 2381 2098 2424 tormen-

520 2492 604 2544 tis.
635 2487 750 2544 Non
777 2461 906 2555 ergo
931 2481 1123 2538 mirum
1144 2485 1260 2543 est,
1292 2473 1482 2529 fratres
1507 2469 1611 2525 mei
1640 2481 1654 2518 :
1680 2465 1826 2522 scitis
1851 2478 1956 2533 quo
1983 2461 2100 2515 loco

519 2588 782 2651 martyres
809 2552 1131 2631 recitentur?
1152 2568 1267 2624 Non
1295 2580 1392 2637 pro
1418 2562 1522 2618 illis
1547 2567 1666 2615 orat
1692 2555 1945 2611 Ecclesia.
1967 2552 2100 2606 Nam

520 2643 712 2727 merilo
734 2681 829 2740 pro
851 2664 970 2720 aliis
994 2659 1259 2718 defunctis
1282 2651 1666 2712 dormientibus
1690 2656 1807 2703 orat
1826 2643 2058 2700 Ecclesia
2084 2658 2097 2696 :

521 2777 622 2833 pro
649 2735 972 2831 martyribus
999 2769 1104 2809 non
1133 2759 1283 2816 orat,
1309 2747 1405 2804 sed
1429 2758 1614 2802 eorum
1640 2741 1817 2812 potius
1845 2735 2101 2792 orationi-

522 2830 622 2910 bus
645 2865 706 2908 se
747 2830 1106 2905 commendat.
1136 2843 1486 2898 Certaverunt
1509 2834 1651 2891 enim
1690 2830 1945 2886 adversus
1975 2840 2102 2896 pec-

525 2952 702 2999 catum
744 2952 913 3011 usque
938 2935 1004 2991 ad
1033 2932 1365 3004 sanguinem.
1395 2926 1751 2996 lmpleverunt
1791 2917 1932 2991 quod
1945 2915 2105 3011 _scri-

525 3041 674 3102 ptum
700 3037 786 3086 est
803 3005 841 3096 ,v
860 3027 1006 3082 Certa
1033 3039 1124 3095 pro
1151 3021 1355 3076 ueritate
1389 3030 1544 3086 usque
1582 3013 1650 3067 ad
1679 3018 1887 3065 mortem
1913 3005 2102 3076 (Eccli.

527 3101 609 3188 iv,
639 3121 756 3193 3'5).
789 3118 1056 3174 Promissa
1085 3113 1270 3170 mundi
1295 3112 1770 3178 contempserunt:
1795 3101 1890 3158 sed
1916 3114 2104 3172 parum

529 3222 640 3280 est;
685 3225 869 3284 parum
893 3217 976 3265 est
999 3207 1139 3263 enim
1173 3204 1375 3260 lethum
1404 3207 1777 3261 contemnere,
1808 3207 1997 3264 parum
2024 3198 2107 3247 est

528 3311 715 3375 aSpera
739 3305 963 3357 tolerare
995 3315 1008 3352 :
1040 3296 1129 3353 ubi
1160 3309 1328 3366 usque
1368 3291 1435 3346 ad
1463 3286 1771 3358 sanguinem
1799 3291 2065 3339 certamen
2087 3324 2101 3348 ,

527 3374 605 3453 ibi
624 3393 1004 3467 gloriosissima
1027 3399 1082 3447 et
1110 3389 1265 3460 plena
1290 3382 1531 3440 victoria.
1563 3379 1694 3436 Nam
1725 3378 1892 3449 prima
1922 3374 2105 3467 Demi-

528 3503 601 3543 no
625 3465 807 3542 nostro
835 3481 1057 3554 principi
1089 3487 1384 3549 martyrum
1427 3480 1756 3529 tentamenta
1786 3475 1910 3522 sunt
1951 3465 2104 3520 blan-

527 3581 762 3636 dimenta
807 3575 1075 3647 pr0posita
1104 3589 1118 3624 :
1151 3571 1246 3624 Dic
1285 3565 1538 3637 lapidibus
1564 3563 1670 3616 istis
1699 3568 1752 3614 ut
1781 3575 1935 3630 panes
1959 3558 2103 3627 ﬁant.

532 3675 642 3729 Tibi
671 3673 801 3726 dabo
837 3669 1008 3724 omnia
1032 3681 1186 3735 regna
1206 3664 1324 3717 ista.
1367 3658 1638 3714 Videamus
1675 3656 1719 3710 si
1759 3653 2034 3723 suscipiunt
2061 3661 2108 3704 te

529 3763 712 3835 Ληρειὶ
731 3776 753 3827 ;
775 3761 895 3831 quia
912 3758 1159 3828 scriptum
1173 3762 1267 3818 est,
1291 3750 1373 3806 Ne
1401 3754 1529 3822 forte
1552 3745 1781 3815 oﬂ'endas
1801 3743 1869 3798 ad
1887 3743 2108 3814 lapidem

530 3855 707 3925 pedem
744 3861 905 3906 tuum.
934 3849 1036 3904 Ista
1066 3845 1185 3901 laeta
1211 3841 1394 3900 mundi
1424 3848 1548 3896 sunt
1574 3856 1588 3894 :
1613 3838 1664 3892 in
1700 3851 1868 3907 pane,
1912 3849 2109 3890 concu-

528 3944 782 4014 piscentia
808 3939 1013 4004 carnis;
1064 3937 1116 3992 in
1149 3933 1502 4006 promissione
1548 3941 1862 4000 regnorum,
1889 3925 2110 3980 ambitio

530 4035 746 4099 saeculi;
799 4034 852 4087 in
917 4029 1226 4086 curiositate
1275 4022 1614 4089 tentationis,
1680 4016 2107 4088 concupiscentia

531 4126 806 4182 oculorum
835 4141 850 4178 :
879 4122 994 4176 haec
1019 4119 1196 4175 omnia
1219 4116 1286 4172 de
1311 4115 1508 4171 smculo
1529 4121 1682 4178 sunt;
1712 4109 1808 4166 sed
1831 4108 2109 4164 blandiun-

534 4230 621 4273 tur
637 4258 654 4284 ,
684 4231 792 4272 non
818 4214 1062 4271 saeviunt.
1093 4209 1364 4266 Attendite
1388 4215 1681 4277 martyrum
1707 4204 1903 4259 Ducem
1924 4215 2108 4257 exem-

531 4309 742 4381 plorum
769 4305 1058 4362 certamina
1085 4305 1468 4372 proponentem
1487 4338 1502 4364 ,
1535 4303 1589 4352 et
1611 4303 1874 4351 certantes
1902 4292 2111 4348 miseri-

535 4397 772 4454 eorditer
793 4395 1157 4466 adjuvantem.
1191 4390 1373 4459 Quare
1401 4402 1459 4444 se
1484 4386 1723 4458 permisit
1753 4384 1977 4451 tentari,
2006 4383 2107 4438 nisi

535 4503 593 4550 ut
623 4492 842 4550 doceret
873 4489 1122 4545 resistere
1142 4483 1428 4541 tentatori?
1449 4481 1713 4537 Promittit
1737 4479 1964 4535 mundus
1993 4493 2110 4534 car-

533 4585 708 4642 nalem
747 4583 1072 4654 voluptatem
1115 4577 1423 4649 :responde
1466 4575 1579 4643 illi,
1622 4572 1992 4630 Delectabilior
2029 4578 2111 4626 est

535 4680 700 4735 Deus.
735 4674 1002 4733 Promittit
1026 4671 1253 4729 mundus
1277 4671 1508 4725 honores
1535 4676 1590 4724 et
1615 4665 1968 4722 sublimitates
2005 4679 2108 4719 sa:-

532 4772 741 4826 culares
790 4786 804 4825 :
851 4765 1118 4838 responde
1157 4763 1266 4829 illi,
1301 4761 1473 4817 Altius
1497 4767 1580 4816 est
1616 4758 1861 4814 omnibus
1888 4771 2108 4828 regnum

536 4862 652 4917 Dei.
683 4859 951 4915 Promittit
978 4855 1211 4912 mundus
1237 4850 1533 4923 superﬂuas
1555 4849 1637 4905 vel
1665 4848 1994 4904 damnabiles
2017 4863 2113 4904 cu-

534 4955 802 5011 riositates
835 4970 848 5006 :
877 4948 1141 5022 responde
1166 4947 1278 5014 illi,
1322 4944 1444 5001 Sola
1469 4958 1577 4999 non
1603 4953 1746 4999 errat
1774 4941 1969 4997 veritas
1995 4941 2108 4996 Dei.

533 5050 668 5107 Cum
698 5048 797 5104 ista
825 5045 1016 5116 triplici
1043 5041 1334 5099 tentatione
1360 5037 1615 5094 Dominus
1640 5035 1827 5092 fuisset
1855 5043 2107 5100 tentatus,

535 5141 660 5212 quia
685 5139 740 5194 in
765 5136 1013 5194 omnibus
1037 5131 1300 5190 illecebris
1329 5127 1511 5185 mundi
1548 5126 1707 5197 hujus
1727 5126 1826 5182 tria
1855 5134 1998 5192 sunt,
2025 5133 2116 5180 aut

535 5232 800 5303 voluptas,
827 5235 921 5284 aut
943 5226 1242 5290 curiositas,
1270 5230 1361 5279 aut
1384 5219 1662 5292 superbia;
1689 5217 1814 5289 quid
1842 5217 1916 5272 ait
1939 5217 2116 5272 Evan-

536 5321 764 5398 gelista?
811 5319 1088 5390 Postquam
1128 5316 1335 5388 perfecit
1372 5311 1606 5368 diabolus
1647 5324 1842 5364 omnem
1889 5308 2118 5362 tentatio-

539 5431 694 5474 nem:
723 5429 935 5472 omnem
953 5454 970 5481 ,
1000 5409 1095 5468 sed
1119 5407 1186 5464 ad
1223 5407 1501 5464 illecebras
1527 5403 1898 5477 pertinentem.
1929 5401 2113 5457 Resta-

540 5510 630 5564 bat
651 5507 752 5563 alia
778 5505 1004 5562 tentatio
1056 5502 1111 5558 in
1157 5499 1363 5570 asperis
1403 5505 1459 5554 et
1491 5495 1674 5562 duris,
1727 5493 1781 5549 in
1819 5492 2006 5559 saevis,
2061 5492 2116 5548 in

540 5600 809 5656 atrocibus
835 5607 994 5668 atque
1017 5593 1340 5658 immitibus;
1358 5589 1593 5647 restabat
1616 5587 1717 5644 alia
1741 5585 1981 5642 tentatio.
2006 5584 2119 5641 Hoc

541 5692 716 5748 sciens
736 5689 1105 5760 Evangelista,
1136 5683 1260 5756 quid
1289 5689 1562 5754 peractum
1599 5687 1776 5746 esset,
1799 5677 1922 5749 quid
1953 5685 2122 5733 resta-

540 5791 656 5841 ret.
687 5783 761 5839 ait
793 5800 805 5836 :
848 5781 1122 5841 Postquam
1146 5775 1406 5836 complevit
1451 5771 1682 5828 diabolus
1720 5785 1917 5827 omnem
1956 5779 2118 5826 tenta-

1739 335 1794 389 S.
1836 325 2198 388 AUGUSTlNl
2239 327 2539 386 EPISCOPI

3625 335 3770 392 1299.

2187 441 2402 508 tionem,
2449 445 2650 500 recessit
2694 443 2758 499 ab
2783 461 2840 500 eo
2882 447 2951 501 ad
2993 455 3188 518 tempus
3231 445 3442 520 (Matth.
3493 463 3575 515 tv,
3617 449 3766 514 ‘Hl,

2187 543 2233 586 et
2257 533 2388 588 Luc.
2417 549 2507 600 tv,
2551 534 2715 608 {.15).
2749 537 3002 594 Discessit
3044 538 3112 593 ab
3137 553 3235 606 eo,
3265 538 3317 594 id
3351 545 3470 606 est,
3516 539 3773 594 insidians

2186 638 2408 694 serpens
2441 644 2454 679 :
2485 637 2735 684 venturus
2761 639 2843 685 est
2867 631 3080 700 rugiens
3120 631 3237 698 leo;
3265 630 3361 687 sed
3385 631 3564 687 vincet
3608 647 3768 698 eum,

2186 718 2274 787 qui
2305 720 2638 775 conculcabit
2676 721 2885 777 leonem
2927 731 2981 778 et
3004 723 3292 778 draconem
3325 722 3496 794 (Psal.
3530 739 3625 788 xc,
3654 723 3767 796 15).

2186 808 2505 866 Revertetur
2535 829 2548 864 :
2583 812 2820 868 introibit
2861 814 2913 868 in
2940 813 3161 883 ludam,
3194 815 3352 871 faciet
3379 816 3617 886 magistri
3659 825 3770 871 tra-

2187 900 2437 958 ditorem.
2484 904 2724 960 Adducet
2751 906 3000 971 Judaaos,
3031 922 3136 962 non
3160 907 3272 978 jam
3315 908 3630 976 adulantes,
3675 910 3770 965 sed

2190 995 2470 1052 saevientes
2497 1015 2513 1052 :
2542 1013 2666 1054 vasa
2709 1013 2803 1054 sua
2844 1000 3122 1069 possidens
3150 1000 3401 1055 clamabit
3430 1001 3623 1071 linguis
3648 1016 3769 1056 om-

2189 1087 2360 1155 nium,
2389 1084 2639 1161 Cruci/iga
2660 1133 2674 1156 ,
2702 1092 2940 1164 cruciﬁge
2968 1092 3122 1161 (Luc.
3151 1109 3311 1160 xxm,
3341 1092 3457 1165 2i).
3508 1093 3583 1148 lbi
3611 1094 3770 1150 Chri-

2189 1187 2330 1234 stum
2399 1180 2652 1236 victorem
2705 1183 2831 1254 quid
2886 1183 3181 1238 miramur?
3233 1183 3377 1239 Deus
3428 1183 3772 1255 omnipotens

2189 1279 2321 1326 erat.

2261 1363 2315 1418 ϐ.
2351 1362 2621 1420 Patientia:
2646 1365 2929 1437 exemplum
2971 1367 3023 1421 in
3052 1364 3274 1421 Domino
3301 1374 3351 1421 et
3387 1367 3441 1421 in
3467 1367 3774 1437 martyribus

2193 1456 2440 1509 conservis
2488 1457 2674 1510 nostris
2724 1458 3022 1528 prastitum.
3059 1458 3286 1528 Propter
3329 1473 3429 1512 nos
3468 1458 3579 1528 pati
3608 1458 3776 1513 voluit

2191 1545 2453 1602 Christus.
2485 1547 2572 1601 Ait
2607 1549 2880 1618 apostolus
2909 1549 3136 1604 Petrus:
3167 1547 3276 1603 Pro
3301 1549 3436 1603 vobis
3457 1565 3636 1618 passus
3661 1557 3733 1602 est
3755 1589 3772 1614 ,

2191 1638 2475 1707 relinquens
2511 1639 2646 1692 vobis
2673 1640 2988 1710 exemplum,
3022 1649 3079 1693 ut
3115 1641 3392 1709 sequamini
3432 1640 3638 1711 vestigia
3663 1641 3775 1708 ejus

2197 1725 2238 1797 (Ι
2271 1725 2409 1780 Petr.
2439 1744 2509 1794 ιι,
2539 1727 2653 1802 21).
2687 1729 2802 1784 Pati
2829 1738 2880 1784 te
2905 1729 3118 1796 docuit,
3149 1738 3203 1786 et
3232 1729 3478 1800 patiendo
3500 1741 3552 1786 te
3571 1730 3772 1786 docuit.

2199 1823 2391 1879 Parum
2421 1825 2827 1904 eratverbum,
2867 1824 2971 1880 nisi
3024 1824 3309 1879 adderetur
3337 1825 3660 1893 exemplum.
3712 1825 3778 1879 Et

2198 1916 2466 1985 quomodo
2491 1916 2700 1983 docuit,
2747 1916 2972 1972 fratres?
3004 1915 3276 1971 Pendebat
3304 1917 3356 1970 in
3386 1931 3575 1981 cruce,
3606 1915 3776 1971 Judaei

2198 2008 2492 2063 saeviebant
2520 2025 2532 2062 :
2559 2009 2612 2062 in
2637 2009 2841 2078 aSperis
2866 2009 3030 2063 clavis
3066 2007 3332 2080 pendebat
3348 2049 3363 2070 ,
3387 2008 3479 2062 sed
3504 2008 3777 2063 lenitatem

2200 2116 2306 2156 non
2345 2102 2638 2156 amittebat.
2683 2100 2758 2155 ΙΙΙί
2799 2101 3121 2166 εωνὶοϋειηι,
3167 2099 3244 2154 illi
3269 2099 3736 2155 circumlatrabant
3761 2139 3777 2162 ,

2205 2192 2280 2246 illi
2320 2192 2570 2262 pendenti
2617 2193 2970 2258 insultabant;
3002 2191 3156 2261 quasi
3185 2206 3295 2245 uno
3336 2205 3547 2245 summo
3573 2189 3782 2244 medico

2203 2283 2254 2335 in
2323 2281 2496 2336 medio
2561 2283 2884 2348 constituto,
2970 2280 3299 2351 phrenetici,
3369 2281 3784 2349 circumquaque

2206 2371 2513 2426 smviebant.
2573 2371 2844 2427 Pendebat
2884 2373 3002 2437 illc,
3069 2380 3125 2426 et
3181 2371 3421 2426 sanabat.
3477 2369 3665 2435 Pater,
3698 2370 3784 2424 in-

2204 2467 2346 2537 quit,
2378 2469 2578 2538 ignosce
2622 2468 2754 2533 illis,
2806 2469 2923 2538 quia
2965 2469 3189 2522 nesciunt
3227 2469 3348 2540 quid
3391 2469 3583 2537 faciunt
3633 2466 3782 2539 (Luc.

2211 2573 2378 2623 χχιιι,
2411 2558 2526 2628 5-4).
2581 2558 2832 2623 Petebat,
2877 2568 2932 2614 et
2974 2571 3148 2614 tamen
3194 2559 3508 2631 pendebat:
3541 2573 3648 2612 non
3685 2557 3788 2612 de-

2206 2649 2514 2714 scendebat,
2543 2649 2668 2719 quia
2689 2649 2755 2704 de
2777 2651 3034 2721 sanguine
3055 2666 3153 2706 suo
3170 2652 3612 2706 medicamentum
3630 2648 3791 2719 phre-

2206 2739 2402 2794 neticis
2430 2739 2674 2795 faciebat.
2710 2740 2947 2810 Denique
2971 2742 3091 2811 quia
3119 2740 3279 2796 verba
3303 2742 3532 2810 petentis
3553 2740 3788 2805 Domini,

2207 2829 2553 2900 ejusdemque
2589 2831 3007 2886 misericordiam
3037 2833 3368 2887 exaudientis
3388 2875 3402 2899 ,
3427 2833 3545 2902 quia
3577 2832 3792 2887 Patrem

2211 2921 2393 2990 petiit,
2429 2931 2481 2975 et
2522 2935 2644 2975 cum
2676 2921 2831 2976 Patre
2857 2921 3311 2993 exaudivit;quia
3351 2923 3440 2977 illa
3476 2923 3636 2978 verba
3679 2937 3786 2978 non

2210 3019 2495 3082 potuerunt
2522 3011 2752 3066 inaniter
2795 3011 2970 3074 fundi.
3004 3021 3126 3083 post
3163 3013 3609 3069 resurrectionem
3637 3027 3788 3067 suam

2209 3101 2415 3157 sanavit
2454 3116 2588 3172 quos
2629 3101 2866 3172 pendens
2897 3103 3264 3158 insanissimos
3300 3105 3563 3159 toleravit.
3593 3105 3793 3158 Ascen-v

2210 3193 2288 3247 dit
2318 3193 2369 3247 in
2401 3194 2596 3248 emtum
2617 3236 2631 3262 ,
2664 3195 2807 3248 misit
2844 3194 3098 3264 Spiritum
3141 3204 3383 3258 sanctum
3410 3213 3423 3262 ;
3458 3211 3555 3251 nec
3598 3210 3658 3251 se
3686 3195 3794 3250 illis

2210 3283 2443 3338 ostendit
2476 3292 2597 3353 post
2624 3285 3070 3340 resurrectionem
3092 3327 3107 3352 ,
3141 3285 3235 3341 sed
3266 3286 3394 3342 solis
3441 3286 3682 3341 fidelibus
3710 3287 3794 3341 di-

2211 3374 2427 3444 scipulis
2456 3375 2566 3430 suis
2588 3416 2605 3442 ,
2650 3391 2717 3430 ne
2746 3376 2895 3447 quasi
2923 3376 3176 3432 insultare
3217 3392 3276 3433 se
3311 3377 3677 3433 occidentibus
3704 3393 3793 3433 vo-

2213 3466 2376 3521 luisse
2405 3466 2692 3522 videretur.
2724 3466 2854 3521 Plus
2877 3467 3018 3522 enim
3064 3476 3180 3522 erat
3199 3509 3214 3534 ,
3242 3468 3442 3522 amicos
3468 3468 3661 3523 docere
3701 3468 3795 3524 huc

2212 3558 2486 3613 militatem
2519 3598 2534 3623 ,
2597 3573 2755 3628 quam
2821 3557 3050 3614 inimicis
3104 3559 3430 3628 exprobrare
3490 3559 3790 3614 veritatem.

2211 3647 2528 3703 Resurrexit
2554 3665 2569 3702 :
2599 3648 2716 3718 plus
2743 3648 2868 3704 fecit
2895 3664 3052 3720 quam
3086 3649 3162 3703 illi
3189 3648 3470 3721 exigebant
3495 3691 3508 3715 ,
3539 3665 3647 3705 non
3669 3665 3790 3705 cre-

2211 3739 2421 3807 dendo,
2468 3739 2562 3795 sed
2594 3738 2896 3796 insultando
2915 3748 2968 3795 et
2993 3739 3250 3805 dicendo,
3301 3741 3365 3795 Si
3395 3741 3532 3808 ﬁlius
3566 3739 3664 3795 Dei
3686 3749 3794 3808 est,

2212 3832 2480 3887 descendat
2507 3831 2569 3886 de
2596 3848 2744 3886 cruce
2768 3830 2979 3906 (Matth.
3002 3847 3152 3887 xxvu
3173 3874 3188 3899 ,
3217 3829 3330 3900 40).
3360 3831 3427 3886 Et
3448 3833 3538 3903 qui
3561 3832 3628 3887 de
3653 3831 3799 3902 ligno

2212 3921 2546 3979 descendere
2572 3921 2742 3977 noluit
2762 3963 2776 3988 ,
2806 3921 2874 3978 de
2901 3922 3150 3992 sepulcro
3179 3922 3430 3978 surrexit.
3460 3922 3716 3977 Ascendit
3741 3924 3794 3978 in

2214 4013 2406 4069 coelum
2432 4055 2447 4079 ,
2474 4013 2620 4068 misit
2656 4012 2781 4069 inde
2808 4011 3062 4084 Spiritum
3093 4023 3332 4069 sanctum
3376 4031 3389 4067 :
3422 4014 3658 4083 implevit
3710 4013 3797 4068 di-

2214 4106 2466 4176 scipulos,
2493 4105 2724 4160 correxit
2749 4105 3019 4172 timentes,
3047 4105 3170 4160 fecit
3195 4104 3436 4160 fidentes.
3464 4105 3606 4159 Petri
3639 4105 3798 4175 trepi-

2215 4197 2360 4253 datio
2400 4197 2454 4252 in
2480 4195 2844 4252 fortitudinem
2874 4195 3241 4267 prmdicatoris
3283 4207 3497 4265 repente
3535 4211 3798 4251 conversa

2215 4301 2317 4349 est.
2344 4290 2497 4348 Unde
2523 4290 2627 4346 hoc
2652 4289 2893 4345 homini?
2911 4289 3101 4357 Quazre
3121 4289 3334 4344 Petrum
3363 4297 3795 4358 praesumentem,

2215 4386 2423 4443 invenis
2452 4386 2668 4442 Petrum
2689 4391 2970 4454 negantem
2994 4403 3007 4435 :
3041 4397 3219 4452 qumre
3243 4380 3406 4436 Deum
3435 4381 3796 4448 adjuvantem,

2216 4479 2432 4534 Petrum
2477 4476 2684 4532 invenis
2730 4472 3128 4545 pra-dicantem.
3177 4471 3258 4526 Ad
3302 4471 3488 4526 horam
3519 4470 3800 4540 trepidavit

2216 4567 2497 4625 infirmitas
2519 4609 2534 4635 ,
2565 4574 2624 4621 ut
2651 4564 2996 4636 prasumptio
3023 4563 3356 4626 vinceretur,
3405 4578 3508 4617 non
3539 4571 3595 4616 ut
3623 4563 3794 4630 pietas

2215 4660 2501 4716 deleretur.
2533 4657 2723 4727 Implet
2750 4656 2839 4710 ille
2867 4655 3063 4725 Spiritu
3093 4670 3192 4709 suo
3211 4694 3225 4720 ,
3255 4662 3310 4708 et
3337 4651 3460 4707 facit
3490 4652 3794 4721 praedicato-

2217 4766 2330 4808 rem
2357 4749 2702 4806 fortissimum
2727 4789 2742 4813 ,
2769 4746 2856 4802 cui
2899 4744 3244 4816 prmsumenti
3299 4742 3652 4814 praedixerat,
3700 4741 3798 4796 Ter

2220 4861 2298 4900 me
2317 4843 2541 4915 negabis.
2585 4841 3006 4910 Prtesumpserat
3042 4839 3185 4894 enim
3217 4837 3304 4892 ille
3332 4836 3400 4892 de
3440 4836 3642 4890 viribus
3668 4837 3800 4900 suis,

2222 4951 2328 4993 non
2373 4935 2442 4990 de
2487 4931 2581 4989 Dei
2623 4931 2799 4997 dono,
2839 4929 2934 4986 sed
2984 4929 3052 4984 de
3102 4928 3271 4984 libero
3311 4926 3553 4982 arbitrio.
3585 4925 3805 4981 Dixerat

2221 5029 2395 5094 enim,
2420 5024 2606 5080 Tecum
2627 5038 2712 5078 ero
2734 5037 2890 5094 usque
2931 5021 2998 5074 ad
3040 5029 3250 5075 mortem
3272 5017 3480 5092 (Matth.
3508 5033 3640 5073 xxvi
3663 5059 3678 5083 ,
3705 5018 3806 5073 33-

2222 5119 2336 5190 55).
2372 5116 2586 5172 Dixerat
2605 5113 2660 5169 in
2685 5111 3007 5168 abundantia
3032 5126 3149 5179 sua,
3180 5109 3301 5164 Non
3325 5110 3558 5164 merebor
3585 5109 3635 5161 in
3660 5118 3806 5162 ater-

2225 5225 2366 5266 num.
2393 5209 2498 5266 Sed
2521 5207 2610 5278 qui
2633 5207 2685 5261 in
2711 5205 2987 5260 voluntate
3012 5217 3107 5258 sua
3140 5201 3459 5272 praestiterat
3483 5200 3662 5255 decori
3688 5201 3807 5268 ejus

2225 5305 2472 5362 virtutem
2493 5343 2508 5368 ,
2533 5299 2725 5356 avertit
2770 5297 2957 5353 faciem
3003 5309 3174 5360 suam,
3217 5303 3271 5350 et
3299 5293 3467 5349 factus
3491 5301 3572 5348 est
3599 5302 3809 5347 contur-

2227 5397 2379 5454 batus
2401 5393 2569 5466 (Psal.
2594 5407 2746 5456 xxnz,
2775 5389 2829 5456 7,
2860 5388 2940 5459 8).
2971 5387 3181 5451 Avertit,
3206 5385 3395 5456 inquit,
3420 5383 3688 5447 Dominus,
3726 5385 3808 5454 fa-

2228 5489 2354 5543 ciem
2398 5501 2543 5541 tuam
2567 5500 2585 5539 :
2608 5481 2838 5539 ostendit
2874 5479 3040 5536 Petro
3064 5479 3314 5544 Petrum;
3355 5476 3450 5534 sed
3487 5484 3670 5548 postea
3722 5490 3811 5530 re-

2228 5578 2424 5650 spexit,
2471 5585 2524 5633 et
2548 5575 2761 5632 Petrum
2800 5570 3102 5628 ﬁrmavitin
3128 5579 3299 5641 petra.
3351 5568 3627 5624 Imitemur
3655 5581 3810 5637 ergo,

2229 5673 2422 5729 fratres
2449 5669 2575 5736 mei,
2624 5675 2876 5739 quantum
2907 5680 3210 5736 possumus,
3248 5663 3302 5718 in
3342 5661 3568 5717 Domino
3610 5661 3814 5732 passio-

2233 5768 2317 5824 nis
2357 5763 2675 5824 cxcmnlum.
2707 5760 2930 5822 implere
2970 5759 3286 5828 poterimus,
3326 5756 3372 5814 si
3407 5755 3590 5813 abillo
3624 5769 3808 5822 posca-
