4102 6326
369 372 507 429 1295

379 506 498 548 mus
545 490 928 561 adjumentum,
976 501 1083 542 non
1130 480 1521 556 prxcvcnicndu,
1569 481 1703 537 sicut
1752 478 1942 533 Petrus

368 597 727 655 przesumens;
771 581 863 635 sed
902 576 1174 648 sequendo
1213 584 1267 631 et
1302 574 1522 638 orando,
1573 572 1712 627 sicut
1752 570 1941 625 Petrus

367 675 668 745 proficiens.
718 672 940 740 Quando
993 670 1135 724 enim
1184 668 1374 722 Petrus
1422 676 1501 720 ter
1545 664 1779 735 negavit,
1816 662 1941 732 quid

364 763 686 837 evangelista
713 754 860 828 dicit,
891 750 1177 815 attendite:
1209 752 1276 812 Et
1304 757 1521 827 respexit
1544 772 1655 809 eum
1674 755 1938 817 Dominus,

364 865 411 910 et
452 854 741 909 recordatus
794 862 866 906 est
914 851 1098 906 Petrus
1130 850 1278 918 (Luc.
1320 864 1455 915 χιιι,
1501 848 1618 918 6|).
1669 845 1805 913 Quid
1835 855 1937 912 est,

365 952 582 1015 respear'
609 944 761 999 eunt?
798 944 912 999 Non
948 943 1091 998 enim
1125 940 1379 997 Dominus
1416 939 1469 993 in
1503 937 1637 992 facie
1676 936 1940 1005 corporali

365 1047 485 1095 eum
518 1046 767 1108 tanquam
792 1034 1261 1092 commemorando
1286 1032 1543 1103 respexit.
1566 1030 1682 1085 Non
1713 1031 1790 1083 sic
1816 1036 1935 1084 est:

368 1129 711 1199 Evangelinm
752 1128 929 1197 legite.
977 1125 1234 1190 Dominus
1283 1123 1338 1179 in
1386 1120 1723 1176 interioribus
1749 1123 1939 1173 domus

360 1218 713 1291 indicabatur,
764 1216 952 1276 Petrus
981 1219 1033 1273 in
1059 1218 1195 1273 atrio
1243 1214 1562 1271 tentabatur.
1596 1213 1737 1282 Ergo
1770 1228 1939 1281 respe-

356 1316 570 1369 xiteum
596 1312 861 1376 Dominus,
901 1327 1006 1366 non
1051 1323 1294 1378 corpore,
1339 1306 1435 1362 sed
1476 1304 1782 1375 majestate;
1830 1318 1937 1358 non

356 1405 631 1458 oculorum
658 1394 834 1458 carnis
863 1402 1075 1467 intuitu,
1117 1399 1212 1455 sed
1255 1397 1619 1453 misericordia
1659 1396 1934 1450 altissima.

357 1493 451 1548 ille
471 1494 594 1563 quia
638 1500 904 1547 averterat
943 1491 1131 1546 faciem
1174 1505 1355 1553 suam,
1399 1491 1639 1559 respexit
1693 1503 1835 1551 eum,
1882 1494 1937 1541 et

355 1584 524 1640 factus
565 1592 645 1639 est
669 1584 941 1639 liberatus.
976 1583 1119 1649 Ergo
1145 1590 1496 1653 przesumptor
1524 1579 1801 1651 periisset,
1833 1580 1936 1635 nisi

354 1668 679 1745 Redemptor
702 1675 1041 1745 respexisset.
1068 1674 1136 1729 Et
1151 1688 1276 1728 ecce
1296 1672 1544 1744 lacrymis
1567 1671 1676 1726 suis
1700 1670 1931 1737 ablutus,

360 1776 640 1837 correptus
680 1775 736 1821 ct
768 1778 985 1836 ereptus
1030 1765 1285 1836 praedicat
1311 1764 1522 1819 Petrus.
1567 1762 1931 1831 Praedicatqni

354 1865 639 1927 negaverat
670 1874 682 1909 :
713 1857 939 1913 credunt
962 1856 1050 1926 qui
1081 1863 1411 1911 erraverant.
1449 1852 1599 1909 Valet
1621 1854 1673 1907 in
1702 1846 1932 1923 phrene-

352 1949 469 2003 ticis
503 1947 765 2003 medicina
806 1946 895 2001 illa
920 1947 1193 2016 sanguinis
1232 1945 1462 2000 Domini.
1486 1944 1682 1999 Bibunt
1719 1944 1934 1998 creden-

352 2048 432 2095 tes
459 2040 599 2109 quod
622 2039 873 2094 fuderunt
898 2040 1201 2094 sazvientes.
1229 2037 1334 2093 Sed
1374 2038 1595 2091 multum
1625 2035 1794 2090 estad
1824 2051 1929 2100 me,

352 2122 542 2200 inquit,
587 2130 780 2184 imitari
821 2130 1123 2199 Dominum.
1159 2130 1233 2184 Ex
1274 2129 1445 2198 gratia
1475 2127 1684 2182 Domini
1725 2126 1932 2181 inuitare

350 2237 702 2293 conservum,
747 2224 955 2279 imitare
992 2223 1349 2294 Stephanum,
1383 2223 1592 2278 imitare
1636 2223 1929 2277 Marianum

350 2324 405 2367 et
430 2314 704 2370 Jacobum.
728 2314 981 2370 Homines
1008 2324 1178 2380 erant,
1206 2315 1448 2370 conservi
1497 2320 1679 2378 erant;
1712 2314 1848 2367 sicut
1877 2321 1932 2367 tu

354 2405 460 2459 nati
483 2447 497 2472 ,
525 2404 620 2461 sed
662 2406 728 2461 ab
757 2405 847 2461 illo
872 2406 963 2476 qui
984 2420 1090 2460 non
1112 2407 1189 2460 sic
1218 2415 1373 2460 natus
1395 2414 1475 2460 est
1494 2448 1508 2471 ,
1537 2406 1796 2459 coronati.

722 2538 960 2597 SERMO
1033 2536 1355 2596 CCLXXXVI
1397 2544 1412 2563 ‘
1454 2539 1554 2611 (a).

543 2672 596 2723 In
627 2673 708 2724 die
738 2673 886 2723 Natali
916 2680 1176 2736 martyrum
1206 2673 1329 2723 casti
1363 2680 1415 2722 et
1446 2671 1600 2721 Aitnili
1632 2671 1720 2735 (ιι).

421 2780 474 2829 1.
533 2775 823 2847 Martyrum
864 2777 935 2830 sic
978 2776 1275 2829 celebranda
1309 2774 1576 2842 solemnia,
1608 2786 1664 2828 ut
1721 2792 1805 2829 eos
1842 2776 1932 2828 de-

348 2866 487 2920 lectet
523 2867 729 2921 imitari.
763 2868 1081 2922 Sanctorum
1136 2875 1427 2938 martyrum
1476 2882 1581 2921 non
1618 2882 1809 2935 magna
1842 2882 1929 2921 so-

346 2956 453 3011 lum
479 2999 492 3022 ,
527 2957 621 3012 sed
648 2957 809 3012 etiam
839 2958 924 3026 pia
946 2957 1110 3011 virtus
1137 2957 1271 3026 (ipsa
1293 2966 1376 3011 est
1404 2958 1544 3011 enim
1574 2958 1716 3010 utilis
1738 2958 1923 3023 virtus,

350 3049 458 3103 imo
486 3049 597 3118 ipsa
639 3058 722 3104 est
765 3064 890 3103 vera
934 3056 988 3103 et
1018 3048 1145 3101 sola
1190 3047 1409 3101 dicenda
1445 3047 1648 3112 virtus,
1675 3058 1792 3116 qua:
1818 3061 1925 3101 non

346 3140 538 3193 militat
568 3139 750 3211 typho,
778 3139 871 3193 sed
894 3137 1023 3209 Deo)
1055 3138 1304 3193 admonet
1335 3154 1431 3193 nos
1456 3139 1711 3194 Charitati
1739 3149 1930 3195 vestra:

345 3231 533 3301 loqui,
580 3246 804 3301 eamque
844 3231 1172 3297 admonere,
1214 3232 1286 3286 ita
1335 3232 1594 3287 solemnia
1638 3243 1929 3303 martyrum

347 3319 657 3387 Celebrare,
691 3332 748 3377 ut
775 3322 995 3391 vestigia
1042 3332 1335 3393 martyrum
1380 3318 1655 3392 sequendo
1702 3323 1932 3379 delectet

349 3413 563 3467 imitari.
592 3406 709 3467 Non
744 3413 885 3467 enim
910 3420 964 3466 et
992 3412 1092 3481 ipsi
1119 3412 1259 3480 quod
1288 3410 1453 3467 fortes
1482 3414 1836 3483 exstiterunt,
1864 3416 1931 3471 dc

349 3520 448 3559 suo
489 3506 805 3560 habuerunt.
829 3503 943 3558 Non
988 3519 1157 3573 usque
1184 3504 1249 3558 ad
1279 3505 1398 3559 illos
1424 3504 1542 3560 fons
1569 3507 1656 3561 ille
1677 3510 1928 3563 manavit.

349 3598 452 3665 Qui
496 3596 644 3651 dedit
680 3596 842 3666 ipsis,
872 3604 1061 3665 potens
1085 3603 1168 3649 est
1190 3594 1318 3650 dare
1366 3604 1420 3650 et
1464 3597 1652 3651 nobis:
1682 3600 1929 3667 quoniam

349 3702 514 3746 unum
539 3689 765 3759 pretium
786 3687 968 3742 datum
994 3696 1077 3741 est
1098 3700 1196 3755 pro
1216 3686 1464 3741 omnibus
1489 3686 1665 3742 nobis.

420 3783 476 3837 2.
502 3781 783 3852 Martyrem
804 3795 902 3833 non
938 3780 1058 3848 facit
1090 3795 1255 3850 paena,
1297 3777 1385 3832 sed
1402 3796 1575 3832 causa.
1604 3778 1845 3835 Latronis
1875 3782 1930 3835 in

357 3890 506 3928 cruce
530 3872 657 3942 [idea
680 3887 885 3924 causam
909 3870 1147 3939 patientis
1168 3870 1393 3923 mutavit.
1415 3868 1541 3924 Tres
1573 3887 1763 3924 cruces.
1792 3870 1932 3925 Crux

356 3964 567 4030 Christi,
596 3960 822 4016 tribunal
836 3960 1052 4031 judicis.
1074 3954 1207 4015 Illud
1233 3974 1361 4029 ergo
1391 3961 1660 4031 praecipue
1686 3976 1928 4016 commo-

350 4056 507 4112 nendi
531 4052 830 4124 estis,quod
853 4052 1064 4108 assidue
1089 4054 1437 4118 commoneri,
1461 4060 1517 4108 et
1544 4069 1756 4123 semper
1779 4057 1927 4126 cogi-

347 4158 460 4203 tare
488 4146 712 4213 debetis,
743 4145 885 4217 quod
912 4152 1197 4217 martyrem
1224 4145 1313 4201 Dei
1330 4158 1434 4199 non
1458 4144 1580 4201 facit
1606 4162 1761 4217 paena
1786 4189 1801 4215 ,
1833 4147 1928 4203 sed

347 4251 527 4296 eausa.
545 4234 756 4295 Justitia
774 4237 918 4292 enim
934 4246 1135 4305 nostra,
1154 4252 1258 4291 non
1276 4238 1616 4303 cruciatibus,
1635 4239 1929 4295 delectatur

352 4331 491 4385 Deus
512 4344 641 4384 :nec
653 4328 914 4399 quaeritur
930 4327 980 4382 in
995 4328 1374 4396 omnipotentis
1393 4330 1698 4400 veracisque
1704 4330 1923 4399 judicio,

346 4420 471 4489 quid
485 4421 708 4491 quisque
720 4420 973 4489 patiatur,
992 4418 1084 4473 sed
1100 4434 1264 4488 quare
1280 4414 1601 4488 patiatur.Ut
1615 4421 1756 4475 enim
1769 4436 1928 4477 cruce

345 4506 609 4568 dominica
643 4527 742 4568 nos
771 4513 1063 4583 signemus,
1095 4527 1197 4567 non
1229 4512 1353 4568 fecit
1380 4513 1481 4570 hoc
1511 4514 1716 4569 Domini
1745 4530 1923 4585 paena,

349 4602 444 4657 sed
466 4617 647 4657 causa.
682 4601 814 4657 Nam
847 4603 889 4657 si
905 4614 1059 4672 paena
1090 4603 1189 4657 hoc
1207 4601 1435 4669 fecisset,
1465 4603 1568 4661 hoc
1588 4614 1642 4661 et
1663 4605 1926 4661 latronum

348 4694 535 4749 similis
549 4708 704 4762 poma
717 4693 987 4748 valuisset.
1002 4693 1150 4749 Unus
1167 4695 1315 4749 locus
1332 4703 1446 4750 erat
1461 4696 1619 4751 trium
1641 4697 1925 4754 cruciﬁxu-

351 4798 488 4846 rum,
508 4783 561 4836 in
579 4782 756 4837 medio
788 4782 1061 4846 Dominus,
1077 4784 1163 4852 qui
1200 4785 1329 4838 inter
1356 4786 1553 4857 iniquos
1570 4787 1835 4858 deputatus
1855 4800 1926 4844 est

348 4870 622 4944 (Isaiam,
640 4871 752 4939 12).
769 4871 911 4926 Duos
927 4869 1160 4927 latrones
1174 4871 1465 4943 hincatque
1481 4876 1600 4930 inde
1616 4886 1924 4946 posuerunt:

346 4964 443 5019 sed
469 4978 683 5019 causam
701 4964 929 5019 similem
945 4979 1049 5018 non
1069 4964 1381 5020 habuerunt.
1398 4966 1677 5022 Lateribus
1694 4971 1929 5039 penden-

351 5058 418 5112 tis
438 5054 882 5127 adjungebantur,
905 5057 996 5111 sed
1016 5057 1170 5127 longe
1185 5058 1583 5124 separabantur.
1604 5061 1723 5115 Illos
1739 5062 1928 5117 facino-

351 5164 409 5206 ra
428 5164 541 5216 sua,
562 5148 706 5204 illum
737 5147 1118 5203 crucifixerunt
1149 5150 1733 5208 nostra.Verumtamen
1766 5156 1922 5210 etiam

348 5241 397 5298 in
438 5256 546 5297 uno
576 5242 811 5312 ipsorum
839 5241 968 5295 satis
991 5242 1251 5311 apparuit,
1283 5252 1535 5312 quantum
1567 5246 1787 5308 valeret,
1820 5261 1925 5302 non

345 5332 610 5387 cruciatus
634 5332 938 5402 pendentis,
968 5331 1061 5387 scd
1088 5333 1257 5402 pietas
1284 5334 1606 5391 confitentis.
1635 5337 1927 5408 Acquisivit

407 5482 736 5534 ‘ttmendatus
773 5485 833 5533 ad
868 5496 911 5533 r.
942 5491 978 5535 ιι
1005 5499 1052 5534 v.
1082 5492 1133 5535 et
1153 5486 1213 5535 ad
1235 5493 1343 5536 Lor.

406 5545 480 5608 (a)
510 5544 666 5607 Alias,
710 5546 743 5594 4
787 5547 916 5595 inter
948 5547 1106 5596 editos
1138 5560 1199 5597 ex
1234 5551 1426 5612 majoris
1455 5553 1714 5603 Carthasim
1755 5566 1924 5605 manu-

342 5614 685 5751 ῗοῗίῗιὲἒηξιο.
709 5675 901 5751 notatus
934 5670 1091 5751 estvi‘n
1127 5672 1581 5751 Possidii‘tndicnlo,
1606 5689 1711 5751 cap.
1737 5676 1784 5726 9.
1812 5684 1925 5751 Mar-

344 5735 501 5797 tyrnm
522 5742 642 5797 vero
674 5731 872 5797 istorum
903 5731 1115 5797 natalitia
1150 5734 1196 5781 in
1228 5731 1578 5797 martyroiogiis
1600 5731 1718 5787 etin
1740 5740 1924 5789 cartha-

344 5789 533 5853 gine-usi
554 5789 827 5842 calendario
849 5795 1127 5858 consignata
1147 5803 1259 5847 sunt
1278 5804 1325 5845 xi
1350 5789 1437 5846 cal.
1458 5789 1595 5857 jiinii.

1704 359 1933 416 SERMO
1970 358 2317 417 CCLXXXV.

3493 378 3515 431 i
3525 377 3629 435 εὶθῶ

2051 476 2184 533 latro
2207 483 2260 535 in
2287 483 2471 541 dolore
2492 528 2508 554 ,
2555 489 2695 559 quod
2737 488 2925 547 Petrus
2976 494 3277 564 perdiderat
3310 496 3361 551 in
3395 496 3584 554 timore
3615 517 3629 530 ·

2049 573 2223 628 scelus
2251 576 2482 643 admisit,
2509 595 2720 637 crucem
2744 585 3003 650 ascendit;
3024 600 3238 640 causam
3264 589 3506 651 mutavit,
3540 604 3622 655 pa~

2048 666 2281 720 radisum
2310 674 2657 740 comparavit.
2676 668 2865 730 Meruit
2890 677 3106 730 omnino
3134 693 3345 733 causam
3379 686 3583 731 mutare
3606 719 3619 743 ,

2049 757 2137 824 qui
2166 774 2268 813 non
2301 766 2619 834 contempsit
2668 766 2718 819 in
2764 764 2978 822 Christo
3004 770 3402 825 similitudinem
3428 785 3622 839 preme.

2045 848 2212 904 Judaei
2256 862 2693 925 contempserunt
2718 862 2969 915 miracula
3012 860 3291 917 facientem
3325 906 3338 928 ,
3377 862 3467 917 ille
3501 879 3626 918 cre-

2046 941 2179 996 didit
2224 944 2275 997 in
2328 945 2669 1013 pendentem.
2734 949 3046 1006 Consortem
3116 954 3290 1007 crucis
3341 955 3622 1007 Dominum

2044 1034 2291 1104 agnovit,
2324 1036 2376 1089 et
2396 1046 2560 1108 regno
2584 1041 2840 1097 caelorum
2869 1043 3135 1098 credenda
3163 1046 3266 1097 vim
3300 1040 3442 1099 l'ecit.
3472 1046 3623 1101 Tunc

2043 1124 2096 1179 in
2127 1125 2395 1182 Christum
2438 1129 2573 1184 latro
2614 1132 2874 1196 credidit,
2907 1135 3117 1203 quando
3163 1135 3293 1189 fides
3334 1136 3624 1205 apostolica

2044 1214 2344 1285 trepidavit.
2370 1219 2556 1275 Merito
2587 1220 2769 1275 audire
2800 1225 3030 1288 meruit,
3088 1224 3252 1279 Hodie
3293 1242 3485 1279 mecum
3524 1227 3620 1279 eris

2041 1306 2097 1361 in
2144 1311 2404 1380 paradiso.
2445 1307 2557 1368 Hoc
2582 1313 2793 1383 quidem
2824 1314 2922 1367 sihi
2969 1316 3080 1383 ipse
3111 1332 3213 1371 non
3256 1318 3574 1386 promiserat
3606 1336 3620 1370 :

2042 1415 2247 1471 magnae
2289 1402 2503 1471 quidem
2544 1419 2603 1458 se
2630 1404 3007 1460 misericordim
3048 1407 3493 1473 commendabat,
3527 1407 3622 1463 scd

2039 1500 2094 1546 et
2139 1508 2234 1547 sua
2276 1496 2463 1549 merita
2508 1496 2789 1564 cogitabat.
2820 1495 3075 1563 Domine,
3121 1498 3317 1567 inquit,
3376 1512 3622 1555 memento

2040 1583 2136 1636 mei
2161 1625 2174 1648 ,
2222 1582 2343 1638 dum
2372 1588 2562 1642 veneris
2602 1589 2654 1641 in
2694 1601 2901 1659 regnum
2922 1597 3079 1641 tuum.
3108 1587 3394 1658 Quousque
3421 1591 3624 1644 veniret

2041 1675 2295 1733 Dominus
2325 1679 2377 1732 in
2406 1694 2623 1749 regnum
2654 1689 2808 1735 suum
2842 1722 2856 1746 ,
2886 1682 2937 1734 in
2971 1681 3139 1749 pmnis
3166 1696 3223 1736 se
3249 1680 3478 1736 futurum
3504 1698 3624 1752 Spe.

2040 1768 2222 1832 rabat,
2269 1780 2322 1824 et
2366 1771 2554 1825 saltem
2597 1773 2649 1825 in
2695 1772 2810 1841 ejus
2846 1771 3075 1826 adventu
3117 1772 3534 1826 miscricordiam
3570 1774 3620 1826 in

2038 1872 2097 1913 se
2123 1859 2234 1912 fieri
2264 1860 2553 1928 flagitabat.
2606 1861 2834 1915 Proinde
2860 1876 2917 1916 se
2944 1861 3099 1925 latro,
3128 1875 3221 1914 sua
3253 1862 3439 1915 merita
3475 1864 3621 1931 cogi-

2039 1956 2154 2000 tans
2180 1988 2193 2013 ,
2227 1945 2504 2002 dill'erehat
2537 1967 2548 2001 :
2579 1948 2671 2003 sed
2712 1950 2968 2003 Dominus
2996 1950 3222 2017 latroni,
3256 1949 3397 2018 quod
3437 1950 3625 2018 despe-

2035 2045 2281 2103 raverat,
2323 2037 2618 2105 offerebat;
2676 2048 2927 2110 unquam
2968 2040 3191 2108 diceret,
3246 2040 3325 2095 Tu
3374 2042 3514 2111 petis
3568 2051 3625 2095 ut

2035 2130 2367 2184 meminerim
2417 2132 2534 2197 tui,
2588 2130 2715 2186 dum
2766 2148 2965 2187 venero
3024 2134 3077 2187 in
3128 2149 3349 2203 regnum
3397 2150 3622 2189 meum:

2034 2222 2192 2274 Amen
2216 2263 2231 2288 ,
2262 2223 2416 2276 Amen
2444 2219 2556 2276 dico
2585 2222 2671 2277 tibi
2694 2267 2709 2290 ,
2738 2224 2887 2277 hodie
2927 2241 3119 2279 mecum
3147 2227 3245 2279 eris
3290 2227 3342 2280 in
3385 2228 3622 2297 paradiso

2036 2316 2183 2389 (Luc.
2225 2333 2354 2370 χχιιι
2384 2359 2399 2383 ,
2441 2317 2548 2382 42,
2587 2319 2701 2389 45).
2744 2320 2986 2389 Agnosco
3017 2319 3099 2372 cui
3144 2327 3197 2373 te
3244 2317 3621 2380 commendas;

2035 2425 2193 2478 quem
2237 2410 2413 2464 credis
2456 2419 2739 2465 venturum
2768 2452 2783 2476 ,
2832 2420 3119 2483 antequam
3152 2412 3358 2467 veniam
3383 2454 3398 2478 ,
3432 2413 3625 2482 ubique

2036 2512 2175 2551 sum.
2212 2498 2334 2553 Ideo
2356 2499 2599 2568 quamvis
2646 2500 2697 2553 in
2726 2499 2931 2554 inferna
2959 2500 3311 2557 descensurus
3336 2542 3352 2567 ,
3380 2501 3549 2557 habeo
3575 2512 3625 2556 te

2038 2588 2194 2642 hodie
2237 2589 2286 2641 in
2331 2589 2608 2657 paradiso;
2655 2606 2760 2644 non
2809 2591 2961 2646 alteri
3005 2591 3473 2658 commendatum,
3527 2593 3619 2647 sed

2038 2694 2264 2732 mecum.
2296 2679 2376 2733 Ad
2413 2680 2653 2734 homines
2678 2681 2820 2734 enim
2848 2682 3099 2737 mortales
3124 2692 3179 2737 et
3203 2682 3269 2737 ad
3301 2684 3446 2753 ipsos
3477 2698 3624 2737 mor-

2039 2778 2155 2822 tuos
2201 2769 2473 2823 descendit
2515 2767 2787 2825 humilitas
2830 2782 2945 2825 mea
2971 2812 2986 2837 ,
3032 2771 3124 2833 de,
3150 2760 3399 2842 paradiso
3440 2782 3617 2829 autem

2037 2877 2307 2929 nunquam
2361 2861 2589 2916 discedit
2614 2862 2862 2939 divinitas
2906 2878 3043 2916 mea.
3078 2863 3150 2917 ita
3181 2863 3333 2919 facta:
3362 2874 3485 2919 sunt
3516 2874 3624 2919 tres

2035 2968 2243 3017 cruces,
2276 2961 2384 3006 tres
2402 2967 2595 3006 causzu.
2619 2951 2766 3008 Unus
2788 2953 3049 3007 latronum
3069 2951 3282 3008 Christo
3316 2955 3619 3017 insultabat,

2036 3043 2173 3097 mala
2235 3038 2509 3098 confessus
2550 3042 2750 3099 Christi
2815 3058 2874 3097 se
2920 3044 3300 3099 misericordia:
3350 3060 3625 3101 commcn-

2034 3136 2168 3189 altcr
2182 3149 2275 3190 sua
2293 3134 2471 3188 dabat.
2498 3134 2637 3189 Crux
2655 3134 2850 3189 Christi
2878 3136 2929 3189 in
2962 3136 3256 3191 medionon
3290 3136 3386 3192 fuit
3427 3139 3626 3207 suppli-

2034 3228 2173 3283 cium
2205 3269 2220 3295 ,
2274 3226 2368 3282 sed
2400 3227 2628 3282 tribunal
2688 3243 2701 3279 :
2749 3227 2816 3282 de
2868 3242 3029 3283 cruce
3054 3230 3248 3299 quippe
3288 3230 3625 3287 insultantem

2035 3318 2324 3384 damnavit,
2364 3319 2668 3374 credentem
2714 3318 2979 3395 liberavit.
3020 3317 3227 3378 Timete
3275 3319 3624 3385 insultantes.

2035 3413 2261 3480 gaudete
2313 3410 2592 3465 credentes
2644 3429 2656 3465 :
2711 3410 2812 3466 hoc
2866 3411 3026 3467 faciet
3068 3411 3121 3466 in
3159 3414 3438 3482 claritate,
3483 3416 3625 3486 quod

2036 3503 2161 3556 fecit
2184 3502 2235 3555 in
2262 3502 2579 3556 humilitate.

2107 3593 2161 3647 5.
2204 3591 2423 3645 Munera
2465 3593 2640 3663 gratia:
2677 3609 2739 3646 ea:
2784 3592 3036 3665 profundo
3068 3586 3162 3649 Dei
3194 3598 3391 3667 judicio
3416 3596 3620 3653 dantur.

2041 3679 2226 3734 Petrus
2266 3691 2603 3750 prwsumptor
2629 3683 2885 3752 paulisper
2918 3684 3184 3750 deseritur,
3213 3696 3266 3739 ut
3292 3687 3385 3740 sibi
3411 3688 3623 3743 demon-

2035 3782 2239 3827 stretur.
2286 3772 2684 3842 Prwsumptores
2728 3775 2831 3827 odit
2880 3775 3040 3830 Deus.
3080 3777 3295 3833 Munera
3327 3780 3502 3848 divina
3548 3787 3619 3837 de

2035 3864 2302 3937 profundo
2334 3866 2423 3920 Dei
2445 3863 2646 3935 judicio
2681 3868 2900 3921 veniunt
2927 3886 2939 3921 :
2970 3867 3150 3922 mirari
3193 3879 3253 3923 ca
3302 3884 3581 3939 possumus
3604 3913 3621 3938 ,

2036 3958 2356 4026 investigare
2383 3972 2488 4010 non
2522 3971 2821 4025 possumus.
2849 3957 2973 4022 Quis
2997 3959 3137 4013 enim
3168 3962 3397 4030 cegnovit
3422 3980 3623 4018 sensum

2035 4048 2286 4101 Domini?
2337 4056 2425 4109 et,
2473 4046 2639 4114 Quam
2688 4047 3037 4103 inscrutabilia
3090 4060 3205 4104 sunt
3240 4049 3440 4121 judicia
3488 4056 3626 4132 ejus,

2034 4148 2082 4193 et
2107 4137 2472 4207 investigabiles
2498 4139 2591 4191 via:
2627 4133 2734 4209 ejus
2756 4139 2930 4209 (Rom.
2962 4156 3011 4193 xi
3034 4182 3049 4207 ,
3082 4138 3150 4195 3i
3169 4182 3183 4205 ,
3213 4133 3301 4213 35)
3331 4146 3343 4198 Ξ
3386 4146 3625 4215 Sequens

2035 4243 2131 4298 per
2156 4227 2332 4282 omnia
2362 4227 2580 4297 vestigia
2608 4226 2806 4282 Christi
2836 4228 3026 4283 Petrus
3051 4233 3423 4301 conturbatur,
3452 4246 3506 4289 et
3531 4251 3626 4291 nc-

2035 4328 2122 4391 gat
2151 4337 2165 4374 :
2196 4318 2476 4387 respicitur
2499 4360 2513 4382 ,
2556 4328 2610 4373 et
2636 4315 2845 4387 plorat;
2895 4320 3048 4375 fletus
3088 4324 3243 4393 tergit
3279 4325 3417 4393 quod
3465 4326 3627 4381 timor

2038 4409 2311 4466 infecerat.
2338 4409 2453 4465 Non
2498 4409 2596 4464 fuit
2633 4409 2720 4464 illa
2752 4411 2896 4466 Petri
2940 4413 3206 4478 desertio,
3239 4414 3332 4470 sed
3372 4416 3615 4471 eruditio.

2034 4505 2231 4558 Amare
2267 4503 2463 4573 quippe
2512 4502 2793 4557 Dominum
2823 4505 3178 4576 interrogatus
3208 4508 3224 4539 ί
3256 4508 3305 4561 in
3332 4508 3493 4564 corde
3519 4525 3616 4565 suo

2032 4603 2444 4667 prtesumpserat
2505 4609 2565 4650 se
2615 4610 2712 4665 pro
2759 4611 2825 4650 eo
2873 4598 3033 4652 etiam
3090 4599 3424 4654 moriturum.
3476 4600 3617 4655 Virio

1992 4696 1993 4701 ‘
2032 4688 2133 4742 bus
2157 4686 2267 4742 suis
2298 4686 2397 4739 hoc
2427 4684 2717 4742 tribuerat:
2739 4688 2841 4742 nisi
2872 4686 3139 4758 paulisper
3163 4705 3191 4743 a
3218 4699 3433 4759 regente
3457 4688 3617 4747 dese-

2032 4786 2277 4843 reretur,
2308 4794 2414 4833 non
2446 4778 2546 4833 sibi
2581 4778 3059 4835 demonstraretur.
3091 4781 3265 4834 Ausus
3290 4791 3373 4835 est
3399 4781 3575 4837 dicere
3608 4827 3623 4850 ,

2035 4871 2270 4923 Animam
2293 4886 2454 4923 meam
2479 4886 2571 4939 pro
2601 4881 2650 4924 te
2669 4887 2873 4941 ponam.
2902 4871 3145 4924 Animam
3175 4884 3321 4924 suam
3353 4880 3448 4941 pro
3467 4872 3618 4927 Chri-

2033 4970 2117 5015 sto
2147 4970 2501 5029 praesumptor
2528 4977 2588 5017 se
2617 4962 2910 5031 positurum
2940 4975 3058 5015 esse
3080 4960 3312 5029 jactabat
3331 5003 3345 5027 ,
3375 4977 3472 5031 pro
3503 4978 3615 5033 quo

2034 5052 2273 5106 nondum
2322 5060 2572 5121 posuerat
2620 5053 2913 5108 Liberator.
2964 5050 3200 5122 Denique
3250 5068 3370 5107 cum
3425 5054 3615 5109 timore

2036 5140 2298 5210 turbatur,
2334 5142 2472 5198 sicut
2500 5145 2755 5199 Dominus
2783 5142 3099 5214 praedixerat
3120 5184 3136 5211 ,
3166 5154 3249 5200 ter
3274 5156 3431 5215 negat
3456 5162 3576 5202 cum
3597 5188 3612 5212 ,

2033 5247 2129 5302 pro
2168 5247 2275 5302 quo
2319 5248 2380 5288 se
2423 5235 2740 5303 promiserat
2784 5234 3120 5289 moriturum.
3161 5235 3309 5292 Sicut
3358 5238 3614 5307 scriptum

2032 5330 2148 5392 est,
2190 5316 2433 5395 Respexit
2481 5322 2629 5379 illum
2688 5324 2956 5379 Dominus.
3002 5327 3072 5382 At
3122 5328 3209 5383 ille
3253 5345 3425 5382 amare
3479 5320 3616 5398 flevit

2034 5414 2184 5484 (an.
2212 5431 2328 5470 xxn
2348 5458 2361 5481 ,
2388 5416 2474 5480 55,
2505 5417 2593 5480 61,
2626 5415 2739 5487 62).
2769 5417 2961 5471 Amara
2986 5425 3103 5472 erat
3128 5419 3424 5475 recordatio
3451 5434 3615 5488 nega-

2032 5504 2213 5570 tionis,
2241 5513 2299 5559 ut
2322 5505 2491 5560 dulcis
2512 5514 2653 5560 esset
2673 5506 2837 5576 gratia
2869 5507 3263 5576 redemptionis.
3299 5510 3407 5563 Nisi
3430 5509 3614 5564 deser-

2034 5606 2119 5651 tus
2145 5638 2161 5664 ,
2210 5613 2317 5651 non
2356 5604 2615 5667 negaret;
2656 5598 2756 5653 nisi
2805 5610 3108 5669 respectus,
3157 5616 3259 5656 non
3289 5601 3459 5657 fleret.
3492 5603 3616 5658 Odit

2032 5688 2172 5743 Deus
2195 5698 2604 5758 prmsumptores
2629 5690 2697 5746 de
2726 5690 2922 5745 viribus
2953 5692 3078 5758 suis,
3102 5703 3154 5747 ct
3177 5704 3434 5747 tumorem
3452 5686 3611 5748 istum

1996 5822 2003 5823 ί
2098 5800 2115 5831 ί
2141 5799 2326 5859 Aliquot
2348 5808 2477 5863 Mss.,
2509 5813 2722 5854 ,tmorern
2746 5802 2919 5862 quippe
2948 5804 3142 5855 nomine
3163 5805 3493 5861 intcrroqante.
3514 5827 3524 5866 ε
