4102 6326
471 420 636 477 "1295

471 531 514 586 "i
522 549 552 586 ιι
567 529 800 600 eis,quos
810 526 997 598 diligit,
1011 534 1257 597 tanquam
1270 520 1508 577 medicus
1519 524 1682 573 secat.
1696 509 1940 569 Seeando
1953 505 2068 575 qui-

481 637 486 644 ·
505 621 620 675 item
638 619 792 675 infert
811 618 1080 674 dolorem:
1099 615 1195 672 sed
1234 615 1409 670 firmat
1431 620 1611 683 postea
1644 609 1940 664 sanitatem.
1963 606 2068 660 ita-

501 725 604 779 que
623 725 906 781 resurgens
936 709 1189 764 Dominus
1213 705 1548 762 commendat
1583 704 1744 760 Petro
1771 718 1898 758 oves
1926 717 2069 768 snas,

501 803 577 856 illi
608 802 879 874 negatori;
909 801 1001 857 sed
1030 801 1284 872 negatori,
1312 799 1430 870 quia
1459 796 1861 868 praesumptori;
1891 801 2072 862 postea

505 893 740 962 pastori,
795 893 919 963 quia
972 891 1213 946 amatori.
1272 889 1404 944 Nam
1457 902 1620 958 quare
1668 897 1746 941 ter
1787 885 2077 952 interrogat

503 993 768 1040 amantem
789 1024 805 1050 ,
835 983 934 1038 nisi
964 991 1021 1037 ut
1044 989 1358 1052 cotnpungat
1391 989 1471 1034 ter
1495 976 1811 1050 negantem?
1852 973 2076 1029 Proinde

505 1073 727 1145 perfecit
759 1081 942 1145 postea
987 1073 1176 1128 Petrus
1220 1072 1386 1143 gratia
1423 1069 1558 1135 Dei,
1600 1067 1739 1138 quod
1769 1065 1942 1135 primo
1971 1077 2074 1118 non

506 1167 677 1236 potttit
719 1165 906 1220 fiducia
935 1164 1037 1218 sui.
1077 1163 1208 1218 Nam
1249 1169 1590 1232 posteaquam
1634 1158 1707 1212 illi
1753 1170 1923 1221 oves,
1972 1169 2078 1210 non

505 1255 653 1312 Petri
677 1297 692 1323 ,
721 1253 814 1310 sed
856 1269 978 1309 suas
1003 1252 1429 1317 commendavit,
1459 1260 1639 1305 utnon
1669 1256 1909 1318 pasceret
1937 1245 2035 1300 sibi
2062 1287 2076 1312 ,

504 1349 601 1405 sed
627 1347 873 1411 Domino,
899 1344 1229 1400 annuntiavit
1247 1345 1296 1399 ei
1322 1345 1621 1415 passionem
1654 1339 1904 1404 futuram,
1924 1352 2080 1408 quam

509 1441 682 1511 primo
724 1437 1065 1508 perdiderat;
1109 1437 1357 1506 quoniam
1400 1447 1735 1505 prmpropere
1777 1428 2079 1485 festinabat.

510 1531 635 1584 Cum
662 1530 861 1597 senior,
902 1528 1103 1598 inquit,
1144 1530 1305 1597 factus
1334 1524 1524 1594 fueris,
1568 1522 1698 1576 alter
1720 1531 1768 1574 te
1793 1521 1992 1590 cinget,
2039 1526 2085 1571 et

514 1626 634 1692 feret
661 1638 759 1693 quo
786 1631 838 1674 tu
873 1638 974 1675 non
1016 1621 1109 1674 vis.
1142 1619 1254 1674 Hoc
1284 1627 1450 1672 autem
1478 1617 1605 1670 dixit
1627 1659 1640 1682 ,
1672 1616 1965 1686 signiﬁcans
1988 1634 2086 1686 qua

512 1727 671 1769 morte
689 1715 818 1786 glori
821 1714 1060 1782 ﬁcuturus
1073 1719 1178 1764 erat
1195 1709 1462 1764 Dominum
1491 1705 1667 1780 (Joun.
1692 1723 1803 1771 χχι,
1827 1706 1893 1760 18
1914 1715 1959 1759 et
1977 1706 2084 1774 l9).

517 1803 733 1858 Factum
761 1811 843 1856 est
865 1844 881 1868 ,
910 1800 1148 1871 pervenit
1191 1800 1383 1854 Petrus
1429 1798 1494 1852 ad
1526 1796 1820 1866 passionem
1849 1839 1862 1861 ,
1893 1796 1980 1865 qui
2010 1796 2086 1849 Ia-

514 1894 712 1964 crymis
740 1891 966 1948 diluerat
997 1891 1351 1961 negationem.
1375 1889 1527 1955 Quod
1553 1889 1600 1943 ei
1632 1889 1948 1958 promiserat
1972 1886 2088 1942 Sal-

515 1993 688 2050 vator,
714 1997 817 2036 non
845 1981 1012 2052 patuit
1032 1981 1239 2036 auferre
1266 1988 1515 2035 tentatur.

586 2077 641 2132 4.
681 2075 859 2130 Castus
909 2084 954 2128 et
1009 2073 1255 2128 lEmilius
1283 2074 1333 2126 in
1374 2073 1628 2126 tormentis
1669 2072 1802 2125 unde
1835 2073 1951 2125 victi
1986 2076 2090 2140 pri-

519 2183 690 2234 mum,
733 2166 864 2219 unde
918 2175 1028 2237 post
1071 2168 1296 2219 victores.
1340 2164 1464 2220 Tale
1511 2165 1704 2234 aliquid
1738 2164 1930 2218 factum
1973 2178 2093 2218 esse

509 2258 750 2313 arbitror
767 2248 924 2311 etiam
953 2257 1002 2310 in
1021 2255 1103 2310 his
1121 2255 1439 2327 martyribus
1458 2257 1654 2309 sanctis
1669 2255 1828 2309 Casto
1843 2265 1897 2309 et
1922 2255 2061 2308 ZEmi
2075 2285 2092 2295 -

502 2347 627 2414 *lio,
671 2362 894 2418 quorum
937 2345 1076 2400 diem
1121 2345 1278 2400 hodie
1323 2344 1650 2400 celebramus
1701 2344 1796 2416 (ιι).
1848 2344 2094 2399 Fortasse

521 2447 578 2493 et
614 2439 710 2507 ipsi
737 2438 803 2493 de
838 2436 948 2492 suis
984 2437 1183 2491 viribus
1208 2446 1358 2492 antea
1388 2444 1865 2505 praesumpserant,
1898 2445 1949 2490 et
1979 2435 2096 2489 ideo

516 2527 852 2583 defecerunt.
898 2526 1246 2582 Ostenditeis
1292 2527 1379 2596 qui
1420 2535 1600 2580 essent
1641 2527 1778 2596 ipsi,
1825 2527 1913 2595 qui
1963 2527 2094 2596 ipse.

506 2616 799 2689 "Repressit
841 2625 1242 2688 pratsumentes,
1276 2627 1328 2672 et
1359 2619 1564 2672 vocavit
1599 2618 1879 2672 credentes
1908 2634 1919 2670 :
1950 2618 2098 2685 adju-

522 2711 603 2764 vit
629 2720 922 2781 pugnantes
946 2752 961 2776 ,
997 2708 1272 2764 coronavit
1305 2710 1596 2764 vincentes.
1638 2709 1874 2779 Denique
1897 2709 2004 2778 jam
2033 2709 2099 2764 de

527 2801 635 2857 illis
661 2801 925 2873 gaudebat
945 2801 1195 2855 "inimicus
1225 2801 1277 2855 in
1304 2801 1471 2870 prima
1498 2803 1872 2870 congressione
1891 2843 1905 2866 ,
1935 2817 2100 2870 quan-

529 2890 600 2947 do
623 2901 896 2948 cesserunt
931 2891 1204 2947 doloribus
1224 2932 1238 2957 ,
1270 2892 1324 2946 in
1364 2891 1472 2946 suis
1500 2907 1593 2947 eos
1622 2893 1858 2961 partibus
1885 2907 2103 2961 compu-

531 2979 712 3046 tabat;
747 2981 855 3051 jam
885 2982 1222 3049 exsultabat,
1249 2981 1358 3051 jam
1391 2996 1516 3036 suos
1542 2981 1769 3037 habebat
1793 3001 1804 3036 :
1829 2981 1922 3037 sed
1941 2998 2105 3052 quati-

531 3081 641 3125 tum
669 3071 1080 3126 eisconcessum
1109 3082 1210 3139 est,
1237 3074 1459 3129 Domino
1487 3074 1807 3139 miserante;
1840 3074 1933 3128 alii
1962 3089 2104 3128 uiar-

514 3173 680 3232 ‘tyres
703 3162 968 3217 diabolum
999 3164 1236 3222 vicerunt
1262 3172 1550 3221 teutautem
1572 3207 1585 3229 ,
1618 3165 1701 3219 isti
1733 3165 1890 3221 etiam
1915 3165 2104 3219 trium-

522 3252 806 3322 phantem.
834 3253 1015 3324 Itaque
1038 3297 1051 3321 ,
1083 3254 1272 3312 fratres
1299 3257 1433 3322 mei,
1459 3257 1856 3313 meminerimus
1883 3273 2106 3328 quorum

533 3341 892 3399 celebritatem
940 3345 1096 3403 hodie
1118 3348 1448 3402 celebramus
1481 3365 1494 3402 :
1525 3363 1624 3404 nec
1663 3348 1886 3404 velimus
1915 3350 2108 3405 imitari

536 3434 674 3503 quod
706 3437 828 3490 victi
855 3447 978 3492 sunt
1002 3481 1016 3504 ,
1042 3439 1150 3494 sed
1195 3440 1367 3508 potius
1391 3439 1531 3508 quod
1558 3440 1816 3495 vicerunt.
1848 3441 1968 3494 ldco
1997 3457 2107 3495 ma-

533 3542 756 3596 gnorutn
787 3543 942 3584 casus
985 3545 1090 3584 non
1131 3531 1437 3597 latuerunt,
1468 3540 1526 3585 ut
1567 3532 1789 3588 timeant
1830 3534 2007 3604 quide
2050 3551 2109 3591 se

537 3628 1006 3687 praesumpserunt.
1069 3619 1273 3691 Ubique
1335 3621 1489 3676 nobis
1545 3621 1815 3680 humilitas
1875 3627 2109 3698 magistri

533 3708 661 3764 boni
689 3709 1094 3779 diligentissime
1129 3712 1550 3769 commendatur.
1599 3716 2031 3788 Quandoquidem
2059 3733 2112 3778 et

535 3803 678 3856 salus
707 3810 885 3855 nostra
921 3800 974 3856 in
1011 3801 1255 3869 Christo,
1289 3804 1555 3862 humilitas
1584 3809 1779 3866 Christi
1820 3822 1919 3868 est.
1961 3815 2111 3870 Nulla

535 3891 678 3945 enim
717 3900 898 3946 nostra
941 3893 1082 3946 salus
1111 3902 1295 3962 esset,
1343 3897 1442 3950 nisi
1492 3897 1734 3954 Christus
1763 3902 1976 3959 humilis
2016 3921 2111 3974 pro

537 3983 691 4038 nobis
733 3983 848 4038 fieri
899 3984 1144 4056 dignatus
1185 3995 1346 4042 esset.
1396 3989 1788 4046 Meminerimus
1834 3994 1900 4049 de
1958 3997 2110 4053 nobis

539 4073 668 4142 ipsis
734 4090 837 4128 non
887 4091 1006 4130 esse
1057 4078 1457 4145 prmﬂdendum.
1512 4082 1620 4138 Deo
1678 4088 2111 4146 commendemus

538 4163 680 4232 quod
708 4163 962 4220 habemus
992 4183 1006 4219 :
1034 4167 1102 4221 ab
1131 4167 1221 4222 illo
1250 4169 1593 4239 imploremus
1619 4175 1758 4243 quod
1798 4178 1974 4233 minus
2015 4178 2112 4234 ba-

540 4252 746 4308 bemus.

610 4343 664 4396 5.
708 4342 959 4416 Martyres
984 4347 1211 4401 advocati
1232 4351 1408 4416 nostri,
1435 4361 1479 4406 et
1500 4363 1661 4409 tamen
1688 4373 1816 4413 unus
1845 4360 2113 4417 advocatus

540 4443 710 4489 noster
729 4433 976 4490 Christus.
1016 4436 1300 4510 Martyrum
1346 4442 1573 4510 perfecta
1598 4445 1799 4516 justitia
1829 4459 1907 4504 est
1931 4493 1946 4515 ,
1979 4469 2115 4521 quo-

540 4524 683 4579 niam
713 4524 764 4578 in
794 4525 904 4594 ipsa
935 4529 1178 4596 passione
1205 4531 1419 4600 perfecti
1462 4544 1603 4591 sunt.
1637 4537 1760 4593 Ideo
1798 4555 1893 4608 pro
1922 4542 2022 4597 illis
2061 4545 2114 4599 in

541 4613 778 4670 Ecclesia
805 4629 910 4669 non
937 4627 1135 4673 oratur.
1163 4619 1267 4676 Pro
1299 4623 1416 4676 aliis
1443 4625 1685 4683 ﬁdelibus
1711 4629 1972 4686 defunctis
1992 4650 2113 4689 oras

543 4715 644 4772 tur,
675 4722 771 4775 pro
809 4703 1128 4779 martyribus
1173 4727 1277 4767 non
1318 4724 1540 4771 oratur:
1583 4726 1688 4772 tam
1718 4721 1858 4775 enim
1897 4724 2112 4792 perfecti

540 4796 817 4862 exierunt,
851 4806 906 4852 ut
944 4814 1050 4854 non
1093 4801 1200 4855 sint
1225 4807 1455 4873 suscepti
1485 4808 1683 4874 nostri,
1718 4810 1811 4863 sed
1853 4813 2112 4870 advocati.

462 4945 481 4967 ‘
540 4885 724 4957 Neque
749 4887 850 4942 hoc
875 4890 926 4943 in
951 4904 1028 4956 se,
1058 4890 1150 4945 sed
1182 4891 1232 4945 in
1272 4892 1360 4947 illo
1392 4895 1475 4949 cui
1506 4899 1662 4968 capiti
1693 4900 1922 4969 perfecta
1950 4921 2115 4960 mem-

505 4977 635 5031 -bra
678 4976 1028 5034 cohaeserunt.
1068 4979 1160 5036 ille
1196 4991 1274 5037 est
1315 4984 1454 5039 enim
1494 5001 1617 5043 vere
1662 4992 1946 5050 advocatus
1982 5013 2115 5052 unus

545 5066 781 5138 (lJoan.
809 5084 864 5131 ll,
897 5071 920 5125 1
949 5071 984 5139 ),
1015 5073 1101 5142 qui
1131 5072 1430 5143 interpellat
1469 5093 1566 5148 pro
1603 5082 1752 5136 nobis
1773 5126 1788 5151 ,
1835 5087 2024 5143 sedens
2049 5090 2113 5144 ad

540 5156 810 5245 dexteram
840 5158 1011 5214 Patris
1032 5159 1203 5232 (Rom.
1227 5179 1335 5231 vin,
1362 5166 1450 5239 54)
1487 5185 1500 5222 :
1527 5170 1619 5224 sed
1647 5172 1930 5231 advocatus
1958 5193 2114 5245 unus,

542 5243 680 5303 sicut
697 5257 751 5304 et
775 5259 954 5319 pastor
982 5267 1136 5307 unus.
1159 5254 1288 5310 Nam
1310 5262 1713 5334 Oportet,inq'uit,
1733 5283 1809 5320 me
1832 5280 1876 5321 et
1897 5287 1979 5323 eas
2006 5243 2116 5328 oves

543 5338 810 5406 adducere,
839 5355 952 5411 quae
979 5359 1078 5396 non
1098 5355 1213 5399 sunt
1241 5346 1303 5401 de
1326 5351 1420 5403 hoc
1439 5352 1556 5406 ovili
1583 5360 1599 5424 (
1623 5354 1777 5410 Joan.
1806 5375 1860 5424 x,
1891 5359 2015 5432 16).
2049 5363 2116 5419 Ut

542 5428 782 5488 Christus
812 5438 1024 5501 pastor,
1055 5433 1243 5492 Petrus
1280 5453 1383 5494 non
1429 5443 1647 5512 pastor?
1686 5445 1797 5502 lmo
1836 5459 1890 5504 et
1929 5428 2116 5510 Petrus

606 5605 1036 5684 suigyprianusin
1061 5612 1184 5684 libro
1195 5615 1268 5684 _de
1292 5620 1448 5684 lapsis
1469 5635 1481 5684 ξ
1513 5639 1534 5667 α
1549 5625 1638 5683 sic,
1663 5627 1733 5677 sic
1745 5633 1880 5678 Casto
1899 5640 1948 5682 et
1967 5637 2117 5684 amn-

551 5684 572 5714 ι
596 5666 1178 5754 ιξὲζὲιιὶὲιιειιιξῗρρὲιὶιιυε
1193 5666 2117 5754 ignovit—:"sicin-priniaveoii'giessieiile

551 5748 576 5812 ξ
597 5727 1065 5812 victores
1086 5727 2118 5812 [τι.δοξυιιὰὗιιιῆῖιῖόῖξᾶίῖῖἇῖιῖίίιδ

553 5805 576 5839 ι
598 5791 791 5854 ignibus
814 5791 1004 5857 ﬁerent,
1028 5798 1109 5860 qui
1134 5800 1324 5861 ignibus
1347 5791 1804 5863 antecessissent-:1;

1731 399 1786 454 s.
1829 383 2186 448 AUGUSTINI
2229 384 2527 442 EPlSCOPI

3619 395 3763 451 1226

2178 509 2376 567 pastor,
2412 509 2466 554 et
2489 501 2666 557 caeteri
2698 502 2830 559 tales
2858 504 2984 560 sine"
3008 507 3111 562 ulla
3135 505 3468 565 dubitatione
3493 522 3758 581 pastores.

2175 591 2304 645 Nam
2341 591 2386 646 si
2426 607 2531 646 non
2562 603 2758 662 pastor,
2799 597 3068 666 quomodo
3093 598 3145 655 ei
3184 599 3395 666 dicitur,
3441 600 3606 656 Pasce
3645 621 3763 659 oves

2177 700 2312 739 meas
2341 683 2516 756 (Joan.
2538 687 2795 758 xxr,i7)?
2820 687 2924 744 Sed
2951 699 3122 746 tamen
3154 707 3313 747 verus
3333 703 3531 763 pastor,
3548 696 3639 765 qui
3671 712 3767 766 pa-

2179 777 2278 831 scit
2302 792 2428 834 oves
2469 795 2612 834 suas.
2659 782 2817 838 Petro
2856 785 2995 838 enim
3027 785 3226 841 dictum
3257 796 3377 852 est,
3419 804 3525 844 non
3548 831 3562 854 ,
3593 790 3764 846 Pasce

2179 882 2307 923 oves
2332 878 2481 935 tuas;
2513 872 2627 937 sed,
2658 889 2812 926 meas.
2844 873 3032 929 Petrus
3075 890 3200 946 ergo
3246 892 3351 931 non
3383 877 3435 932 ln
3471 893 3551 946 se,
3583 880 3675 934 sed
3708 881 3764 934 in

2181 973 2406 1027 corpore
2426 961 2651 1028 pastoris
2674 971 2756 1017 est
2782 973 2977 1033 pastor.
3000 964 3131 1019 Nam
3151 967 3192 1020 si
3214 981 3340 1022 oves
3355 981 3479 1022 suas
3499 979 3763 1039 pasceret,

2182 1052 2432 1106 continuo
2458 1053 2647 1108 tierent
2675 1053 2831 1121 haedi,
2862 1071 2995 1125 quos
3024 1067 3282 1126 pasceret.

2255 1141 2308 1196 6.
2349 1141 2510 1196 Extra
2550 1141 2829 1198 Ecclesium
2863 1163 2964 1200 non
2997 1163 3109 1202 oves
3147 1148 3351 1214 Christi,
3390 1150 3480 1205 sed
3513 1152 3646 1206 Ita-di
3672 1170 3768 1222 pa-

2185 1244 2390 1286 scuntur
2416 1249 2448 1286 a
2476 1234 2825 1288 schismaticis.
2864 1235 3243 1291 Donatistarum
3281 1255 3401 1293 vox.
3427 1240 3623 1295 Contra
3664 1243 3769 1297 hoc

2186 1324 2326 1376 enim
2358 1323 2500 1393 quod
2543 1325 2702 1380 Petro
2725 1325 2934 1390 dicitur,
2970 1327 3133 1382 Pasce
3154 1342 3265 1383 oves
3290 1346 3426 1384 meas
3448 1347 3468 1394 ,'
3495 1331 3688 1386 dicitur
3711 1334 3768 1387 in

2185 1413 2417 1470 Canticis
2469 1416 2818 1483 canticorum,
2871 1413 2990 1474 Nisi
3033 1423 3322 1491 cognoveris
3359 1424 3687 1493 temetipsum,
3736 1441 3771 1479 σ

2190 1504 2402 1574 pulchra
2430 1506 2559 1559 inter
2578 1507 2828 1562 mulieres.
2849 1506 2943 1563 Cui
2968 1509 3179 1576 dicitur,
3204 1511 3383 1582 utique
3407 1515 3765 1583 agnoscimus,

2189 1607 2240 1651 et
2272 1598 2322 1650 in
2345 1598 2431 1652 illa
2459 1613 2556 1654 nos
2579 1599 2738 1654 etiam
2761 1601 3022 1656 audimus.
3056 1603 3293 1658 Ecclesia
3320 1605 3514 1674 quippe
3540 1605 3642 1661 hoc
3667 1623 3771 1662 au-

2190 1687 2266 1742 dit
2291 1703 2319 1742 a
2351 1688 2562 1744 Christo
2582 1733 2596 1756 ,
2624 1705 2817 1760 sponsa
2842 1693 2988 1747 audit
3012 1709 3040 1747 a
3066 1709 3263 1764 sponso
3292 1714 3305 1748 :
3337 1695 3456 1750 Nisi
3481 1701 3773 1769 cognoveris

2192 1781 2516 1851 temetipsum,
2549 1799 2578 1835 ο
2608 1782 2822 1852 pulchra
2859 1785 2986 1839 inter
3031 1787 3280 1854 mulieres,
3326 1789 3407 1840 exi
3429 1797 3482 1842 tu
3514 1790 3700 1859 (Cant.
3729 1809 3771 1856 ι,

2191 1869 2266 1943 7).
2309 1871 2473 1939 Quam
2506 1875 2639 1927 mala
2671 1890 2770 1929 vox
2792 1917 2806 1938 ,
2841 1874 2959 1930 Exi.
2992 1879 3034 1930 A
3075 1879 3237 1945 nobis,
3270 1881 3474 1951 inquit,
3509 1885 3772 1950 exierunt,

2192 1963 2280 2015 scil
2301 1979 2398 2016 non
2425 1973 2568 2017 erant
2593 1982 2656 2019 ea:
2675 1966 2814 2019 nobis
2839 1966 2882 2035 (l
2905 1967 3060 2022 Joun.
3085 1986 3142 2037 ιι,
3171 1970 3280 2044 l9).
3313 1973 3446 2028 Huic
3476 1976 3609 2030 tristi
3632 1978 3772 2042 voci,

2193 2053 2332 2120 quod
2363 2061 2461 2119 est,
2493 2053 2610 2120 Exi,
2638 2059 2900 2112 contraria
2930 2069 3010 2114 est
3040 2060 3091 2114 in
3129 2062 3269 2116 bono
3294 2063 3383 2118 illa
3415 2081 3512 2120 vox
3538 2069 3776 2136 gratula-

2195 2146 2333 2209 bilis,
2376 2145 2523 2199 Intra
2551 2147 2602 2201 in
2639 2150 2878 2219 gaudium
2916 2151 3126 2206 Domini
3153 2157 3225 2208 lui
3255 2155 3466 2222 (Matth.
3499 2175 3626 2223 xxv,
3659 2160 3777 2230 2|).

2197 2238 2354 2306 Ergo,
2389 2237 2503 2292 Nisi
2527 2243 2811 2312 cognoveris
2841 2246 3169 2314 temetipsum,
3201 2263 3231 2300 ο
3265 2247 3478 2316 pulcltra
3505 2250 3632 2303 inter
3659 2269 3776 2304 mu-

2198 2331 2360 2395 lieres,
2389 2345 2421 2384 ο
2449 2332 2708 2388 catholica
2740 2335 2954 2402 pulchra
2983 2337 3121 2392 inter
3164 2337 3395 2394 hmreses
3424 2357 3436 2393 :
3467 2343 3565 2395 nisi
3589 2359 3779 2412 cogno-

2197 2423 2323 2485 veris
2350 2423 2677 2491 temetipsum,
2711 2441 2740 2478 ο
2766 2427 2975 2493 pulchra
3001 2428 3132 2482 inter
3157 2432 3405 2494 mulieres,
3437 2435 3517 2486 exi
3547 2443 3635 2500 tu;
3671 2448 3780 2489 non

2199 2513 2339 2566 enim
2369 2530 2466 2583 ego
2497 2524 2547 2569 te
2569 2515 2741 2586 ejicio,
2766 2519 2857 2574 sed
2871 2520 2967 2573 ἐπὶ
2991 2530 3063 2574 tu.
3092 2523 3135 2575 A
3167 2521 3320 2577 nobis
3339 2525 3480 2579 enim
3507 2527 3782 2591 exierunt,

2200 2604 2286 2669 qui
2311 2617 2570 2677 segregant
2595 2609 2904 2680 semetipsos,
2937 2613 3198 2678 animales,
3226 2617 3454 2685 spiritum
3475 2635 3574 2672 non
3596 2619 3788 2673 haben-

2201 2702 2271 2746 tes
2293 2693 2465 2762 (Judte
2499 2697 2604 2768 19).
2634 2698 2748 2752 Νοιι
2781 2701 2920 2754 enim
2948 2703 3143 2758 dictum
3168 2715 3268 2773 est,
3297 2707 3458 2776 Ejecti
3481 2719 3630 2774 sunt;
3662 2711 3785 2774 sed,

2205 2783 2467 2839 Exierunt.
2499 2787 2610 2843 lloc
2644 2798 2696 2843 et
2723 2791 2772 2844 in
2807 2793 2988 2860 primis
3015 2797 3358 2864 peccantibus
3380 2799 3581 2868 justitia
3607 2800 3789 2855 divina

2205 2879 2452 2932 servavit.
2477 2880 2745 2951 Tanquam
2768 2884 2911 2939 enim
2935 2885 3043 2951 jam
3072 2902 3267 2956 pronos
3295 2891 3507 2958 proprio
3528 2891 3787 2960 pondere,

2204 2968 2405 3024 dimisit
2431 2986 2524 3026 eos
2550 2972 2616 3026 de
2645 2974 2908 3043 paradiso,
2933 2992 3036 3031 non
3075 2980 3295 3033 exclusit
3323 2981 3340 3050 (
3366 2978 3492 3035 Gen.
3530 2997 3607 3048 ιιι,
3650 2982 3722 3037 25
3742 2983 3789 3053 ).

2209 3060 2328 3115 Nisi
2349 3078 2476 3133 ergo
2496 3066 2780 3136 cognoveris
2807 3071 3139 3138 temetipsum,
3164 3086 3193 3124 ο
3215 3072 3426 3140 pulchra
3451 3073 3582 3127 inter
3603 3075 3793 3128 mulie-

2207 3169 2306 3219 res,
2335 3155 2416 3208 επὶ
2435 3164 2487 3208 tu
2517 3171 2535 3209 :
2561 3171 2663 3210 non
2691 3173 2790 3228 ego
2817 3167 2867 3213 te
2895 3160 3069 3228 ejicio,
3099 3162 3178 3214 exi
3205 3171 3277 3215 tu.
3311 3163 3422 3233 Ego
3443 3173 3494 3218 te
3520 3165 3574 3218 in
3601 3180 3797 3234 corpo-

2208 3261 2268 3300 re
2299 3261 2419 3302 meo
2444 3247 2565 3301 volo
2600 3250 2795 3315 sanari,
2831 3260 2884 3304 tu
2908 3252 3238 3321 putredinem
3269 3263 3408 3308 tuam
3442 3257 3648 3325 appetis
3677 3272 3796 3311 am-

2209 3338 2402 3406 putari.
2433 3337 2544 3392 Hoc
2588 3339 2691 3393 illis
2727 3340 2925 3395 dictum
2956 3352 3067 3406 est,
3099 3344 3188 3413 qui
3220 3345 3644 3414 prtevidebantur
3695 3363 3797 3403 ex-

2213 3427 2358 3494 ituri,
2381 3437 2439 3481 ut
2455 3429 2658 3498 possint
2685 3445 2744 3485 se
2763 3446 3053 3501 agnoscere
3071 3444 3121 3488 et
3151 3450 3338 3491 cavere
3363 3437 3617 3492 mansuri.
3644 3438 3796 3504 Qua-

2213 3532 2270 3571 re
2299 3518 2440 3571 enim
2465 3529 2514 3573 et
2549 3519 2620 3574 illi
2647 3521 2907 3586 exierunt,
2936 3523 3036 3578 nisi
3058 3525 3177 3594 quia
3205 3540 3264 3580 se
3295 3541 3402 3580 non
3429 3530 3798 3596 agnoverunt?

2213 3607 2270 3662 Si
2299 3609 2439 3663 enim
2469 3621 2833 3680 agnoscerent,
2864 3613 2932 3668 ibi
2971 3615 3212 3670 viderent
3241 3632 3344 3671 non
3371 3632 3545 3684 suum,
3578 3619 3670 3672 sed
3701 3619 3797 3673 Dei

2213 3714 2332 3754 esse
2351 3701 2491 3770 quod
2520 3701 2727 3756 darent.
2754 3704 2864 3774 Ego
2881 3704 2950 3758 do
2973 3723 2986 3758 :
3012 3721 3186 3760 meum
3207 3717 3288 3762 est
3309 3708 3449 3778 quod
3473 3709 3574 3774 do;
3598 3717 3652 3765 et
3673 3709 3796 3765 idco

2213 3802 2450 3848 sanctum
2477 3803 2591 3860 est,
2640 3795 2760 3865 quia
2789 3810 2889 3867 ego
2933 3798 3021 3852 do.
3066 3799 3179 3854 Non
3219 3808 3270 3855 te
3295 3802 3574 3870 agnovisti,
3604 3803 3799 3856 merito

2213 3887 2387 3941 existi.
2419 3886 2640 3943 Noluisti
2668 3890 2808 3944 enim
2845 3890 3028 3946 audire
3053 3891 3334 3956 dicentem,
3368 3891 3488 3946 Nisi
3510 3896 3800 3964 cognoveris

2214 3979 2521 4047 temetipsum
2542 4021 2555 4046 ,
2585 3996 2613 4033 ο
2635 3981 2845 4049 pulchra
2865 3982 2995 4036 inter
3014 3983 3266 4037 mulieres.
3289 3985 3514 4039 Pulchra
3536 3987 3675 4040 enim
3694 3987 3798 4040 ali-

2214 4071 2426 4140 quando
2455 4087 2595 4136 eras,
2632 4075 2841 4142 quando
2882 4077 3060 4144 sponsi
3091 4077 3166 4130 tui
3195 4077 3447 4132 membris
3474 4078 3795 4133 inlnrrebas.

2215 4163 2438 4219 Noluisti
2461 4181 2586 4235 ergo
2613 4168 2795 4222 audire
2820 4177 2874 4222 et
2899 4169 3199 4238 appendere
3223 4169 3346 4240 quid
3363 4171 3448 4236 sit,
3474 4169 3593 4222 Nisi
3608 4187 3801 4240 cogno-

2215 4255 2342 4308 veris
2373 4257 2681 4327 temetipsum
2711 4273 2728 4311 :
2757 4262 2877 4327 quia
2904 4260 3084 4329 utique
3113 4261 3308 4316 foedum
3341 4272 3388 4316 te
3417 4262 3636 4327 invenit,
3670 4265 3798 4332 quia

2216 4345 2282 4400 de
2308 4346 2446 4402 fmda
2471 4347 2741 4416 pulchram
2769 4349 2912 4414 fecit,
2944 4352 3063 4419 quia
3085 4351 3151 4405 de
3177 4352 3322 4422 nigra
3350 4352 3631 4406 dealbavit.
3659 4354 3802 4416 Quid

2216 4440 2347 4491 enim
2373 4439 2522 4494 habes
2547 4442 2680 4507 quod
2712 4457 2809 4494 non
2835 4443 3066 4510 accepisti
3091 4443 3133 4510 (l
3161 4441 3275 4497 Cor.
3308 4459 3374 4505 IV,
3409 4443 3501 4510 7)?
3526 4443 3638 4497 Non
3669 4460 3800 4513 ergo

2217 4529 2448 4584 advertis
2471 4531 2915 4600 quemadmodum
2941 4532 3138 4586 dictum
3164 4533 3250 4599 sit,
3279 4531 3395 4586 Nisi
3413 4535 3702 4603 cognoveris
3723 4544 3799 4586 te-

2217 4622 2512 4690 metipsum,
2546 4623 2625 4675 exi
2653 4633 2726 4676 tu.
2762 4623 2827 4676 Et
2862 4625 3055 4692 putasti
3093 4635 3140 4678 te
3180 4639 3398 4693 pascere
3437 4625 3632 4680 debere
3669 4641 3801 4680 oves

2220 4720 2353 4778 tuas,
2381 4725 2486 4764 non
2507 4712 2771 4781 quomodo
2791 4712 2986 4767 dictum
3014 4725 3096 4768 est
3120 4714 3299 4779 Petro,
3327 4713 3490 4768 Pasce
3508 4732 3620 4769 oves
3641 4732 3796 4768 meus.

2218 4799 2324 4856 Sed
2353 4801 2472 4857 vide
2496 4802 2622 4872 quid
2655 4804 2744 4856 tibi
2772 4804 3070 4872 adjunxerit
3089 4847 3101 4871 ,
3132 4807 3258 4875 quid
3290 4807 3380 4860 tibi
3399 4807 3497 4860 ista
3520 4807 3798 4876 przcdixit:

2219 4893 2321 4948 Exi
2362 4903 2418 4947 tu
2457 4896 2510 4948 in
2548 4897 2764 4967 vestigiis
2793 4914 3030 4967 gregum;
3059 4913 3161 4952 non
3193 4900 3397 4967 gregis,
3432 4899 3524 4953 sed
3569 4917 3797 4970 gregum.

2219 4987 2348 5042 Nam
2380 4987 2450 5042 ibi
2480 4999 2768 5058 pascuntur
2791 5005 2921 5045 oves
2949 4991 3143 5045 Christi
3165 5034 3191 5053 ,ι
3210 4991 3296 5045 ubi
3327 5003 3408 5046 est
3440 5008 3574 5047 unus
3598 5009 3724 5062 grex
3749 5002 3803 5046 et

2219 5094 2355 5134 unus
2383 5089 2580 5150 pastor.
2611 5078 2714 5134 Exi
2736 5096 2862 5151 ergo
2887 5091 2940 5135 tu
2969 5083 3020 5136 in
3049 5084 3267 5154 vestigiis
3302 5100 3530 5154 gregum,
3558 5083 3800 5137 ditisibi-

2219 5173 2303 5240 lis,
2325 5173 2510 5239 divisa,
2535 5176 2832 5240 conscissa;
2856 5176 2937 5229 exi
2959 5185 3012 5228 tu
3034 5177 3085 5228 in
3103 5177 3319 5246 vestigiis
3337 5193 3543 5247 gregum
3559 5186 3634 5230 :et
3650 5192 3801 5246 pasce

2221 5264 2391 5319 haedos
2421 5275 2567 5331 tuos;
2599 5281 2705 5321 non
2745 5267 2880 5321 sicut
2905 5268 3125 5334 Petrus,
3153 5286 3267 5323 oves
3296 5285 3461 5336 meus,
3494 5269 3591 5324 sed
3628 5268 3804 5323 bardos

2221 5365 2330 5412 tuos
2356 5374 2375 5412 :
2404 5358 2457 5410 in
2503 5358 2833 5414 tabernaculis
2875 5371 3151 5431 pastorum,
3200 5377 3304 5416 non
3356 5365 3408 5415 in
3460 5363 3804 5417 tabernaculo

2223 5449 2466 5517 pastoris.
2495 5449 2683 5504 Petrus
2706 5450 2867 5504 intrat
2895 5451 3172 5516 eharitate,
3204 5462 3260 5508 tu
3280 5454 3394 5508 exis
3423 5455 3799 5509 animositate:

2221 5538 2342 5609 quia
2372 5539 2560 5595 Petrus
2585 5542 2831 5610 cognovit
2857 5545 3223 5614 semetipsum,
3245 5544 3364 5600 ideo
3387 5561 3446 5600 se
3473 5545 3620 5601 ﬂevit
3648 5546 3717 5601 de
3743 5561 3804 5602 se

2220 5641 2649 5702 prmsumentem,
2682 5643 2734 5688 et
2782 5634 3019 5690 invenire
3048 5637 3242 5691 meruit
3265 5636 3604 5706 adjuvantem
3637 5655 3650 5690 :
3680 5637 3803 5693 ideo

2221 5724 2302 5776 e.ri
2328 5733 2398 5776 tu.
2428 5722 2521 5778 ille
2547 5740 2658 5777 oves
2698 5741 2831 5778 meas
2852 5767 2865 5790 ,
2899 5733 2954 5780 tu
2984 5727 3152 5780 Iuedos
3186 5735 3318 5781 tuos.
3352 5727 3442 5782 llle
3470 5729 3521 5782 in
3555 5728 3806 5783 taberna-

2222 5815 2342 5870 culo
2369 5816 2622 5884 pastoris,
2657 5825 2708 5873 tu
2749 5817 2797 5872 in
2830 5816 3162 5874 tabernaculis
3197 5827 3474 5890 pastorum.
3507 5819 3642 5887 Quid
3673 5833 3804 5887 ergo
