4102 6326
341 295 478 350 1⁸197

337 412 507 480 jactas
539 422 748 480 pmnam
789 416 930 462 tuam
959 406 1151 461 malam
1174 446 1187 472 ,
1217 417 1334 475 quae
1368 415 1475 456 non
1511 397 1677 452 lnbcs
1709 407 1922 451 causam

342 504 536 558 bonam
556 501 580 554 ?

413 595 467 647 7.
511 592 764 664 Martyres
785 592 836 645 in
861 590 1097 645 Ecclesia:
1120 588 1308 641 unitate
1332 585 1634 641 honorandi.
1667 583 1925 653 Martyres

341 689 518 754 itaque
553 686 695 740 intus
743 684 1065 739 honoremus
1103 682 1154 735 in
1198 680 1536 736 tabernaculo
1579 677 1837 750 pastoris,
1871 675 1926 729 in

341 775 596 831 membris
623 776 878 845 pastoris,
906 774 1160 829 habentes
1192 773 1436 842 gratiam,
1479 787 1584 826 non
1613 769 1922 833 audaciam;

343 870 614 938 pietatem,
646 883 752 921 non
794 867 1174 932 temeritatem;
1201 863 1575 931 constantiam,
1616 877 1721 917 non
1761 860 1927 931 perti-

341 963 584 1027 naciam;
626 959 1032 1024 collectionem,
1077 974 1182 1012 non
1225 956 1560 1012 divisionem.
1610 952 1843 1009 Proinde
1880 951 1926 1007 si

339 1051 498 1106 vultis
525 1059 787 1124 martyres
828 1065 984 1106 veros
1030 1047 1255 1111 imitari,
1281 1061 1496 1102 causam
1527 1044 1676 1098 vobis
1711 1042 1922 1113 eligite,

340 1151 399 1197 ut
430 1144 617 1198 dicatis
650 1142 878 1197 Domino
914 1160 926 1196 :
959 1141 1146 1195 Judica
1184 1157 1296 1205 me,
1339 1138 1586 1200 Domine,
1627 1145 1673 1190 et
1702 1135 1927 1189 discerne

338 1250 545 1288 causam
567 1250 729 1286 meam
757 1250 788 1286 a
815 1242 957 1304 gente
979 1249 1078 1286 non
1104 1239 1278 1285 sancta
1309 1227 1490 1300 (Psal.
1522 1243 1650 1293 xui,
1680 1227 1704 1280 1
1731 1224 1773 1296 ).
1802 1225 1924 1282 Dis-

340 1341 501 1380 cerne
522 1368 537 1392 ,
575 1340 681 1378 non
724 1339 937 1395 prunam
972 1337 1184 1387 meam;
1217 1335 1338 1374 nam
1369 1319 1529 1374 habet
1554 1317 1692 1372 hanc
1717 1324 1771 1373 et
1794 1330 1926 1387 gens

339 1433 445 1472 non
475 1426 688 1481 sancta;
717 1415 810 1470 scd
839 1429 1052 1469 causam
1081 1427 1254 1467 meam
1275 1453 1290 1478 ,
1315 1425 1473 1482 quam
1505 1421 1609 1463 non
1638 1408 1799 1463 habet
1825 1408 1925 1462 nisi

337 1523 470 1577 gens
486 1517 686 1562 sancta.
703 1507 928 1561 Causam
951 1519 1079 1574 ergo
1095 1502 1245 1558 vobis
1269 1502 1464 1572 eligite,
1492 1515 1705 1556 causam
1732 1499 1924 1554 bonam

336 1609 392 1652 et
412 1598 610 1667 justam
637 1606 844 1663 tenete,
881 1605 934 1650 et
963 1595 1013 1649 in
1039 1594 1304 1664 adjutorio
1327 1592 1537 1646 Domini
1574 1591 1772 1645 nullam
1815 1604 1930 1660 poc-

337 1705 463 1746 nam
491 1690 691 1746 timete.
716 1688 974 1745 Conversi
1002 1687 1068 1742 ad
1098 1687 1399 1753 Dominum,
1426 1693 1530 1741 etc.

731 1802 964 1859 SERMO
1001 1799 1351 1858 CCLXXXVI
1372 1803 1390 1823 ⁶
1437 1798 1536 1872 (a).

554 1921 608 1964 In
628 1912 778 1966 Natali
797 1920 1060 1978 martyrum
1076 1913 1272 1963 Protasii
1308 1917 1360 1961 et
1381 1911 1592 1962 Gervasii
1618 1908 1708 1973 (b).

413 2019 636 2075 CAPUT
703 2017 989 2074 PRIMUM.
1035 2048 1105 2057 —
1153 2018 1205 2071 L
1259 2014 1510 2085 Martyres
1556 2029 1752 2084 graece,
1804 2010 1925 2065 luti-

341 2129 405 2166 ne
459 2110 649 2167 Testes.
692 2109 852 2163 Testis
883 2108 1066 2163 Christi
1094 2123 1252 2177 usque
1287 2105 1356 2159 ad
1391 2114 1601 2158 mortem
1628 2119 1729 2157 non
1767 2104 1930 2157 onmis

339 2203 429 2272 qui
465 2203 520 2257 in
545 2218 657 2257 eum
680 2200 856 2255 credit.
891 2198 1211 2255 Credentium
1246 2204 1345 2250 tres
1382 2198 1590 2266 gradus.
1635 2194 1925 2264 Martyres,

288 2355 291 2358 ⁴
343 2309 540 2350 nomen
570 2301 652 2349 est
679 2307 933 2364 grzecum,
964 2290 1059 2346 sed
1089 2290 1199 2360 jam
1227 2289 1330 2343 isto
1361 2288 1573 2342 nomine
1602 2285 1940 2342 consuetudo.»

344 2384 510 2438 utitur
536 2399 632 2453 pro
654 2383 818 2436 latino
848 2400 862 2434 :
893 2382 1054 2435 latine
1090 2389 1266 2434 autem
1294 2379 1482 2433 Testes
1504 2377 1772 2432 dicuntur.
1796 2375 1931 2432 Sunt

343 2490 476 2546 ergo
502 2483 764 2546 martyres
798 2474 942 2539 veri,
971 2481 1096 2526 sunt
1125 2469 1238 2525 falsi
1273 2487 1284 2523 :
1311 2469 1430 2538 quia
1453 2478 1577 2523 sunt
1603 2476 1767 2522 testes
1795 2467 1928 2532 veri,

343 2575 470 2621 sunt
495 2564 634 2619 falsi.
665 2564 770 2619 Sed
799 2565 873 2618 ait
897 2563 1170 2631 Scriptura
1193 2602 1207 2627 ,
1237 2559 1398 2614 Testis
1418 2558 1578 2628 falsus
1598 2574 1699 2612 non
1719 2557 1811 2611 erit
1830 2557 1928 2610 im-

345 2657 549 2728 punitus
575 2655 756 2727 (Prov.
786 2654 999 2719 xtx,5et
1012 2651 1088 2724 9).
1115 2652 1170 2708 Si
1201 2652 1350 2706 testis
1379 2649 1545 2705 falsus
1565 2665 1671 2703 non
1697 2647 1798 2705 erit
1816 2649 1932 2702 sine

343 2763 525 2817 pmna,
558 2761 659 2800 nec
690 2745 838 2800 testis
868 2759 1024 2799 verus
1053 2744 1169 2799 sine
1194 2757 1408 2798 corona.
1442 2742 1510 2795 Et
1533 2739 1685 2795 facile
1713 2739 1928 2810 quidem

341 2839 466 2905 fuit,
494 2839 719 2894 Domino
743 2837 868 2892 Jesu
901 2837 1112 2891 Christo
1149 2845 1204 2890 et
1227 2835 1455 2898 veritati,
1483 2833 1605 2903 quia
1647 2833 1785 2887 Deus
1810 2841 1889 2886 est
1913 2873 1927 2897 ,

342 2930 707 2986 testimonium
740 2928 1056 2999 perhibere;
1103 2927 1196 2980 sed
1226 2940 1394 2994 usque
1430 2925 1496 2980 ad
1527 2932 1748 2978 mortem
1771 2965 1784 2989 ,
1812 2938 1930 2977 ma-

339 3036 509 3091 gnum
553 3035 687 3090 opus
724 3019 840 3074 fuit.
891 3018 1125 3072 Fuerunt
1150 3016 1396 3086 quidam,
1429 3031 1562 3085 quos
1590 3014 1931 3084 Evangelinm

342 3126 515 3180 notat,
545 3115 812 3184 principes
840 3112 1164 3174 Judmorum,
1187 3113 1273 3180 qui
1303 3108 1640 3163 crediderant
1669 3107 1720 3160 in
1747 3107 1933 3161 Domi-

341 3222 475 3262 num
504 3205 686 3261 Jesum
715 3222 727 3258 :
758 3203 850 3258 sed
888 3211 1107 3273 prOpter
1138 3199 1383 3266 Judaeos,
1426 3198 1612 3267 inquit,
1637 3212 1741 3252 non
1771 3197 1934 3251 aude-

339 3300 475 3354 bant
493 3296 703 3367 publice
727 3293 990 3350 confiteri.
1017 3293 1085 3346 Et
1106 3294 1359 3345 continuo
1387 3299 1507 3343 nota
1528 3289 1703 3343 addita
1735 3298 1818 3344 est
1839 3304 1930 3343 ca-

343 3392 444 3462 piti
467 3392 517 3456 ¹;
557 3397 770 3444 secutus
797 3387 937 3442 enim
960 3386 1034 3440 ait
1055 3384 1391 3452 Evangelista
1411 3424 1424 3446 ,
1464 3381 1769 3436 Amaverunt
1801 3384 1933 3434 enim

343 3483 606 3537 hominum
631 3481 845 3551 gloriam
868 3477 1026 3546 magis
1045 3491 1196 3545 quam
1221 3475 1312 3528 Dei
1337 3474 1512 3544 (Joan.
1534 3489 1626 3538 xu,
1651 3472 1760 3544 45).
1791 3472 1930 3529 Fuc-

344 3581 475 3627 runt
517 3586 643 3640 ergo
687 3569 778 3640 qui
823 3569 1198 3622 erubescerent
1227 3579 1406 3618 coram
1437 3564 1740 3619 hominibus
1766 3564 1933 3619 conﬁ-

346 3667 448 3720 teri
475 3663 740 3718 Christnm
769 3679 780 3714 :
810 3660 1022 3714 fuerunt
1039 3674 1167 3713 vero
1189 3657 1277 3712 alii
1295 3657 1402 3726 jam
1423 3657 1692 3721 meliores,
1716 3656 1802 3726 qui
1825 3672 1930 3709 non

346 3758 727 3813 erubescerent
746 3769 924 3808 coram
949 3751 1250 3807 hominibus
1268 3749 1508 3810 conﬁteri
1528 3747 1812 3812 Christum,
1837 3746 1931 3802 Sed

348 3864 459 3902 non
501 3862 622 3901 cum
666 3854 880 3915 possent
916 3841 1158 3898 confiteri
1197 3854 1365 3910 usque
1393 3839 1458 3893 ad
1497 3848 1742 3893 mortem.
1787 3840 1931 3894 Dona

349 3941 496 3995 enim
533 3939 627 3993 Dei
663 3946 785 3992 sunt
815 3936 926 3991 lucc
953 3953 964 3988 :
993 3942 1049 3989 et
1074 3931 1358 4003 aliquando
1384 3930 1643 4002 gradatim
1669 3931 1722 3985 in
1756 3932 1931 3986 anima

311 4095 314 4098 ,
349 4034 672 4088 nutriuntur.

421 4123 650 4179 CAPUT
691 4122 815 4176 ll.——
833 4119 1104 4190 Attendite
1149 4118 1315 4188 prius,
1361 4126 1414 4172 et
1457 4117 1586 4172 istos
1633 4124 1743 4172 tres
1771 4124 1932 4172 testes

349 4222 657 4284 comparate
682 4213 819 4267 inter
845 4227 902 4266 se
923 4230 937 4242 ·
963 4225 1128 4264 unum
1168 4209 1256 4278 qui
1286 4207 1455 4262 credit
1480 4208 1530 4261 in
1557 4206 1849 4272 Christum,
1876 4214 1933 4261 et

350 4307 438 4359 vix
485 4303 671 4358 timide
713 4309 952 4356 susurrat
981 4299 1283 4364 Christum;
1325 4298 1489 4352 alium
1530 4298 1619 4368 qui
1669 4298 1838 4352 credit
1877 4297 1930 4352 in

349 4395 617 4449 Christum
642 4435 654 4458 ,
702 4405 753 4447 et
799 4391 1008 4462 publice
1037 4389 1319 4445 conﬁtetur
1361 4387 1668 4454 Christum;
1720 4389 1930 4443 tertium

349 4493 444 4562 qui.
478 4491 648 4546 credit
677 4490 730 4544 in
756 4488 1046 4554 Christum,
1091 4493 1147 4541 et
1169 4493 1386 4557 paratus
1412 4493 1494 4540 est
1521 4485 1575 4539 in
1600 4499 1695 4538 sua
1718 4481 1931 4538 confes-

350 4584 500 4638 sione
526 4580 662 4636 mori
691 4596 786 4650 pro
805 4579 1036 4634 Christo.
1062 4577 1218 4633 Prior
1243 4576 1332 4631 ille
1357 4586 1462 4632 tam
1487 4574 1727 4631 inﬁrmus
1749 4581 1848 4637 est,
1872 4582 1932 4630 ut

351 4673 522 4741 pudor
547 4687 668 4726 eum
694 4671 899 4734 vincat,
934 4685 1039 4724 non
1086 4670 1244 4723 timor
1276 4685 1290 4722 :
1329 4667 1592 4722 secundus
1617 4666 1726 4736 jam
1772 4665 1932 4720 habet

352 4765 558 4816 tirmam
585 4760 809 4814 frontem
830 4800 846 4826 ,
873 4759 966 4814 sed
1003 4759 1237 4814 nondum
1267 4773 1435 4828 usque
1476 4758 1543 4812 ad
1575 4758 1885 4828 sanguinem
1913 4776 1926 4812 :

353 4852 541 4906 tertius
570 4859 735 4906 totum
759 4852 778 4882 ³
800 4889 814 4914 ,
848 4858 906 4904 ιιι
938 4850 1066 4904 nihil
1104 4850 1173 4903 sit
1195 4851 1420 4918 amplius
1445 4849 1582 4918 quod
1613 4859 1798 4906 restet.
1829 4850 1931 4904 lm-

352 4943 461 5011 plet
490 4942 631 4997 enim
666 4939 807 5010 quod
843 4939 1094 5009 scriptum
1123 4947 1225 5005 est,
1254 4937 1399 4992 Certa
1432 4954 1523 5009 pro
1547 4939 1753 4994 veritate
1775 4932 1932 5009 usque

348 5035 419 5086 ad
445 5042 648 5087 mortem
675 5030 860 5104 (Eccli.
891 5047 962 5094 IV,
987 5029 1099 5102 55).

421 5126 476 5179 2.
524 5125 706 5180 Pctrus
730 5133 847 5177 ante
885 5131 1093 5176 mortem
1116 5121 1325 5176 Domini
1357 5122 1604 5191 inﬁrmior
1631 5122 1933 5193 martyribus

352 5235 412 5271 ac
449 5217 628 5288 puellis
664 5214 982 5286 quibusdam.
1026 5212 1207 5268 Petrus
1243 5215 1396 5267 vitam
1430 5213 1658 5284 negando
1699 5214 1930 5270 moritur.

419 5375 435 5404 ί
473 5381 594 5430 vox,
620 5366 799 5435 capiti,
811 5380 908 5417 non
929 5369 986 5435 ιιι
1003 5367 1225 5435 omnibus
1245 5367 1377 5417 inest
1395 5373 1500 5417 Mss.

417 5435 437 5464 ³
469 5425 691 5489 sonandi;
717 5425 857 5480 habet
871 5466 885 5488 ,
908 5429 1009 5485 vel,
1028 5425 1206 5490 implet.

394 5487 750 5544 MrEmendatus
791 5492 851 5541 ad
873 5487 936 5541 el.
975 5490 1023 5539 d.
1057 5487 1133 5554 gr.
1160 5505 1201 5539 r.
1225 5496 1260 5539 t.
1282 5499 1376 5540 vat.
1402 5504 1449 5538 v.
1486 5495 1536 5538 et
1569 5488 1627 5537 ad
1668 5487 1804 5538 Ulim.
1831 5496 1930 5539 Par.

353 5563 460 5606 Inv.

419 5620 493 5678 (u)
529 5617 666 5674 Alias,
688 5617 752 5667 de
775 5615 985 5666 Diversis
1005 5615 1085 5664 59.

418 5673 488 5740 (b)
523 5687 588 5727 ne.
613 5673 685 5727 his
721 5677 1151 5740 Mediolancrisibus
1172 5675 1461 5740 martyribus
1496 5675 1543 5740 in
1577 5673 1933 5737 Cartltagiueusi

354 5737 624 5792 calendario
651 5748 700 5791 ct
719 5744 766 5790 in
789 5738 1135 5801 martyrologiis
1163 5737 1242 5788 die
1263 5739 1384 5800 junii
1406 5737 1591 5787 decima
1616 5749 1755 5786 nona.

1606 293 1612 298 ‘
1671 277 1900 335 SERMO
1939 275 2110 333 CCLX
2124 280 2307 338 XXVI.

3479 293 3616 351 1298

2030 393 2107 450 De
2135 396 2293 453 Petro
2318 399 2444 468 quid
2466 399 2726 458 dicinms?
2762 399 3078 460 Prmdicavit
3105 403 3395 475 Christum,
3423 408 3615 464 missus

2033 493 2134 551 est,
2161 491 2543 558 evangelizavit
2565 493 2736 550 adhuc
2768 503 2892 551 ante
2920 497 3124 550 Domini
3160 497 3479 567 passionem.
3511 499 3616 554 No-

2032 576 2207 634 vimus
2241 579 2381 634 enim
2413 583 2602 639 missos
2633 585 2936 655 Apostolus,
2967 595 3026 642 ut
3051 588 3394 659 Evangelium
3420 590 3617 661 praadi-

2033 676 2217 722 carent
2241 687 2258 723 :
2284 672 2479 729 missus
2505 683 2620 743 est,
2663 685 2718 733 et
2763 678 3082 748 praedicavit.
3115 680 3380 749 Quantum
3418 683 3618 738 vicerat

2031 757 2151 812 illos
2193 758 2428 827 Iudaeos,
2458 765 2546 834 qui
2572 768 2829 823 timebant
2857 771 3065 838 publice
3092 771 3374 828 confiteri?
3399 773 3505 830 Sed
3536 783 3617 829 ta-

2032 865 2153 905 men
2181 851 2354 908 adhuc
2375 870 2479 910 non
2505 866 2618 913 erat
2646 860 2833 915 similis
2853 861 3094 917 Protasio
3114 873 3168 919 et
3192 861 3467 921 Cervasio.
3498 867 3615 922 Jam

2031 944 2301 1010 apostolus
2326 955 2470 1013 erat,
2502 950 2705 1018 primus
2748 962 2862 1008 erat
2881 996 2896 1018 ,
2926 955 3150 1009 Domino
3179 957 3500 1013 cohaerebat.
3534 960 3621 1012 Di-

2032 1044 2175 1091 ctum
2199 1037 2273 1092 illi
2299 1049 2432 1108 erat,
2459 1041 2535 1095 Tu
2560 1060 2610 1098 es
2634 1043 2821 1100 Petrus
2847 1046 3057 1119 (Matth.
3083 1065 3188 1114 xvt,
3213 1051 3302 1122 l8)
3330 1069 3343 1103 :
3368 1048 3461 1106 scd
3488 1068 3620 1106 non-

2030 1126 2157 1182 dum
2183 1137 2299 1185 erat
2322 1131 2594 1188 Protasius
2621 1143 2712 1189 aut
2749 1136 3031 1194 Gcrvasius
3049 1182 3063 1206 ,
3096 1141 3329 1195 nondum
3357 1151 3467 1197 erat
3497 1144 3618 1197 Ste-

2032 1217 2257 1287 phanus,
2289 1223 2519 1278 nondum
2540 1234 2654 1279 erat
2679 1226 3025 1285 Nemesianus
3045 1231 3061 1262 ¹
3088 1247 3220 1304 puer
3247 1230 3357 1304 (a);
3384 1233 3618 1287 nondum

2033 1309 2134 1363 hoc
2148 1321 2262 1365 erat
2282 1312 2470 1368 Petrus
2490 1331 2503 1380 ;
2525 1315 2761 1371 nomium
2785 1330 2900 1374 erat
2917 1321 3056 1390 quod
3084 1322 3337 1378 mulieres
3354 1324 3619 1394 quaedam,

2030 1399 2170 1468 quod
2200 1403 2425 1470 puellae,
2455 1404 2596 1474 quod
2643 1405 2916 1477 CriSpina,
2959 1411 3099 1480 quod
3142 1412 3354 1482 Agnes;
3383 1413 3621 1469 nondum

2033 1498 2148 1543 erat
2176 1490 2386 1559 Petrus,
2417 1496 2557 1564 quod
2585 1497 2804 1552 istarum
2837 1499 3115 1555 muliebris
3142 1502 3440 1560 infirmitas.

2103 1581 2328 1640 CAPUT
2367 1586 2741 1645 lll.—-Laudo
2773 1591 2989 1646 Petrum
3016 1611 3030 1646 :
3062 1595 3156 1649 sed
3187 1597 3330 1665 prius
3362 1599 3624 1656 οηιὴρεοιι

2033 1689 2129 1743 pro
2156 1675 2336 1732 Petro.
2361 1678 2528 1747 Quam
2557 1691 2801 1753 prompta
2823 1686 3027 1740 anima!
3051 1685 3144 1740 sed
3173 1689 3411 1745 nesciens
3431 1706 3489 1746 se
3509 1707 3622 1748 me—

2033 1767 2141 1821 tiri.
2170 1767 2302 1824 Nam
2335 1772 2514 1842 utique
2551 1773 2612 1827 si.
2636 1785 2876 1846 prompta
2916 1791 3019 1832 non
3051 1787 3228 1846 esset,
3275 1796 3378 1835 non
3419 1782 3638 1839 diceret

2031 1856 2309 1924 Salvatori,
2340 1861 2533 1917 Moriar
2556 1879 2652 1934 pro
2677 1875 2748 1922 te.
2780 1866 2890 1921 Etsi
2909 1870 3183 1938 oportuerit
3198 1887 3278 1924 me
3294 1873 3422 1926 mori
3437 1883 3624 1942 tecum,-

2033 1967 2132 2004 non
2163 1962 2210 2006 te
2234 1955 2424 2024 negabo
2451 1954 2559 2026 (Id.
2590 1973 2717 2012 xxv:
2738 2001 2753 2023 ,
2783 1960 2896 2032 55).
2931 1960 3036 2016 Sed
3067 1961 3307 2018 medicus
3335 1964 3427 2034 qui
3458 1980 3623 2021 nove-

2032 2055 2114 2097 rat
2147 2059 2332 2098 venam
2373 2047 2553 2102 cordis
2581 2049 2869 2120 inspicere,
2898 2053 3278 2121 praenuntiavit
3303 2056 3623 2113 accessionis

2033 2134 2346 2203 periculum.
2379 2135 2485 2204 Tu,
2529 2137 2733 2207 inquit,
2768 2157 2860 2208 pro
2897 2159 2974 2195 me
3007 2144 3228 2197 animam
3265 2154 3402 2200 tuam
3442 2148 3624 2218 ponis?

2033 2227 2277 2294 Agnosco
2305 2228 2566 2282 ordinem.
2593 2231 2706 2300 Ego
2727 2233 2871 2301 prior
2893 2247 3051 2303 pono.
3084 2235 3162 2289 Tu
3183 2253 3275 2306 pro
3296 2255 3374 2292 me
3401 2240 3623 2294 animam

2034 2325 2171 2369 tuam
2199 2319 2383 2386 ponis?
2409 2320 2566 2374 Amen
2601 2322 2714 2376 dico
2754 2322 2842 2376 tibi
2860 2365 2875 2387 ,
2907 2326 3198 2397 priusquam
3228 2328 3396 2399 gallus
3422 2340 3618 2396 cantet,

2036 2417 2109 2460 ter
2129 2425 2207 2463 me
2234 2409 2436 2480 negabis
2475 2411 2652 2484 (loan.
2683 2429 2797 2480 xui,
2821 2415 2910 2482 '57,
2944 2417 3058 2488 58).
3091 2419 3473 2477 Prtenuntiavit
3505 2439 3620 2478 me-

2035 2499 2346 2569 dicus-quod
2378 2503 2645 2559 nesciebat
2682 2515 2931 2577 aegrotus.
2977 2509 3183 2566 Invenit
3206 2527 3264 2567 se
3290 2528 3418 2584 ergo
3444 2530 3618 2586 aegro-

2037 2601 2120 2648 tus
2162 2593 2350 2649 falsum
2390 2598 2822 2668 prmsumpsisse,
2866 2601 3077 2670 quando
3127 2603 3476 2676 interrogatus
3506 2617 3618 2673 est,

2039 2682 2114 2736 Tu
2139 2683 2202 2738 de
2219 2685 2322 2738 illis
2347 2702 2397 2739 es
2423 2685 2636 2757 (Matth.
2667 2705 2808 2755 xxvi,
2838 2690 2963 2763 69)?
2989 2691 3120 2759 Qua:
3157 2694 3501 2764 interrogavit
3521 2713 3620 2751 an-

2035 2775 2152 2828 cilla
2177 2817 2190 2838 ,
2224 2776 2383 2830 febris
2417 2775 2532 2832 fuit.
2579 2779 2719 2835 Ecce
2750 2781 2912 2836 febris
2951 2786 3207 2850 accessit,
3249 2790 3376 2841 ecce
3415 2787 3620 2844 lueret:

2035 2865 2158 2933 quid
2189 2865 2402 2921 dicam?
2432 2868 2571 2924 Ecce
2612 2871 2967 2939 periclitatur,
2998 2889 3124 2930 ecce
3154 2877 3380 2932 moritur
3406 2879 3618 2935 Petrus.

2036 2953 2173 3022 Quid
2194 2967 2274 3011 est
2301 2958 2440 3012 enim
2471 2959 2612 3014 aliud
2637 2963 2792 3029 mori,
2821 2979 2977 3034 quam
3000 2966 3161 3020 vitam
3190 2970 3425 3038 negare?
3453 2970 3625 3043 Nega-

2037 3046 2110 3098 vit
2131 3046 2419 3114 Christum,
2451 3051 2864 3120 negavitvitam,
2896 3064 3134 3109 mortuus
3157 3067 3259 3112 est.
3287 3057 3394 3114 Sed
3424 3060 3514 3116 ille
3532 3064 3625 3132 qui

2037 3139 2315 3193 resuscitat
2353 3149 2619 3205 mortuos,
2660 3144 2878 3214 respexit
2915 3161 3028 3199 eum
3068 3146 3353 3218 Dominus,
3396 3161 3444 3206 et
3483 3154 3626 3222 ﬂevit

2037 3245 2208 3283 aniare
2233 3228 2383 3302 (Luc.
2417 3248 2546 3297 xxn,
2577 3233 2637 3287 61
2663 3275 2679 3300 ,
2708 3231 2820 3306 62).
2852 3233 3106 3306 Negando
3131 3240 3305 3307 periit,
3339 3239 3514 3308 flendo
3539 3259 3626 3299 re-

2037 3322 2286 3374 surrexit.
2312 3323 2378 3376 Et
2396 3334 2636 3380 mortuus
2663 3333 2745 3380 est
2780 3327 2925 3395 prior
2947 3344 3042 3398 pro
3074 3329 3162 3384 illo
3188 3330 3463 3399 Dominus,
3488 3337 3627 3391 sic‘ut

2037 3413 2312 3480 Oportebat
2339 3431 2352 3466 :
2378 3422 2431 3468 et
2456 3423 2694 3469 mortuus
2723 3425 2806 3471 est
2832 3429 3012 3486 postea
3037 3435 3132 3488 pro
3163 3420 3384 3478 Domino
3409 3423 3620 3492 Petrus,

2037 3504 2174 3556 sicut
2208 3503 2342 3558 ordo
2377 3505 2488 3572 ipse
2531 3507 2865 3574 postulabat:
2898 3521 2952 3565 et
2979 3512 3146 3565 secuti
3175 3522 3299 3567 sunt
3334 3525 3619 3586 martyres.

2036 3592 2209 3648 Strata
2238 3602 2319 3648 est
2347 3595 2426 3648 via
2460 3596 2605 3664 prius
2643 3599 2887 3667 spinosa,
2919 3609 2972 3655 et
2993 3601 3215 3670 pedibus
3249 3606 3622 3675 Apostolorum

2037 3685 2282 3752 contrita,
2313 3685 2446 3741 facta
2474 3687 2646 3743 lenior
2673 3692 2951 3746 secuturis.

2061 3811 2066 3814 -
2105 3775 2331 3831 CAPUT
2361 3776 2448 3831 ιν.
2479 3809 2549 3818 -
2576 3779 2630 3834 '5.
2664 3779 2915 3852 Martyres
2939 3782 3195 3840 Christum
3225 3786 3340 3858 plus
3387 3802 3620 3845 asserunt

2035 3868 2221 3920 mortui
2243 3906 2258 3932 ,
2279 3884 2430 3937 quant
2455 3871 2570 3924 vivi.
2604 3870 2748 3926 Mors
2773 3889 2946 3928 eorum
2968 3877 3205 3945 pretiosa.
3233 3878 3393 3946 Quasi
3418 3883 3624 3938 semine

2037 3958 2309 4028 sanguinis
2341 3959 2555 4029 impleta
2587 3969 2672 4017 est
2690 3965 3015 4035 martyribus
3059 3976 3227 4036 terra,
3259 3977 3314 4024 et
3333 3970 3399 4026 de
3418 3972 3510 4027 illo
3529 3987 3620 4029 se~

2035 4051 2178 4106 mine
2205 4066 2357 4121 seges
2377 4055 2610 4110 surrexit
2631 4055 2902 4112 Ecclesia).
2932 4058 3057 4113 Plus
3082 4072 3422 4120 asseruerunt
3468 4065 3627 4122 81)ιὶ-

2035 4151 2176 4197 stum
2205 4145 2425 4211 mortui,
2462 4161 2619 4215 quam
2647 4147 2771 4201 vivi.
2801 4147 2970 4204 llodie
2995 4162 3264 4220 asserunt,
3295 4154 3452 4212 hodie
3481 4173 3622 4227 pm-

2035 4233 2218 4289 dicant
2244 4252 2257 4289 :
2287 4243 2425 4291 tacet
2451 4237 2626 4307 lingua
2648 4278 2663 4302 ,
2692 4247 2886 4293 sonant
2914 4239 3069 4295 facta.
3099 4243 3470 4315 Tenebantur,
3495 4249 3624 4319 liga~

2035 4326 2248 4390 bantur,
2281 4326 2703 4396 includebantur,
2733 4331 3183 4402 producebantur,
3215 4339 3619 4408 torquebantur,

2035 4417 2346 4483 urebantur,
2377 4417 2781 4488 lapidabantur,
2813 4424 3260 4493 percutiebantur,
3289 4429 3472 4484 bestiis
3490 4431 3620 4488 sub-

2037 4509 2367 4580 ﬁgebantur.
2399 4511 2456 4566 In
2489 4513 2733 4569 omnibus
2757 4516 2868 4570 suis
2895 4517 3154 4572 mortibus
3196 4520 3345 4589 quasi
3371 4520 3502 4577 viles
3543 4521 3621 4576 ir-

2037 4602 2350 4658 ridebantur
2375 4619 2389 4655 :
2414 4603 2508 4658 sed
2553 4604 2772 4672 pretiosa
2819 4606 2874 4659 in
2919 4618 3188 4677 conspectu
3234 4608 3622 4669 Dominimors

2035 4701 2325 4748 sanctorum
2352 4694 2462 4764 ejus
2491 4693 2664 4763 (Psal.
2695 4710 2829 4760 cxv,
2879 4699 2988 4769 l5).
3044 4698 3205 4756 Tunc.
3238 4700 3292 4754 in
3335 4713 3622 4772 conspectu

2037 4783 2247 4839 Domini
2276 4792 2475 4839 tantum
2504 4785 2734 4854 pretiosa
2759 4828 2776 4854 ,
2815 4788 2974 4843 modo
3002 4796 3057 4844 et
3101 4789 3152 4844 in
3194 4800 3481 4860 conspectu
3520 4810 3621 4850 no-

2035 4885 2168 4930 stro.
2200 4875 2350 4931 Tunc
2377 4877 2518 4931 enim
2543 4877 2753 4947 quando
2785 4879 3122 4947 opprobrium
3153 4889 3267 4936 erat
3313 4896 3453 4939 esse
3478 4885 3622 4942 chri-

2037 4967 2290 5035 stianum,
2315 4967 2576 5026 vilis..erat
2614 4984 2764 5025 mors
2787 4979 3099 5024 sanctorum.
3115 4972 3168 5026 in
3194 4985 3483 5044 conspectu
3520 4977 3621 5033 ho-

2038 5059 2241 5113 minum
2292 5077 2306 5112 :
2359 5059 2789 5126 detestabantur,
2843 5062 3195 5117 exsecrationi
3243 5063 3622 5137 habebantur;

2039 5165 2138 5220 pro
2165 5151 2449 5207 maledicto
2477 5151 2865 5222 objiciebantur
2882 5192 2896 5217 ,
2925 5152 3017 5208 Sic
3041 5155 3319 5226 moriaris,
3345 5158 3421 5214 sic
3449 5161 3620 5216 cruci-

2103 5308 2121 5338 ί
2150 5314 2197 5354 ιιι
2219 5306 3016 5377 ι’θοειιιὶίιτῇιιιιε-μβεηβζεδδαηαδ.
3047 5316 3098 5377 at
3115 5309 3163 5359 in
3187 5311 3518 5377 antiquissimo
3541 5322 3608 5366 Ms

2039 5369 2365 5426 Ger-manensi,
2388 5375 2441 5417 ut
2463 5368 2513 5416 in
2537 5367 2680 5416 editis
2703 5365 2852 5425 libris,
2881 5367 3199 5422 Nemesianus.

2103 5430 2178 5499 (a)_
2209 5436 2459 5499 martyrem
2481 5429 2617 5499 hunc
2629 5440 2726 5481 non
2749 5427 3192 5499 habetnomamnn
3214 5434 3620 5499 martyrologium.

2041 5499 2088 5540 In
2109 5489 2382 5556 calendario
2402 5489 2763 5556 cartilaginensi
2786 5497 2977 5556 notatur
3010 5506 3042 5541 x
3066 5493 3155 5542 cal.
3177 5495 3275 5556 jan.
3319 5489 3515 5546 (saucii
3540 5506 3626 5548 Ne-

2049 5572 2070 5599 α
2094 5553 2356 5618 ιιιρεδξξιιιὶχ
2379 5551 2662 5618 celebritas,
2674 5551 2812 5600 istius
2829 5551 2954 5618 forte
2972 5556 3111 5615 pueri
3129 5551 3372 5607 memorize
3386 5557 3622 5618 dedicata,

2041 5611 2540 5684 quem._vi(lelice.t.hic
2557 5611 2716 5684 laudat
2735 5611 3026 5684 Augustinus
3041 5619 3183 5684 quasi
3201 5626 3460 5684 martyrem
3479 5611 3624 5684 vulgo

2042 5659 2362 5745 tilltrissitmlm.’
2369 5659 2378 5660 ί
2391 5684 2416 5721 Α
2425 5659 2534 5745 lius;
2548 5659 2622 5745 est
2643 5659 3621 5745 senuég‘ﬁﬁiisi‘iix‘ﬁiéi

2042 5734 2391 5796 lttiit‘tyrologiis
2413 5735 2688 5786 celebratus
2717 5751 2760 5787 tv
2795 5735 2900 5786 idus
2922 5741 3229 5793 swtcmbris.
