4102 6326
512 205 650 264 1299

511 319 694 391 ﬁgaris
711 358 726 386 ,
754 317 834 374 sic
853 315 1174 374 incendaris.
1197 313 1356 370 Modo
1384 314 1482 368 ista
1507 309 1782 368 maledicta
1802 310 1922 381 quis
1957 309 2090 366 ﬁde-

511 411 578 466 lis
606 425 712 466 non
737 407 922 478 optat?

571 500 804 558 CAPUT
835 499 898 555 V.
928 529 1001 541 —
1021 501 1076 554 4.
1103 498 1327 554 Protasii
1355 506 1403 552 et
1428 495 1655 552 Gerrasii
1681 496 1888 552 detectio
1931 495 2088 549 mira-

507 594 630 649 culis
656 593 928 648 illustrata.
954 591 1298 648 Celebramus
1340 605 1469 662 ergo
1516 590 1772 644 hodierno
1813 589 1930 652 die,
1977 588 2086 643 fra-

505 699 651 753 tres,
705 684 1018 741 memoriam
1069 686 1122 740 in
1171 684 1273 739 hoc
1328 684 1448 738 loco
1499 683 1727 753 positam
1779 691 2085 738 sanctorum

500 778 723 836 Protasii
743 786 799 834 et
823 776 1062 834 Gervasii
1084 819 1099 846 ,
1129 775 1598 832 Mediolancnsium
1629 784 1941 848 martyrum.
1966 776 2083 832 Non

498 886 619 926 eum
645 870 787 926 diem
813 885 919 940 quo
945 868 1030 924 hic
1055 869 1224 939 posita
1253 877 1368 936 est,
1414 868 1508 924 sed
1558 885 1682 924 eum
1729 868 1870 923 diem
1924 868 2083 924 hodie

495 961 830 1019 celebramus
849 1003 864 1029 ,
890 961 1104 1034 quando
1129 963 1338 1017 inventa
1360 971 1444 1017 est
1463 962 1689 1032 pretiosa
1717 962 1769 1016 in
1791 971 2082 1030 conspectu

497 1053 706 1110 Domini
732 1069 879 1111 mors
904 1062 1207 1110 sanctorum
1237 1055 1351 1124 ejus
1375 1069 1471 1124 per
1499 1055 1836 1109 Ambrosium
1865 1054 2078 1124 episco-

495 1161 652 1215 pum,
677 1145 946 1204 hominem
971 1146 1063 1201 Dei
1093 1164 1108 1200 :
1140 1149 1292 1215 cujus
1323 1155 1446 1201 tunc
1487 1154 1646 1200 tanta:
1671 1146 1852 1216 gloria:
1878 1155 2079 1218 marty-

493 1252 611 1292 rum
636 1237 796 1292 etiam
817 1251 920 1307 ego
948 1238 1096 1292 testis
1115 1235 1208 1290 lui.
1237 1236 1311 1290 lbi
1339 1253 1484 1292 eram
1510 1278 1525 1302 ,
1557 1237 1835 1293 Mediolani
1877 1252 2024 1292 eram
2057 1279 2073 1304 ,

491 1329 626 1384 facta
664 1328 915 1384 miracula
942 1330 1095 1397 novi,
1139 1336 1425 1384 attestante
1458 1329 1566 1386 Deo
1593 1329 1840 1398 pretiosis
1889 1330 2075 1385 morti-.-

488 1422 588 1476 bus
615 1428 916 1480 sanctorum
940 1436 1157 1480 suorum
1190 1439 1205 1478 :
1233 1430 1292 1478 ut
1317 1437 1412 1494 per
1440 1422 1529 1477 illa
1559 1423 1810 1478 miracula
1834 1423 1945 1494 jam
1964 1439 2073 1479 non

487 1515 660 1570 solum
684 1514 736 1569 in
762 1523 1052 1586 conspectu
1079 1516 1328 1580 Domini,
1362 1515 1458 1572 sed
1499 1517 1657 1572 etiam
1690 1517 1742 1571 in
1781 1527 2070 1588 conspectu

485 1605 763 1663 hominum
788 1617 932 1664 esset
952 1622 1096 1663 mors
1124 1607 1211 1663 illa
1229 1609 1484 1679 pretiosa.
1528 1609 1713 1664 Caecus
1762 1611 2072 1666 notissimus

485 1699 747 1762 universa:
795 1699 993 1755 civitati
1023 1700 1348 1755 illuminatus
1388 1709 1506 1766 est,
1560 1701 1830 1767 cucurrit,
1877 1701 2070 1758 adduci

481 1807 543 1848 se
569 1791 728 1860 fecit,
755 1793 872 1848 sine
908 1793 1046 1848 duce
1097 1808 1344 1855 reversus
1373 1802 1470 1850 est.
1499 1792 1740 1850 Nondum
1769 1794 2078 1854 audivimus,

482 1883 624 1955 quod
649 1884 842 1942 obierit
872 1902 884 1938 :
911 1883 1048 1940 forte
1069 1883 1244 1940 adhuc
1270 1885 1417 1940 vivit.
1449 1883 1504 1940 In
1532 1885 1645 1954 ipsa
1689 1900 1872 1940 eorum
1921 1884 2065 1940 basi-

479 1973 581 2030 lica
605 2015 621 2040 ,
650 1974 737 2030 ubi
763 1983 888 2032 sunt
906 1990 1088 2030 eorum
1104 1990 1360 2046 corpora,
1394 1984 1557 2031 totam
1589 1977 1752 2031 vitam
1773 1991 1923 2032 suam
1951 1991 2068 2032 ser-

478 2064 708 2120 viturum
734 2079 794 2121 se
813 2081 934 2121 esse
972 2065 1205 2123 devovit.
1233 2065 1338 2120 Nos
1367 2067 1513 2121 illum
1543 2067 1707 2136 gavisi
1754 2080 1938 2122 sumus
1986 2067 2064 2120 vi-

479 2155 690 2213 dentem
715 2196 732 2222 ,
759 2156 1072 2226 reliquimus
1090 2157 1410 2213 servientem
1445 2158 1539 2228 (a).

545 2248 600 2304 5.
634 2245 736 2302 Per
760 2257 1005 2318 martyres
1021 2264 1123 2302 non
1147 2248 1378 2303 omnibus
1402 2249 1612 2313 sanitas,
1627 2249 1715 2304 sed
1751 2265 1922 2303 eorum
1943 2250 2059 2302 imi-

475 2336 721 2393 totoribus
739 2337 1092 2393 immortalitas
1115 2338 1286 2391 datur.
1306 2337 1381 2392 Α]
1384 2354 1470 2410 ger
1495 2355 1595 2392 non
1615 2339 1882 2395 exauditur
1902 2340 1970 2396 ad
1985 2356 2062 2394 oo-

476 2440 738 2497 mntatem,
765 2431 854 2485 sed
873 2429 942 2485 ad
965 2431 1250 2486 sanitatem.
1279 2429 1393 2485 Non
1419 2441 1591 2486 cessat
1617 2431 1758 2486 Deus
1779 2433 2016 2487 attestari
2043 2452 2058 2488 :

474 2533 526 2582 et
548 2525 693 2580 novit
717 2523 983 2595 quomodo
1008 2523 1118 2594 ipsa
1159 2523 1412 2579 miracula
1437 2537 1532 2579 sua
1568 2523 1757 2580 debeat
1781 2539 2059 2582 commen-

472 2615 621 2671 dare.
639 2614 794 2670 Novit
809 2629 984 2684 agere,
1005 2625 1061 2668 ut
1075 2614 1475 2685 magniﬁcentur
1499 2632 1514 2668 :
1540 2616 1685 2670 novit
1701 2631 1877 2687 agere,
1901 2631 1968 2672 ne
1981 2617 2061 2671 vi-

471 2706 693 2761 leseant.
739 2705 856 2760 Non
877 2706 1124 2760 omnibus
1152 2706 1313 2760 donat
1333 2723 1424 2776 per
1448 2716 1709 2778 martyres
1729 2709 2009 2764 sanitatem
2041 2729 2054 2764 :

470 2798 566 2856 sed
586 2799 834 2855 omnibus
850 2799 1106 2870 promittit
1135 2799 1488 2861 imitatoribus
1516 2809 1805 2872 martyrum
1834 2801 2057 2857 immor-

470 2889 746 2945 talitatem.
777 2889 927 2958 Quod
955 2905 1057 2944 non
1079 2889 1324 2946 omnibus
1343 2890 1452 2955 dat,
1477 2906 1583 2946 non
1606 2901 1803 2960 quterat
1831 2894 1914 2946 cui
1951 2909 2055 2947 non

469 2980 591 3048 dat;
617 2995 716 3036 nec
743 2981 1304 3038 murmuretadvcrsus
1323 2997 1445 3036 cum
1471 2984 1592 3053 quia
1624 3000 1726 3038 non
1749 2983 1861 3051 dat,
1883 2995 1938 3039 ut
1967 2984 2055 3040 det

468 3072 610 3142 quod
636 3073 690 3127 in
715 3072 821 3128 ﬁne
849 3073 1108 3142 promisit.
1139 3073 1270 3127 Nam
1309 3082 1364 3128 et
1405 3073 1492 3143 qui
1545 3074 1703 3128 modo
1754 3085 2010 3130 sanantur
2035 3116 2051 3142 ,

468 3171 590 3236 post
608 3164 876 3234 paululum
902 3165 1184 3235 aliquando
1205 3164 1503 3220 moriuntur
1527 3185 1538 3220 :
1569 3166 1656 3235 qui
1677 3166 1728 3219 in
1752 3165 1855 3220 ﬁne
1876 3181 2053 3221 resur-

467 3264 632 3327 gunt,
661 3271 782 3311 cum
811 3255 1025 3313 Christo
1050 3255 1245 3311 virent.

533 3346 764 3406 CAPUT
796 3347 879 3402 Π.
908 3376 981 3388 —
1005 3347 1286 3404 Praecessit
1307 3355 1496 3418 caput,
1520 3356 1792 3418 exspectat
1813 3349 2050 3404 membra

464 3448 710 3496 secutura
742 3456 757 3494 :
790 3438 1094 3512 implebitur
1114 3448 1281 3494 totum
1303 3453 1530 3509 corpus,
1562 3439 1804 3495 Christus
1836 3449 1891 3496 et
1943 3440 2046 3496 Ec-

463 3531 645 3587 clesia.
674 3527 748 3593 ibi
771 3545 869 3586 nos
887 3539 1163 3600 computet
1185 3531 1414 3601 scriptos
1447 3549 1460 3584 :
1491 3539 1546 3586 et
1565 3531 1616 3586 in
1645 3531 1744 3586 hac
1777 3533 1880 3586 vita
1905 3533 2047 3602 quod

463 3621 678 3692 expedit
704 3621 816 3678 det.
845 3620 1001 3676 Novit
1026 3621 1167 3675 enim
1198 3620 1288 3676 ille
1311 3620 1437 3690 quid
1463 3621 1711 3690 expediat
1739 3621 1861 3682 ﬁliis
1911 3623 2044 3678 suis.

463 3713 527 3769 Si
545 3729 664 3785 ergo
693 3729 809 3780 vos,
838 3713 1008 3784 inquit
1027 3753 1042 3778 ,
1063 3729 1174 3770 cum
1203 3713 1315 3768 sitis
1354 3714 1478 3766 muli
1497 3755 1512 3780 ,
1545 3715 1702 3768 nostis
1752 3714 1884 3770 bona
1924 3717 2047 3771 data

461 3807 585 3862 dare
600 3805 724 3876 ﬁliis
747 3806 963 3870 vestris;
990 3815 1177 3876 quanto
1205 3806 1365 3876 magis
1387 3804 1545 3860 Pater
1568 3817 1725 3867 vester
1742 3809 1829 3878 qui
1864 3809 1917 3863 in
1942 3825 2042 3864 caa-

460 3899 525 3955 lis
546 3908 652 3966 est,
682 3899 819 3953 dabit
843 3900 973 3954 bona
997 3899 1277 3970 petentibus
1301 3916 1356 3953 se
1383 3898 1594 3971 (Matth.
1624 3916 1691 3955 vu
1711 3943 1726 3967 ,
1761 3901 1888 3972 ll)?
1915 3901 2044 3970 Qua:

459 3989 637 4043 bona?
665 3990 920 4061 numquid
949 3990 1298 4059 temporalia?
1324 3990 1423 4044 Dat
1451 4000 1505 4045 et
1536 3991 1684 4062 ipsa;
1719 3992 1812 4047 sed
1838 4001 1892 4046 et
1919 3993 2042 4046 inﬁ-

457 4079 665 4136 delibus
683 4081 792 4136 dat.
823 4083 921 4136 Dat
953 4093 1007 4136 et
1030 4083 1176 4151 ipsa;
1230 4081 1323 4137 sed
1367 4090 1423 4138 et
1469 4083 1643 4152 impiis
1669 4084 1797 4152 dat,
1849 4084 1942 4140 sed
1987 4093 2043 4141 et

455 4169 970 4240 blasphematoribus
1009 4173 1120 4227 suis
1171 4172 1280 4228 dat.
1335 4173 1480 4228 Bona
1530 4189 1870 4244 qumramus,
1919 4191 2039 4245 qua‘.

453 4277 560 4322 non
585 4262 737 4318 nobis
758 4263 867 4318 sint
894 4277 1015 4316 cum
1045 4263 1198 4319 malis
1223 4265 1545 4320 communia.
1573 4265 1730 4321 Novit
1751 4266 1841 4323 ille
1881 4267 2040 4325 Pater

451 4355 578 4412 dare
604 4356 702 4410 ista
730 4355 868 4411 bona
896 4354 1018 4410 ﬁliis
1042 4357 1171 4411 suis.
1200 4356 1354 4413 Modo
1380 4359 1511 4428 petit
1537 4359 1605 4414 ab
1626 4359 1718 4414 illo
1737 4360 1883 4418 ﬁlius
1909 4377 2038 4418 suus

451 4449 733 4503 sanitatem
762 4447 1003 4518 corporis
1035 4465 1049 4500 :
1079 4457 1136 4503 et
1164 4463 1267 4503 non
1289 4450 1407 4518 dat,
1435 4451 1610 4507 adhuc
1648 4452 1898 4524 ﬂagellat.
1927 4454 2036 4512 Sed

451 4538 707 4610 numquid
735 4547 919 4610 pater,
951 4540 1164 4610 quando
1191 4539 1458 4612 ﬂagellat,
1487 4560 1593 4599 non
1621 4549 1876 4614 przestat?
1905 4548 2036 4605 Pro-

448 4633 874 4705 l'ertﬁagellum,
913 4634 1007 4690 sed
1040 4634 1212 4707 cogita
1261 4637 1418 4707 quale
1466 4649 1727 4710 praeparet
1781 4642 2032 4710 patrimo-

447 4728 616 4782 nium.
646 4727 904 4799 Flogellat
927 4769 940 4794 ,
971 4730 1141 4799 inquit
1166 4771 1181 4796 ,
1208 4746 1406 4784 onmem
1449 4733 1612 4800 filium
1640 4750 1787 4803 quem
1832 4737 2028 4808 recipit.

450 4818 621 4886 Quam
635 4820 770 4874 enim
795 4819 960 4891 diligit
1005 4820 1282 4889 Dominus,
1323 4825 1530 4894 corripit
1570 4824 1756 4892 (llebr.
1795 4844 1906 4896 xtt,
1947 4831 2026 4904 6).

446 4910 572 4966 ideo
597 4910 696 4965 ista
717 4911 871 4979 dico,
901 4911 1094 4968 fratres
1123 4913 1226 4970 mei
1251 4955 1266 4978 ,
1313 4929 1381 4968 ne
1408 4916 1792 4974 contristemini
1815 4924 2028 4991 quando

443 5004 656 5076 petitis,
682 5013 738 5060 et
765 5019 870 5058 non
912 5007 1189 5075 accipitis,
1239 5015 1294 5062 et
1335 5007 1667 5066 arbitremini
1713 5014 1858 5084 quod
1903 5025 2028 5074 ante

444 5096 629 5152 oculos
657 5109 755 5152 vos
774 5111 878 5152 non
906 5096 1096 5153 habeat
1121 5098 1293 5164 Deus,
1317 5098 1362 5154 si
1391 5099 1457 5154 ad
1487 5108 1695 5172 tempus
1729 5121 1835 5161 non
1865 5120 2028 5163 exau-

443 5188 552 5244 diat
581 5188 904 5244 voluntatem
931 5198 1186 5250 vestram.
1235 5191 1350 5248 Non
1391 5195 1534 5248 enim
1563 5207 1776 5266 semper
1824 5213 2023 5270 a‘grum

441 5277 657 5334 exaudit
682 5279 920 5335 medicus
944 5280 1011 5335 ad
1051 5281 1405 5348 voluntatem,
1462 5287 1703 5356 quamvis
1744 5289 1859 5358 ejus
1909 5292 2024 5348 sine

441 5370 603 5425 dubio
621 5375 877 5444 procuret
891 5379 1050 5443 atque
1068 5381 1282 5443 appetat
1301 5376 1601 5431 sanitatem.
1630 5379 1744 5434 Non
1770 5379 1862 5435 dat
1882 5385 2022 5450 quod

443 5463 575 5533 petit
603 5481 619 5521 :
644 5463 739 5522 sed
767 5465 909 5537 quod
944 5482 1048 5521 non
1076 5466 1236 5538 petit,
1267 5467 1368 5523 hoc
1399 5481 1662 5540 procurat.
1704 5472 1845 5528 Petit
1875 5473 2023 5546 frigi-

441 5596 706 5718 caf’autide
727 5597 938 5652 confess.
963 5596 1046 5651 lib.
1072 5599 1123 5664 9,
1140 5613 1245 5668 cap.
1267 5603 1296 5653 7
1315 5616 1330 5666 ;
1350 5610 1401 5655 et
1422 5608 1489 5657 De
1504 5607 1702 5664 civitate
1719 5613 1820 5670 Det,
1840 5607 1920 5667 lib.
1942 5609 2017 5676 23,

1723 198 1782 253 S.
1823 193 2190 252 AUGUSTINI
2229 194 2529 254 EPISCOPI

3639 220 3780 276 {300

2195 305 2318 363 dam
2337 350 2353 375 ,
2385 325 2490 366 non
2516 311 2624 368 dat.
2654 313 2899 374 Crudelis
2919 318 3090 378 factus
3107 331 3188 378 est
3211 365 3228 393 ,
3254 327 3344 397 qui
3374 329 3522 386 venit
3541 345 3733 390 sanare
3759 339 3784 390 ’ἒ

2191 397 2337 496 artis
2365 411 2481 469 est,
2513 419 2619 460 non
2648 408 2994 469 crudelitatis.
3016 412 3135 469 Non
3179 414 3271 472 dat
3313 419 3381 473 ad
3407 419 3596 478 horam
3637 426 3783 496 quod

2191 489 2423 547 delectat
2451 511 2465 546 :
2496 502 2553 550 ut
2573 511 2736 554 sanus
2765 501 2932 570 possit
2976 505 3152 560 omnia
3173 548 3188 574 ,
3228 509 3466 566 nondum
3495 527 3627 569 sano
3655 489 3781 570 ute-

2188 594 2384 654 gantur
2409 589 2606 659 aliqua.

2187 695 2214 738 te
2260 678 2484 736 CAPUT
2515 682 2622 738 VII.
2649 687 2795 742 —6.
2851 687 3163 763 Martyribus
3213 703 3262 748 et
3306 693 3617 752 Machabazis
3657 700 3779 770 plus

2187 770 2468 837 prazstitum
2491 813 2506 839 ,
2536 790 2687 842 quam
2734 778 2890 834 tribus
2920 782 3087 850 pueris
3116 783 3178 840 ab
3207 784 3323 858 igne
3371 786 3610 844 liberatis.
3638 790 3778 846 Con-

2185 860 2421 918 siderate
2475 868 2857 938 promissiones
2913 872 3027 928 Dei.
3097 875 3214 931 Istis
3263 877 3392 947 ipsis
3453 883 3777 954 martyribus

2183 953 2334 1023 quid,
2378 959 2577 1027 putatis
2601 961 2722 1030 quia
2760 978 2921 1019 omne
2968 965 3109 1036 quod
3138 969 3541 1038 postulaverunt
3586 972 3777 1029 dedit?

2181 1044 2318 1100 Non.
2380 1049 2524 1104 Multi
2565 1067 2623 1110 se
2670 1063 2986 1124 optaverunt
3028 1058 3265 1128 dimitti,
3323 1069 3379 1116 et
3426 1078 3548 1118 cum
3594 1065 3779 1136 aliqua

2179 1137 2436 1194 miraculo
2491 1140 2683 1198 dimitti
2716 1185 2732 1210 ,
2787 1147 3055 1216 quomodo
3082 1147 3286 1205 dimissi
3331 1161 3457 1206 sunt
3485 1162 3593 1209 tres
3621 1158 3774 1222 pueri

2177 1227 2246 1284 de
2311 1231 2540 1288 camino.
2613 1235 2794 1303 Qualis
2867 1253 2969 1294 vox
3035 1241 3175 1311 regis
3227 1241 3774 1303 Nabuchodonosor?

2181 1319 2432 1388 Quoniam
2460 1365 2475 1389 ,
2529 1324 2734 1396 inquit,
2793 1341 3114 1398 speraverant
3167 1333 3222 1388 in
3272 1351 3417 1403 eum,
3472 1345 3517 1390 et
3569 1340 3772 1393 verbum

2174 1415 2306 1486 regis
2335 1416 2744 1473 immutaverunt.
2775 1421 2939 1490 Quale
2964 1425 3326 1480 testimonium
3359 1427 3640 1496 perhibet,
3677 1432 3768 1500 qui

2173 1507 2465 1563 conabatur
2487 1510 2775 1567 occidere?
2815 1513 3030 1570 incendi
3080 1517 3199 1572 illos
3227 1517 3431 1586 voluit,
3463 1520 3554 1590 qui
3583 1531 3767 1591 postea

2172 1611 2268 1666 per
2296 1597 2416 1653 illos
2445 1598 2692 1656 credidit.
2725 1601 2783 1660 Si
2811 1603 2880 1657 illi
2908 1603 2960 1658 in
2989 1603 3110 1676 igne
3136 1618 3474 1664 morerentur
3494 1651 3511 1677 ,
3557 1612 3769 1667 occulto

2169 1697 2586 1756 coronarentur,
2625 1691 2748 1748 huic
2793 1707 2899 1749 non
2935 1695 3236 1765 prodesset.
3271 1698 3397 1754 Ideo
3434 1699 3502 1756 ad
3555 1709 3767 1773 tempus

2169 1778 2362 1833 servati
2385 1788 2509 1834 sunt
2539 1782 2554 1812 ³
2578 1821 2594 1848 ,
2621 1789 2679 1836 ut
2702 1782 3218 1854 crederetinﬁdelis,
3238 1797 3298 1844 ut
3314 1789 3553 1846 laudaret
3570 1793 3761 1860 Deum,

2171 1872 2257 1946 qui
2289 1871 2635 1930 damnaverat
2655 1876 2794 1931 illos.
2821 1875 2939 1948 Ipse
2968 1877 3064 1934 fuit
3087 1880 3226 1936 Deus
3255 1882 3413 1938 trium
3434 1898 3720 1954 puerorum
3739 1927 3758 1954 ,

2167 1963 2256 2032 qui
2278 1961 2378 2019 fuit
2405 1963 2547 2020 Deus
2575 1965 3024 2024 Machabaaorum.
3075 1969 3198 2026 illos
3227 1971 3297 2028 de
3337 1974 3460 2044 igne
3513 1975 3764 2037 liberavit

2167 2052 2330 2124 (Dan.
2362 2072 2440 2123 ut,
2460 2057 2580 2127 95),
2613 2058 2732 2114 illos
2761 2059 2817 2118 in
2845 2060 2966 2132 igne
2991 2064 3126 2118 mori
3141 2063 3268 2121 fecit
3291 2065 3354 2124 (ΙΙ
3376 2065 3613 2130 Hac/tab.
3636 2072 3757 2138 vn).

2165 2145 2396 2205 Mutatus
2421 2148 2545 2202 est?
2590 2149 2716 2206 Plus
2758 2150 2878 2206 illos
2903 2168 3061 2222 quam
3091 2154 3212 2210 illos
3244 2155 3536 2228 diligebat?
3583 2159 3756 2229 Major

2164 2251 2362 2293 corona
2383 2239 2503 2294 data
2529 2250 2613 2296 est
2632 2241 2966 2300 Machabteis.
2995 2245 3154 2302 Certe
3179 2247 3256 2302 illi
3273 2259 3556 2306 evaserunt
3583 2252 3757 2323 ignes,

2164 2329 2258 2384 sed
2289 2331 2354 2384 ad
2383 2333 2615 2401 pericula
2639 2334 2792 2389 istius
2823 2337 3004 2392 surculi
3029 2339 3223 2393 servati
3248 2348 3372 2395 sunt
3399 2359 3413 2394 :
3446 2341 3521 2396 illi
3541 2343 3592 2398 in
3613 2344 3758 2414 igni-

2161 2420 2263 2477 bus
2285 2423 2460 2477 omnia
2500 2425 2734 2495 pcricuia
2768 2425 3038 2484 ﬁnierunt.
3091 2429 3209 2486 Non
3257 2431 3478 2488 ulterius
3518 2434 3756 2491 restabat

2165 2511 2270 2566 ulla
2303 2515 2524 2569 tentatio
2547 2557 2562 2582 ,
2595 2515 2688 2571 sed
2737 2517 2850 2572 sola
2875 2520 3169 2575 coronatio.
3215 2521 3356 2593 Ergo
3377 2523 3496 2593 plus
3530 2539 3756 2596 accepev

2163 2613 2287 2658 runt
2309 2604 2615 2662 Maehabmi.

2231 2694 2459 2752 CAPUT
2492 2696 2950 2757 \‘lll.—Excutite
2973 2701 3130 2759 ﬁdem
3157 2714 3407 2772 vestram,
3425 2707 3608 2764 oculos
3624 2722 3752 2765 cor-

2159 2787 2242 2843 dis
2256 2788 2508 2858 proferte,
2528 2792 2691 2848 nolite
2709 2793 3001 2850 humanos:
3040 2795 3248 2852 habetis
3271 2799 3410 2854 enim
3436 2799 3569 2855 alios
3583 2799 3748 2867 intus,

2158 2895 2292 2950 quos
2322 2882 2473 2938 vobis
2505 2883 2760 2940 Dominus
2809 2885 2970 2954 fecit,
3027 2887 3117 2957 qui
3163 2889 3317 2944 vobis
3345 2891 3526 2947 oculos
3569 2892 3750 2948 cordis

2159 2973 2368 3040 aperuit
2397 3013 2414 3039 ,
2449 2974 2662 3043 quando
2691 2974 2849 3030 ﬁdem
2881 2976 3046 3032 dedit.
3094 2978 3240 3050 Ipsos
3281 2981 3464 3036 oculos
3519 2982 3751 3040 interrae

2155 3072 2276 3132 gate
2303 3080 2314 3115 :
2348 3065 2438 3135 qui
2466 3065 2582 3134 plus
2603 3078 2946 3138 acceperunt,
2975 3069 3260 3127 Machahazi
3279 3114 3294 3138 ,
3327 3087 3392 3128 an
3424 3083 3533 3131 tres
3553 3078 3748 3146 pueri?

2156 3154 2341 3211 Fidem
2362 3156 2652 3228 interrogo.
2686 3160 2942 3218 Homines
2969 3163 3150 3218 saeculi
3198 3163 3356 3235 hujus
3401 3176 3665 3224 amatores
3697 3169 3745 3225 si

2154 3245 2484 3316 interrogem
2517 3267 2530 3302 :
2563 3249 2680 3320 Ego
2729 3252 2868 3306 inter
2897 3262 3004 3308 tres
3045 3270 3240 3324 pueros
3288 3257 3530 3314 volebam
3577 3275 3698 3316 esse
3723 3302 3742 3327 ,

2152 3337 2280 3392 dicit
2308 3339 2442 3393 mihi
2471 3342 2648 3396 anima
2679 3343 2908 3398 inﬁrma.
2941 3346 3213 3403 Erubesce
3239 3350 3393 3403 matri
3410 3349 3742 3407 Machabaeo-

2151 3445 2288 3496 rum,
2320 3446 2439 3501 qua:
2461 3431 2630 3487 voluit
2658 3433 2797 3490 ﬁlios
2825 3451 2952 3492 suos
2980 3447 3102 3494 ante
3127 3454 3184 3493 se
3205 3442 3341 3496 mori
3366 3481 3382 3508 ,
3404 3442 3525 3512 quia
3542 3444 3742 3501 sciebat

2151 3536 2257 3575 non
2287 3523 2444 3577 mori.

2219 3614 2270 3672 7.
2317 3612 2498 3668 Libelli
2546 3616 2609 3669 de
2654 3617 2910 3673 miraculis
2952 3629 3232 3692 martyrum
3256 3623 3370 3676 lecti
3405 3627 3458 3679 in
3485 3623 3738 3686 Ecclesia.

2149 3703 2458 3776 Martyrium
2479 3707 2530 3760 in
2553 3709 2700 3763 tecto.
2727 3709 2839 3780 Ego
2863 3710 3150 3782 aliquando
3166 3729 3434 3771 memoror
3456 3716 3524 3772 de
3544 3718 3737 3775 libellis

2148 3796 2526 3854 miraculorum
2573 3809 2868 3872 martyrum
2897 3805 2954 3872 ’ν
3007 3819 3126 3874 quae
3155 3805 3210 3860 in
3244 3817 3528 3878 conspectu
3558 3820 3737 3867 vestro

2147 3885 2395 3956 leguntur
2420 3890 2520 3959 (a).
2550 3891 2688 3947 Ante
2713 3891 2828 3946 dics
2851 3893 3018 3948 lectus
3033 3903 3118 3950 est
3137 3895 3350 3966 quidam
3373 3898 3582 3955 libellus
3604 3941 3620 3967 ,
3642 3901 3734 3957 ubi

2142 3977 2352 4032 cuidam
2383 3989 2596 4049 aegrota:
2621 3997 2740 4052 qua:
2767 3982 3042 4040 doloribus
3058 3987 3335 4042 acerrimis
3364 3990 3729 4060 torquebatur,

2142 4082 2261 4122 cum
2290 4068 2544 4136 dixisset,
2580 4071 2745 4130 Ferre
2771 4089 2879 4130 non
2902 4091 3116 4144 possum
3141 4093 3156 4142 ;
3179 4079 3253 4134 ait
3277 4079 3351 4134 illi
3376 4080 3488 4150 ipse
3527 4092 3732 4156 martyr

2141 4161 2233 4230 qui
2274 4176 2465 4218 sanare
2493 4174 2713 4219 venerat
2744 4183 2758 4219 :
2789 4166 2926 4234 Quid
2946 4209 2960 4234 ,
2989 4170 3032 4223 si
3090 4171 3398 4243 martyrium
3448 4173 3677 4232 duceres
3704 4176 3730 4230 ξ’

2139 4252 2287 4308 Multi
2311 4269 2438 4325 ergo
2461 4255 2661 4313 ducunt
2688 4260 2999 4332 martyrium
3022 4262 3072 4316 in
3093 4262 3232 4320 lecto
3261 4283 3273 4318 :
3308 4281 3520 4335 prorsus
3544 4269 3722 4325 multi.

2140 4345 2234 4400 Est
2256 4347 2498 4416 quaedam
2527 4351 2825 4418 persecutio
2864 4362 3064 4408 satana:
3083 4394 3098 4418 ,
3129 4356 3389 4412 occultior
3418 4365 3473 4412 et
3498 4360 3725 4415 astutior

2140 4451 2298 4505 quam
2322 4446 2448 4492 tunc
2477 4437 2592 4492 fuit.
2616 4439 2767 4495 Jacet
2795 4440 2968 4497 ﬁdelis
2996 4442 3050 4498 in
3073 4443 3213 4500 lecto
3236 4485 3251 4510 ,
3281 4455 3556 4518 torquetur
3569 4449 3725 4506 dolos

2140 4526 2314 4592 ribus,
2347 4537 2492 4596 orat,
2547 4546 2651 4584 nou
2697 4533 2979 4588 exauditur
3024 4553 3037 4590 :
3084 4535 3192 4591 imo
3234 4539 3585 4608 exauditur',
3624 4543 3721 4598 sed

2140 4617 2394 4686 probatur
2413 4660 2429 4685 ,
2454 4619 2546 4674 sed
2572 4631 2878 4690 exercetur,
2906 4624 3000 4679 sed
3029 4635 3086 4680 ut
3112 4627 3399 4698 recipiatur
3429 4631 3586 4697 ﬁlius,
3618 4632 3719 4688 ﬂa-

2133 4709 2378 4778 gellatur.
2411 4709 2553 4780 Ergo
2576 4727 2697 4767 cum
2719 4721 2996 4784 torquetur
3023 4716 3293 4774 doloribus
3311 4762 3327 4788 ,
3357 4721 3505 4777 venit
3525 4723 3719 4794 lingua:

2135 4801 2388 4863 tentatio,
2429 4801 2630 4858 accedit
2655 4803 2721 4858 ad
2751 4804 2949 4861 lectum
2995 4816 3088 4863 aut
3140 4810 3449 4866 muliercula
3499 4813 3672 4884 aliqua
3698 4857 3716 4882 ,

2196 4936 2214 5008 ξ
2238 4935 2310 5008 sic
2331 4933 2512 4998 aliquot
2530 4942 2638 5008 uss.
2672 4942 2728 4988 At
2751 4937 2888 4999 editi,
2912 4939 3125 4991 coronati
3141 4945 3252 4992 sunt
3279 4953 3298 4991 :
3332 4953 3389 4992 ac
3409 4941 3552 5005 paulo
3583 4955 3710 5008 post,

2127 4995 2214 5060 qui
2235 4995 2541 5060 danuuzoerat
2563 5005 2733 5048 Deum.

2191 5061 2212 5090 ³
2232 5065 2297 5128 tta
2319 5061 2368 5129 in
2392 5057 2610 5129 pluribus
2629 5067 2735 5129 tuss.
2757 5067 2813 5129 At
2843 5061 2890 5110 in
2915 5063 3128 5123 excusis,
3145 5071 3249 5129 ﬁgo
3268 5062 3383 5129 quia
3411 5067 3590 5118 mando
3611 5082 3712 5119 me-

2125 5118 2380 5188 moriaque
2392 5118 2568 5170 libellis
2589 5120 2933 5172 miraculorum
2954 5118 3196 5188 martyris:

2190 5182 2211 5213 ³
2233 5182 2348 5248 mliti
2363 5182 2502 5244 juxta
2521 5190 3030 5248 germanensem‘stsq
3052 5182 3176 5244 orat,
3197 5187 3458 5238 esauditur
3473 5201 3492 5248 ;
3508 5187 3714 5242 imonon

2125 5242 2415 5352 1tistautlittttt'ri
2442 5245 2609 5293 Verior
2643 5246 2744 5294 visa
2767 5253 2845 5296 est
2865 5242 3069 5318 aliorum
3089 5242 3524 5312 manuscriptoruin
3544 5248 3708 5312 lectio,

2161 5318 2204 5352 te
2224 5317 2308 5352 res
2330 5319 2342 5352 ι
2367 5319 2398 5352 u
2419 5317 2462 5352 a.

2161 5305 2204 5353 ic
2224 5306 2462 5354 restituta.
2873 5314 2882 5318 ‘

2187 5365 2258 5427 (a)
2291 5366 2834 5434 Libellorumejusmodi
2857 5367 3123 5434 dandorum
3147 5377 3198 5434 et
3226 5371 3275 5420 in
3298 5371 3474 5434 pepulo
3500 5375 3709 5423 recitan-

2122 5427 2294 5508 ﬂewge
2313 5427 2712 5508 SQ“§£‘.¢.E‘§E‘E“E‘E
2726 5437 3005 5508 $9996!er
3017 5427 3708 5508 ξηιτρίξυεεθεὴάυδιιβιίοιωη

2124 5487 2206 5536 lib.
2234 5487 2294 5537 ἓξ
2315 5489 2378 5538 de
2407 5490 2607 5540 civitate
2631 5493 2734 5550 Dei,
2765 5505 2871 5564 cap.
2904 5492 2952 5552 8,
2975 5492 3039 5542 de
3063 5493 3303 5568 miraculis
3323 5487 3580 5568 sanitatum
3601 5487 3707 5606 Er

2124 5557 2380 5606 martyrem
2406 5551 2696 5606 Stephanum
2719 5554 2854 5603 tactis
2869 5567 3024 5606 agens
3041 5562 3270 5606 testatur:
3290 5557 3454 5606 tbtmte
3471 5557 3598 5606 stant
3687 5565 3707 5606 t

2122 5557 2380 5622 martyrem
2406 5551 2696 5622 Stephanum
2719 5551 3024 5622 iactis‘agens
3041 5562 3270 5622 testatur;
3290 5557 3454 5618 ibique
3471 5551 3709 5622 signiﬁcat

2119 5609 2310 5684 libellus
2326 5625 2428 5684 non
2446 5609 2824 5684 anteiiieppium
2844 5609 2946 5667 dari
2977 5618 3200 5680 cmpisse.
3234 5609 3344 5670 titec
3365 5609 3485 5683 vero
3514 5609 3706 5670 scribo-

2120 5673 2201 5728 bat
2217 5673 2308 5722 sub
2325 5673 2469 5724 linem
2487 5675 2596 5724 anui
2616 5674 2721 5725 426.
