4102 6326
343 270 477 328 1301

341 397 432 442 aut
460 386 540 442 vir
562 427 576 453 ,
609 385 654 441 si
694 383 773 438 vir
801 379 1058 438 dicendus
1085 386 1201 442 est;
1264 384 1320 431 et
1353 373 1483 431 dicit
1529 381 1733 443 tegroto
1753 411 1771 437 ,
1812 368 1919 424 Fac

344 480 487 534 illam
514 478 792 548 ligaturam
812 515 829 542 ,
854 480 909 529 et
932 485 1093 527 sanus
1116 469 1222 524 eris
1254 485 1268 521 :
1297 464 1613 521 adhibeatur
1663 462 1753 517 illa
1781 475 1919 531 pra:-

342 569 610 633 cantatio,
639 575 692 623 et
715 581 874 622 sanus
903 565 1031 620 eris.
1054 562 1147 617 ille
1165 568 1220 615 et
1248 560 1337 615 ille
1364 566 1417 613 et
1446 558 1535 613 ille
1557 598 1574 624 ,
1605 556 1867 625 interroga
1900 595 1918 619 ,

342 664 457 717 sani
488 661 610 716 inde
630 659 756 715 facti
783 667 928 714 sunt.
957 656 1072 711 Non
1095 655 1267 718 cedit,
1297 667 1402 706 non
1424 651 1790 719 obtemperat,
1816 660 1921 701 non

341 768 439 807 cor
477 752 727 815 inclinat;
757 756 929 807 certat
952 755 1150 803 tamen.
1188 744 1340 799 Vires
1362 757 1466 796 non
1497 740 1695 806 habet,
1734 747 1791 794 et
1811 738 1923 793 dia-

341 842 523 897 bolum
545 841 728 896 vincit.
762 840 849 895 Fit
868 838 1070 908 martyr
1090 837 1143 891 iu
1174 835 1312 891 lecto
1337 875 1351 902 ,
1372 840 1662 889 coronante
1697 830 1789 885 illo
1832 830 1924 900 qui

342 949 439 1005 pro
471 934 564 989 illo
590 931 842 1004 pependit
869 931 923 986 in
945 930 1107 1000 ligno.

731 1067 962 1125 SEBMO
986 1064 1357 1124 CCLxxxvn
1384 1067 1400 1088 ·
1426 1063 1522 1137 (a).

341 1214 393 1259 lu
422 1206 571 1260 natali
588 1213 633 1256 s.
666 1205 859 1256 Joannis
880 1203 1120 1267 Baptistae,
1145 1200 1230 1265 qui
1249 1205 1326 1251 est
1345 1214 1425 1251 vm
1446 1196 1676 1248 calendas
1699 1193 1809 1258 julii
1831 1191 1923 1257 (b).

368 1332 643 1390 'CAPUT
716 1330 1001 1387 PRIMUM.
1065 1359 1135 1370 -—
1196 1328 1247 1381 1.
1318 1324 1521 1379 Natalis
1577 1323 1683 1378 dies
1740 1320 1927 1378 Christi

343 1435 539 1481 tantum
570 1434 616 1479 et
638 1423 855 1477 Joannis
876 1421 936 1475 ab
963 1419 1196 1475 Ecclesia
1230 1419 1529 1473 celebratus.
1559 1415 1771 1472 Prolixa
1801 1430 1927 1469 nar—

349 1519 489 1575 ratio
507 1560 521 1584 ,
548 1516 643 1573 sed
658 1522 1034 1586 compensatur
1052 1513 1203 1568 labor
1226 1511 1482 1567 auditoris
1498 1508 1781 1565 dulcedine
1797 1507 1931 1562 veri-

348 1610 497 1665 tatis.
518 1608 780 1663 lllustrem
807 1607 1135 1661 nativitatem
1166 1602 1457 1659 beatissimi
1482 1601 1701 1658 Joannis
1722 1613 1929 1670 prmco-

344 1703 430 1756 nis
476 1709 532 1757 et
579 1699 928 1772 prmcursoris
980 1697 1216 1764 Christi,
1248 1703 1641 1751 cum-sanctum
1685 1693 1928 1761 Evange-

344 1795 477 1850 lium
526 1795 820 1865 legeretur,
864 1790 1179 1846 audivimus.
1233 1788 1367 1843 lliuc
1404 1786 1642 1843 attendat
1687 1783 1930 1841 Charitas

344 1896 521 1942 vestra
542 1927 555 1951 ,
587 1900 745 1955 quam
773 1884 949 1954 magni
978 1882 1208 1937 hominis
1234 1880 1480 1935 nativitas
1524 1878 1664 1933 facta
1709 1878 1798 1933 sit.
1826 1875 1931 1932 Na-

345 1977 469 2033 talis
493 1976 606 2032 dies
627 1977 803 2031 carnis
825 1971 953 2029 nulli
984 1974 1373 2043 Pr0phetarum
1389 2014 1405 2038 ,
1439 1971 1568 2025 nulli
1592 1968 1930 2024 Patriarcha-

346 2084 495 2133 rum,
519 2067 718 2124 nemini
747 2065 1121 2136 Apostolorum
1151 2064 1438 2119 celebravit
1478 2061 1715 2117 Ecclesia
1746 2078 1758 2114 :
1787 2061 1931 2115 solos

346 2162 482 2217 duos
507 2159 717 2214 Natales
737 2158 1004 2222 celebrat,
1038 2156 1193 2226 hujus
1218 2165 1273 2211 et
1292 2154 1507 2210 Christi.
1535 2154 1797 2223 Tempora
1818 2153 1930 2223 ipsa

345 2252 537 2323 quibus
575 2250 685 2305 nati
706 2258 828 2305 sunt
856 2248 1014 2303 ambo
1034 2290 1049 2315 ,
1077 2263 1328 2318 maguum
1358 2245 1667 2317 mysterium
1698 2244 1933 2314 prmligu-

347 2354 487 2401 rant.
517 2344 749 2400 Joannes
797 2357 1022 2411 magnus
1059 2349 1174 2395 erat
1206 2340 1367 2394 homo
1391 2380 1407 2406 ,
1440 2337 1533 2392 sed
1572 2337 1754 2391 homo.
1800 2336 1931 2391 Tam

352 2450 571 2506 magnus
598 2442 774 2489 autem
796 2442 909 2489 erat
929 2432 1090 2486 homo
1108 2473 1122 2496 ,
1157 2440 1213 2485 ut
1236 2428 1486 2500 quidquid
1514 2430 1628 2498 plus
1658 2429 1749 2483 illo
1770 2435 1927 2491 esset,

351 2530 492 2584 Deus
513 2534 672 2582 esset.
706 2526 804 2592 Qui
828 2535 937 2595 post
958 2541 1036 2578 me
1056 2524 1183 2578 venit
1208 2566 1222 2590 ,
1248 2523 1413 2592 major
1436 2538 1515 2575 me
1532 2531 1604 2574 est
1636 2519 1842 2591 (Matth.
1873 2535 1930 2585 ιι,

352 2618 462 2692 Η).
496 2618 636 2673 Dixit
678 2617 780 2674 hoc
805 2616 1035 2672 Joannes
1060 2633 1072 2668 :
1111 2613 1142 2668 Ι
1147 2631 1234 2684 pse
1264 2614 1428 2684 major
1456 2629 1534 2665 me
1560 2621 1649 2666 est.
1680 2611 1736 2666 Si
1764 2611 1935 2680 major

350 2720 404 2766 te
425 2718 541 2778 est,
569 2709 696 2780 quid
725 2717 807 2763 est
848 2708 989 2777 quod
1016 2707 1189 2776 ipsum
1233 2704 1490 2773 majorem
1519 2712 1569 2757 te
1596 2744 1610 2768 ,
1638 2702 1934 2757 audivimus

351 2804 643 2867 dicentem,
674 2800 741 2855 In
780 2802 912 2855 natis
942 2800 1207 2854 ntulierum
1253 2814 1395 2850 nemo
1441 2795 1719 2849 exsurrexit
1768 2794 1936 2864 major

351 2895 552 2950 Joanne
580 2894 812 2965 Baptista
841 2891 949 2964 (Id.
983 2908 1035 2945 XI
1056 2932 1071 2957 ,
1105 2890 1191 2961 ll)
1221 2889 1244 2942 ?
1287 2888 1340 2943 Si
1370 2904 1527 2943 nemo
1556 2887 1829 2941 hominum
1853 2894 1936 2941 est

351 2994 406 3042 te
435 2988 637 3056 major,
662 2984 786 3055 quid
815 2992 897 3038 est
926 2983 1013 3037 ille
1037 2982 1125 3054 qui
1148 2989 1201 3035 te
1230 2980 1399 3049 major
1426 2979 1544 3035 est?
1568 2978 1695 3046 Quis
1724 2979 1826 3042 sit,
1855 2978 1936 3032 vis

352 3076 585 3132 audire?
640 3074 705 3130 In
746 3075 996 3146 principio
1022 3083 1128 3127 erat
1180 3072 1432 3138 Verbum,
1473 3080 1521 3125 et
1558 3070 1775 3125 Verbum
1830 3079 1936 3124 erat

352 3166 492 3239 apud
516 3165 681 3221 Deunt
701 3208 715 3230 ,
737 3176 785 3220 et
812 3164 955 3220 Deus
981 3174 1085 3219 erat
1115 3163 1350 3217 Verbum.

420 3260 475 3313 2.
517 3259 743 3313 Christus
780 3259 861 3311 hic
906 3257 1039 3311 diem
1091 3255 1233 3309 habet
1276 3254 1492 3308 natalem
1527 3263 1581 3307 ut
1611 3255 1793 3317 homo,
1836 3270 1937 3308 non

353 3362 408 3405 ut
436 3350 593 3405 Deus.
621 3350 691 3405 Et
728 3349 993 3420 quomodo
1031 3348 1264 3404 Verbum
1305 3348 1397 3402 Dei
1442 3348 1578 3402 Deus
1602 3389 1617 3412 ,
1661 3363 1755 3417 per
1794 3347 1938 3418 quod

352 3442 488 3496 facta
514 3450 636 3495 sunt
674 3440 848 3493 omnia
870 3481 884 3505 ,
913 3439 1053 3509 quod
1082 3448 1260 3492 uatum
1282 3448 1364 3493 est
1388 3438 1505 3493 sine
1534 3438 1684 3492 initio
1731 3446 1938 3507 tempo-

351 3531 428 3586 ris
451 3573 465 3595 ,
493 3546 591 3600 per
618 3529 758 3599 quod
786 3529 919 3583 facta
951 3536 1075 3582 sunt
1113 3540 1350 3597 tempora
1379 3569 1393 3590 ,
1421 3527 1562 3581 diem
1594 3527 1820 3580 natalem
1854 3526 1936 3581 in-

357 3621 503 3675 venit
532 3619 585 3673 iu
616 3617 893 3688 tempore?
935 3616 1213 3683 Quomodo
1234 3657 1248 3680 ,
1291 3616 1501 3685 inquam
1527 3657 1542 3681 ,
1570 3615 1804 3669 Verbmn
1845 3631 1940 3684 per

355 3712 496 3781 quod
527 3709 664 3764 facta
709 3716 834 3762 sunt
864 3718 1135 3777 tempora,
1166 3706 1310 3760 diem
1367 3705 1594 3759 natalem
1644 3706 1843 3759 invenit
1887 3706 1937 3760 in

354 3803 633 3876 tempore?
660 3802 866 3869 Qumris
886 3799 1184 3871 quomodo?
1206 3798 1339 3853 Audi
1363 3799 1532 3868 ipsum
1558 3798 1901 3868 Evangelium
1924 3816 1936 3852 :

364 3899 579 3955 Verbum
608 3913 727 3951 caro
768 3898 957 3966 factum
985 3901 1089 3957 est,
1122 3901 1168 3946 et
1197 3892 1434 3945 habitavit
1460 3892 1511 3943 in
1537 3892 1677 3944 nobis
1700 3891 1875 3960 (Joan.
1900 3908 1938 3959 I,

357 3992 381 4045 1
411 4031 425 4052 ,
452 3988 561 4059 ll).
596 3987 796 4041 Natalis
825 3984 1019 4039 Christi
1047 3982 1237 4037 natalis
1258 3990 1339 4037 est
1367 3981 1543 4035 carnis
1567 4023 1581 4046 ,
1611 3996 1715 4035 non
1740 3980 1897 4035 Verbi
1924 3997 1938 4034 :

355 4080 449 4136 sed
480 4080 598 4133 ideo
628 4076 819 4132 natalis
847 4084 931 4131 est
961 4074 1158 4141 Verbi,
1190 4074 1311 4143 quia
1351 4072 1564 4126 Verbum
1604 4090 1724 4126 caro
1750 4073 1942 4142 factum

357 4182 447 4227 est.
476 4172 669 4226 Natum
694 4178 775 4224 est
796 4168 1028 4223 Verbum
1054 4209 1067 4231 ,
1091 4166 1183 4221 sed
1215 4166 1265 4220 in
1297 4181 1458 4221 carne
1486 4175 1667 4219 natum
1695 4174 1805 4231 est,
1837 4181 1941 4219 non

357 4267 408 4320 in
432 4282 509 4320 se.
550 4265 606 4319 In
636 4280 694 4319 se
714 4271 892 4317 autem
921 4271 1003 4316 est
1030 4260 1245 4330 quidem
1270 4274 1299 4313 a
1326 4258 1483 4315 Patre
1502 4300 1518 4326 ,
1552 4260 1647 4314 sed
1673 4259 1813 4314 diem
1844 4275 1941 4313 na-

359 4358 518 4411 talem
548 4371 653 4410 non
680 4352 839 4409 habet
866 4353 917 4407 in
951 4362 1208 4421 tempore.

424 4446 650 4502 CAPUT
678 4443 747 4501 11.
768 4476 837 4485 —
858 4444 910 4499 3.
954 4443 1206 4497 Mirabilis
1235 4450 1447 4513 utraque
1472 4443 1727 4510 nativitas,
1759 4443 1942 4499 Christi

357 4550 402 4594 et
427 4538 667 4607 Joannis,
692 4539 806 4593 licet
827 4544 970 4591 tanta
995 4536 1059 4590 sit
1085 4536 1216 4589 inter
1243 4550 1325 4589 eos
1355 4535 1614 4588 distantia.
1656 4535 1818 4589 Natus
1861 4545 1944 4590 est

357 4631 621 4695 Joannes,
650 4636 807 4683 natus
843 4635 925 4682 est
953 4635 1007 4681 et
1034 4625 1275 4682 Christus
1306 4641 1318 4677 :
1345 4626 1684 4678 annuntiatus
1711 4624 1942 4680 Joannes

359 4724 426 4778 ab
453 4722 659 4791 angelo,
693 4719 1035 4774 annuntiatus
1060 4716 1303 4772 Christus
1331 4718 1397 4772 ab
1423 4718 1630 4788 angelo.
1651 4717 1944 4788 Utrumque

362 4828 610 4883 magnum
647 4811 983 4865 miraculum.
1010 4808 1231 4863 Servum
1260 4824 1644 4878 przccursorem
1674 4811 1808 4879 parit
1832 4820 1942 4866 ste-

362 4905 478 4960 rilis
502 4904 569 4959 de
596 4917 724 4958 sene
749 4901 884 4967 viro,
917 4901 1197 4956 Dominum
1239 4913 1600 4968 possessorem
1634 4902 1768 4968 parit
1797 4902 1946 4969 vit-go

362 4997 479 5052 sine
519 4996 655 5050 viro.
706 4993 925 5064 Magnus
971 4991 1134 5045 homo
1177 4989 1454 5045 Joannes:
1488 4990 1580 5043 sed
1628 4990 1742 5058 plus
1786 5006 1944 5060 quant

366 5090 525 5155 homo
546 5086 822 5151 Christus;
844 5084 966 5155 quia
994 5090 1048 5136 et
1070 5080 1232 5137 homo
1253 5088 1308 5135 et
1324 5080 1483 5135 Deus.
1512 5080 1727 5149 Magnus
1750 5080 1908 5136 homo
1929 5098 1942 5147 ;

365 5180 460 5236 sed
503 5176 860 5235 humiliandus
904 5182 1019 5231 erat
1061 5175 1257 5237 homo,
1306 5179 1365 5226 ut
1416 5171 1739 5227 exaltaretur
1785 5172 1943 5227 Deus.

369 5275 607 5344 Denique
649 5272 770 5343 quia
808 5266 1166 5323 humiliandus
1208 5275 1323 5321 erat
1369 5265 1559 5332 homo,
1600 5264 1721 5317 audi
1774 5265 1945 5334 ipsum

368 5366 635 5423 hominem
685 5381 697 5417 :
746 5361 869 5416 Non
913 5376 1026 5415 sum
1073 5359 1257 5430 dignus
1301 5358 1571 5428 corrigiam
1627 5356 1948 5410 calceamenti

368 5521 387 5542 ‘
414 5508 702 5568 mendatus
723 5518 783 5567 ad
813 5531 891 5577 gr.
927 5522 979 5565 et
1016 5514 1075 5577 ad
1114 5514 1251 5562 Ulim.
1294 5518 1396 5561 Par.
1423 5519 1531 5561 Lov.

452 5583 503 5637 a)
538 5580 677 5637 Alias,
709 5580 773 5628 de
805 5576 1015 5627 Diversis
1044 5576 1122 5624 ΑΟ.

432 5581 506 5702 gn)
538 5581 677 5637 Alias,
709 5581 773 5628 de
805 5581 1015 5627 Diversis
1044 5581 1122 5624 4t).

458 5640 483 5689 ὁ
523 5640 863 5702 Sermonesde
887 5638 1031 5688 Natali
1056 5636 1485 5702 Joannisﬁaptisttc
1510 5634 1676 5701 plures
1693 5641 1823 5688 notat
1846 5644 1932 5689 Pes

368 5698 521 5756 adius
554 5705 602 5754 in
628 5701 852 5763 lndiculo,
879 5714 1011 5762 capp.
1048 5699 1095 5762 8,
1121 5700 1151 5750 9
1171 5707 1221 5749 et
1250 5698 1320 5748 lO.

1655 254 1882 310 SERMO
1916 252 2311 310 CCLXXXVII.

3474 261 3613 317 {302

2027 368 2138 438 ejus
2154 369 2341 424 solvere
2363 368 2540 442 (Joan.
2573 385 2609 437 t,
2639 370 2751 444 27).
2778 371 2833 429 Si
2856 387 2913 428 se
2948 371 3167 443 dignum
3190 372 3424 440 diceret,
3444 387 3612 445 quan-

2029 467 2142 514 tum
2170 474 2229 515 se
2256 459 2595 519 humiliaret?
2622 464 2732 521 Nec
2773 464 2877 521 hoc
2917 478 2976 519 se
3018 464 3152 520 dixit
3197 464 3437 535 dignum.
3479 462 3610 520 Om-

2029 551 2156 607 nino
2201 554 2490 622 prostravit
2527 571 2604 623 se,
2645 566 2700 612 et
2740 557 3027 628 prostravit
3072 571 3131 612 se
3164 556 3264 611 sub
3301 564 3470 626 petra.
3502 555 3612 611 Lu-

2029 644 2352 700 cernaenim
2375 656 2490 702 erat
2514 646 2627 704 (Id.
2647 664 2699 714 v,
2722 646 2833 721 55),
2860 657 2914 704 et
2937 655 3093 704 vento
3108 646 3373 718 superbia:
3396 647 3615 703 timebat

2028 732 2310 802 exstingui.

2099 822 2325 883 CAPUT
2352 825 2438 884 Ill.
2462 861 2531 871 —
2551 832 2607 886 4.
2633 830 2819 887 Christi
2844 842 2890 886 et
2917 832 3134 886 Joannis
3171 831 3224 885 in
3254 831 3335 886 die
3368 831 3528 886 natali
3565 842 3614 883 et

2028 922 2084 976 in
2134 922 2369 991 passione
2412 922 2697 990 differentia
2724 926 2844 995 quid
2871 924 3191 995 significavit.
3219 922 3456 993 Denique
3491 922 3615 992 quia

2032 1013 2391 1071 humiliandus
2428 1023 2543 1073 erat
2585 1017 2759 1072 omnis
2807 1018 2970 1072 homo
3012 1016 3244 1083 Christo,
3288 1029 3355 1070 ac
3400 1029 3496 1086 per
3515 1014 3618 1069 hoc

2033 1114 2087 1161 et
2105 1105 2373 1171 Joannes;
2400 1116 2455 1163 et
2473 1106 2617 1177 quod
2640 1108 2954 1163 exaltandus
2978 1115 3095 1163 erat
3114 1108 3251 1163 Deus
3278 1105 3623 1163 homo~Chri-

2033 1204 2172 1264 stus,
2200 1196 2584 1252 demonstravit
2620 1206 2675 1254 et
2712 1198 2830 1254 dies
2872 1199 3089 1262 natalis,
3116 1208 3170 1254 et
3193 1212 3390 1268 genera
3416 1197 3617 1268 passio-

2034 1302 2182 1342 num.
2210 1286 2377 1344 Natus
2404 1297 2487 1344 est
2504 1288 2740 1344 Joannes
2768 1288 2960 1345 hodie:
2990 1290 3057 1343 ah
3084 1288 3344 1345 hodierno
3368 1289 3619 1345 minutum

2034 1385 2119 1433 tur
2141 1378 2278 1434 dies.
2291 1379 2457 1435 Natus
2475 1387 2559 1435 est
2571 1379 2816 1436 Christus
2835 1387 3023 1435 octavo
3042 1379 3290 1436 calendas
3308 1378 3579 1450 januarias
3598 1394 3613 1430 :

2032 1469 2102 1525 ab
2131 1470 2221 1524 illo
2248 1469 2336 1526 die
2359 1479 2611 1527 crescunt
2639 1471 2773 1527 dies.
2805 1469 3038 1526 Joannes
3076 1471 3130 1525 in
3168 1470 3417 1541 passione
3443 1469 3619 1537 capite

2034 1568 2116 1615 est
2142 1560 2467 1627 diminutus,
2511 1560 2753 1618 Christus
2777 1562 2830 1616 in
2858 1562 3001 1632 ligno
3027 1567 3110 1615 est
3131 1561 3408 1616 exaltatus.
3447 1560 3617 1626 Quam

2035 1652 2174 1709 bene
2215 1654 2489 1709 nuntiatus
2514 1663 2597 1709 est
2622 1654 2812 1724 virgini
2841 1653 3019 1708 Maria:
3037 1693 3051 1716 ,
3077 1667 3234 1723 quam
3270 1667 3397 1708 vere
3414 1692 3430 1719 ,
3457 1665 3618 1722 quam

2034 1754 2218 1802 sancte
2235 1747 2251 1777 ⁸
2274 1763 2286 1799 :
2306 1745 2570 1813 Quomodo
2595 1747 2681 1816 ﬁet
2708 1745 2862 1810 istud,
2879 1744 3118 1816 quoniam
3131 1744 3294 1797 virum
3310 1760 3408 1797 non
3428 1758 3621 1813 cogna-

2036 1837 2159 1891 sco?
2187 1837 2469 1905 Credebat,
2497 1837 2589 1893 sed
2617 1837 2831 1892 modum
2858 1835 3146 1907 quaerebat.
3161 1835 3227 1890 Et
3243 1833 3365 1904 quid
3384 1832 3621 1889 audivit?

2038 1926 2265 1997 Spiritus
2310 1938 2517 1984 sanctus
2555 1930 2868 2000 superveniet
2908 1930 2960 1982 in
2996 1939 3063 1993 te,
3090 1938 3135 1983 et
3159 1929 3315 1982 virtus
3342 1926 3619 1989 Altissimi,

2036 2018 2149 2088 ipse
2174 2018 2405 2089 Spiritus
2430 2028 2668 2087 sanctus,
2697 2019 2748 2074 id
2768 2028 2851 2075 est
2869 2060 2882 2084 ,
2909 2020 3062 2074 virtus
3084 2018 3328 2073 Altissimi
3351 2015 3622 2071 obumbra-

2038 2108 2105 2163 bit
2133 2107 2244 2162 tibi.
2276 2107 2343 2161 Et
2369 2118 2637 2181 propterea
2661 2110 2756 2164 hoc
2782 2108 2917 2180 quod
2941 2118 3173 2163 nascetur
3196 2124 3258 2162 ea:
3280 2116 3327 2161 te
3355 2106 3631 2171 sanctum,

2036 2200 2292 2253 vocabitur
2318 2198 2485 2253 Filius
2509 2199 2601 2253 Dei
2629 2200 2777 2270 (Luc.
2805 2216 2853 2267 ι,
2874 2199 2943 2255 54
2972 2209 3018 2254 et
3034 2198 3147 2269 55).
3180 2196 3352 2252 Virtus
3379 2196 3626 2251 Altissimi

2037 2290 2350 2344 obumbrabit
2402 2291 2509 2345 tibi.
2562 2290 2679 2345 Erit
2724 2291 2869 2345 inte
2924 2298 3249 2360 conceptus,
3305 2286 3471 2343 libido
3518 2303 3624 2341 non

2038 2383 2141 2437 erit
2161 2383 2629 2453 concupiscentiae.
2659 2383 2772 2440 Non
2799 2384 2901 2439 erit
2920 2391 3100 2449 aestus,
3126 2381 3211 2436 ubi
3234 2381 3479 2437 umbram
3501 2379 3635 2436 facit

2040 2475 2273 2546 Spiritus
2299 2485 2537 2532 sanctus.
2560 2476 2665 2533 Sed
2691 2477 2812 2547 quia
2839 2477 3048 2545 corpori
3076 2483 3256 2531 nostro
3285 2481 3411 2529 sunt
3440 2481 3623 2535 testas.

2043 2564 2312 2621 sufﬁciant
2358 2566 2473 2621 hazc
2516 2566 2765 2621 charitati
2805 2576 3033 2621 vestrm:
3063 2565 3198 2620 bene
3225 2563 3452 2634 cogitata
3474 2563 3629 2634 plura

2044 2665 2222 2712 erunt.

2418 2726 2644 2783 SERMO
2681 2726 3073 2782 CCLXXXVIII
3106 2729 3125 2748 ο
3154 2724 3248 2797 (a).
3300 2790 3301 2793 γ

2376 2847 2429 2890 In
2460 2839 2607 2892 Natali
2636 2840 2830 2891 Joannis
2861 2841 3098 2902 Baptistze,
3132 2856 3161 2889 ιι
3196 2839 3286 2901 (υ).

2590 2948 2668 3002 De
2696 2963 2813 3001 voce
2837 2957 2883 3001 et
2908 2948 3075 3000 verbo.

2117 3063 2136 3116 Ι
2153 3102 2163 3114 .
2179 3059 2449 3116 Celebritas
2464 3061 2731 3114 nativitatis
2743 3060 2783 3115 S
2793 3100 2805 3113 .
2819 3059 3057 3113 Joannis.
3078 3059 3187 3112 Diei
3208 3057 3479 3111 hodieer
3494 3056 3632 3111 festi-

2040 3155 2176 3205 vitas
2186 3153 2546 3207 anniversario
2558 3151 2729 3207 reditu
2743 3150 3051 3204 memoriam
3065 3156 3302 3212 renovat,
3320 3158 3497 3201 natum
3510 3162 3631 3203 esse

2045 3243 2253 3297 Domini
2270 3257 2653 3313 praecursorem
2673 3250 2797 3296 ante
2808 3240 3101 3296 mirabilem
3130 3238 3464 3303 mirabiliter;
3479 3238 3633 3305 cujus

2046 3335 2377 3389 nativitatem
2406 3333 2746 3388 considerare
2770 3347 2871 3387 nos
2895 3339 2950 3386 et
2978 3330 3195 3385 laudare
3217 3330 3446 3383 maxime
3472 3327 3633 3383 hodie

2045 3427 2314 3482 convenit.
2345 3425 2421 3478 Ad
2453 3425 2553 3479 hoc
2574 3424 2716 3478 enim
2737 3432 2791 3478 et
2817 3422 2931 3477 dies
2957 3420 3351 3475 anniversarius
3376 3419 3500 3474 huic
3528 3420 3631 3473 mi-

2048 3518 2230 3572 raculo
2254 3516 2527 3571 dedicatus
2551 3523 2664 3577 est,
2689 3523 2747 3568 ut
2774 3512 3026 3567 beneficia
3055 3512 3147 3566 Dei
3189 3519 3243 3565 et
3280 3509 3472 3565 excelsi
3521 3524 3633 3563 ma-

2047 3608 2219 3677 gnalia
2247 3622 2351 3661 non
2372 3605 2546 3660 deleat
2565 3604 2761 3659 oblivio
2782 3604 2847 3657 de
2868 3603 3119 3659 cordibus
3144 3601 3364 3656 nostris.
3395 3600 3631 3655 Joannes

2052 3714 2181 3768 ergo
2209 3712 2386 3767 prince
2414 3695 2621 3750 Domini
2647 3695 2841 3749 missus
2857 3703 2980 3748 ante
3006 3694 3151 3747 illum
3171 3734 3186 3757 ,
3216 3691 3308 3746 sed
3344 3691 3512 3746 lactus
3537 3705 3632 3760 per

2049 3792 2217 3846 illum.
2251 3790 2435 3843 Omnia
2455 3790 2595 3843 enim
2627 3805 2716 3858 per
2743 3789 2911 3856 ipsum
2940 3789 3075 3857 facta
3100 3795 3247 3849 sunt,
3288 3792 3333 3837 et
3376 3784 3484 3837 sine
3523 3784 3632 3853 ipsa

2051 3887 2241 3954 factum
2270 3893 2341 3937 est
2371 3880 2516 3936 nihil.
2555 3882 2746 3936 Missus
2788 3880 2949 3936 homo
2972 3890 3095 3934 ante
3126 3878 3393 3932 hominem
3424 3874 3588 3931 Deum
3614 3918 3629 3937 ,

2049 3989 2345 4044 agnoscens
2391 3974 2673 4028 Dominum
2719 3988 2873 4027 suum
2904 4014 2918 4035 ,
2963 3971 3284 4026 annuntians
3323 3970 3632 4026 Creatorem

2048 4081 2237 4129 suum;
2260 4064 2369 4134 jam
2414 4067 2468 4118 in
2511 4073 2649 4119 terra
2691 4072 3010 4134 prmsentem
3054 4072 3233 4117 mente
3278 4062 3628 4126 discernens,

2048 4155 2213 4225 digito
2254 4155 2563 4209 ostendens.
2598 4155 2766 4224 Ipsius
2796 4155 2937 4209 enim
2963 4153 3124 4208 verba
3154 4162 3279 4207 sunt
3301 4152 3635 4208 ostendentis

2032 4246 2334 4313 Dominum
2377 4253 2433 4299 et
2478 4246 2833 4300 testimonium
2882 4244 3244 4313 perhibentis,
3289 4243 3423 4297 Ecce
3458 4243 3632 4313 Agnus

2050 4335 2166 4400 Dei,
2181 4352 2294 4390 ecce
2311 4337 2396 4405 qui
2413 4335 2542 4389 tollit
2567 4344 2820 4406 peccatum
2841 4334 3017 4388 mundi
3038 4334 3214 4406 (Joan.
3238 4350 3278 4400 ι,
3296 4335 3350 4400 3,
3383 4335 3496 4405 29).
3522 4335 3633 4390 Me-

2049 4429 2152 4482 rito
2181 4443 2311 4499 ergo
2374 4428 2567 4483 sterilis
2596 4428 2800 4496 peperit
2840 4441 3159 4496 praeconem,
3187 4427 3335 4497 virgo
3375 4427 3629 4495 judieem.

2052 4521 2107 4575 ln
2147 4530 2320 4575 matre
2344 4520 2561 4574 Joannis
2589 4517 2843 4573 sterilitas
2881 4518 3086 4588 accepit
3137 4517 3548 4572 fecunditatem:
3577 4517 3635 4572 in

2050 4620 2222 4665 matre
2249 4611 2446 4665 Christi
2485 4609 2782 4666 fecunditas
2819 4625 2925 4665 non
2969 4610 3207 4679 eorrupit
3250 4607 3627 4677 integritatem.

2052 4703 2109 4758 Si
2139 4711 2311 4757 vestra
2340 4702 2614 4772 patientia,
2642 4710 2695 4755 et
2722 4701 2958 4770 quietum
2984 4701 3251 4767 studium,
3279 4708 3334 4754 et
3372 4708 3630 4755 attentum

2052 4793 2322 4849 silentium
2367 4794 2602 4861 przcbeat
2644 4791 2773 4846 mihi
2815 4792 3356 4862 copiam,adjuvante
3383 4792 3627 4859 Domino,

2053 4884 2235 4937 dicere
2259 4882 2399 4951 quod
2419 4882 2582 4936 donat
2608 4890 2667 4936 ut
2689 4882 2861 4937 dicam
2882 4899 2897 4947 ;
2915 4882 3016 4936 erit
3042 4881 3224 4950 procul
3244 4880 3409 4936 dubio
3429 4880 3634 4937 fructus

2053 4974 2362 5029 attentionis
2386 4983 2599 5041 vestrm,
2627 4982 2682 5029 et
2710 4988 2885 5043 operte
2912 4973 3139 5043 pretium
3162 4973 3320 5028 studii
3347 4975 3512 5029 nostri
3534 5014 3548 5038 ,
3574 4986 3633 5030 ut

2053 5063 2252 5134 aliquid
2281 5063 2421 5134 quod
2450 5064 2516 5119 ad
2542 5079 2789 5135 magnum
2814 5073 3205 5119 sacramentum
3237 5065 3516 5134 pertineat,
3543 5064 3625 5120 in-

2056 5156 2263 5210 sinuem
2291 5155 2510 5210 auribus
2536 5164 2592 5211 et
2618 5154 2867 5210 cordibus
2890 5155 3100 5211 vestris.

2123 5250 2181 5301 ‘8.
2221 5246 2446 5301 Joannes
2473 5248 2586 5317 plus
2612 5263 2762 5317 quant
2789 5246 3055 5316 propheta,
3075 5261 3126 5302 se
3154 5248 3346 5318 abjecto
3379 5249 3634 5305 Christum

2058 5338 2394 5394 commendat.
2450 5338 2686 5392 Fuerunt
2731 5336 3012 5406 Propheta:
3057 5346 3181 5394 ante
3211 5317 3485 5394 Joannem
3518 5379 3532 5405 ,
3583 5349 3636 5394 et
3681 5317 3693 5326 ”

2123 5453 2139 5484 ι
2165 5451 2625 5515 Germanensis_sts.,
2646 5462 2803 5515 quani
2811 5461 2920 5515 vere
2942 5456 3123 5501 sancta.

2120 5515 2137 5533 ⁸
2164 5512 2451 5562 Emendatus
2469 5510 2530 5561 ad
2551 5510 2601 5560 d.
2626 5510 2669 5560 ι’.
2695 5519 2730 5562 t.
2746 5511 2823 5562 vd.
2846 5514 2982 5562 sirm.
3010 5520 3062 5563 et
3083 5514 3140 5562 ad
3166 5516 3473 5566 Pctavianum
3490 5517 3573 5566 Ms.

2122 5575 2192 5698 (ag
2226 5574 2364 5645 Alias,
2396 5573 2460 5621 25
2491 5573 2619 5623 inter
2635 5574 3010 5643 _Sirmondianos.

2123 5638 2169 5698 (h
2225 5635 2436 5687 Meuunit
2472 5635 2707 5688 Possidius
2746 5637 2796 5688 in
2828 5636 3010 5688 lndicult

2123 5635 2192 5698 (tv)
2225 5635 2436 5687 Meminit
2472 5635 2707 5688 Possidius
2746 5637 2796 5688 in
2828 5636 3053 5701 lndiculo,
3078 5649 3183 5701 cap.
3212 5638 3267 5702 8;
3305 5646 3355 5692 et
3386 5646 3545 5692 ειη-ιε
3584 5640 3641 5689 at
