4102 6326
525 231 661 289 1503

498 347 692 411 -nmlti.
714 356 766 403 et
790 348 986 418 magni,
1011 356 1063 402 et
1093 347 1283 414 sancti,
1313 345 1458 418 digni
1489 346 1616 412 Deo,
1646 344 1755 399 Deo
1779 343 1918 413 pleni
1939 383 1954 406 ,
1985 341 2101 397 Sal-

517 439 714 495 vatoris
740 439 1202 508 prrcnuntiatores;
1231 439 1467 493 veritatis
1492 446 1847 493 attestatores.
1882 436 2104 491 Verum-

515 541 690 585 tamen
715 529 783 584 de
798 530 946 584 nullo
972 544 1153 584 eorum
1179 530 1280 584 dici
1313 530 1502 600 potuit,
1526 529 1668 598 quod
1700 529 1898 583 dictum
1924 537 2007 583 est
2033 528 2100 582 de

511 619 717 674 Joanne
757 638 771 674 :
809 619 877 674 In
921 622 1054 676 natis
1107 623 1372 676 mulierum
1422 639 1566 676 nemo
1611 623 1888 694 exsurrexit
1934 623 2099 692 major

512 709 716 764 Joanne
753 709 985 780 Baptista
1029 711 1238 782 (Matth.
1270 728 1324 766 χι
1346 754 1361 778 ,
1399 713 1507 783 ll).
1540 712 1676 781 Quid
1703 729 1828 783 ergo
1857 713 1956 767 sibi
1987 713 2098 768 vult

511 803 608 858 ista
638 804 944 873 magnitudo
975 805 1244 874 prmmissa
1276 813 1398 860 ante
1424 806 1714 876 magnum?
1743 805 1824 860 Ad
1853 805 2094 861 testimo-

512 896 656 952 nium
679 912 884 967 magna:
915 897 1244 952 humilitatis.
1278 898 1404 952 Tam
1432 900 1573 952 enim
1614 914 1834 969 magnus
1860 906 2008 964 erat,
2037 906 2094 953 ut

509 987 756 1044 Christus
789 999 972 1060 posset
1012 990 1206 1059 putari.
1231 991 1418 1046 Posset
1446 991 1678 1047 Joannes
1717 992 1862 1046 abuti
1908 1007 2090 1047 errore

509 1080 802 1146 hominum,
829 1089 882 1135 et
909 1096 1014 1136 non
1048 1081 1290 1136 laborare
1321 1084 1640 1152 persuadere
1681 1099 1741 1139 se
1783 1099 1902 1139 esse
1931 1084 2086 1139 Chri-

505 1185 682 1242 stum,
704 1177 823 1245 quia
860 1175 961 1230 hoc
990 1176 1100 1246 jam
1129 1177 1240 1242 illi,
1271 1178 1359 1247 qui
1389 1194 1509 1232 eum
1540 1177 1828 1232 audiebant
1857 1187 1910 1232 et
1937 1179 2086 1234 vide-

507 1265 669 1328 bant.
706 1267 798 1322 illo
837 1280 944 1320 non
983 1266 1195 1322 dicente
1235 1277 1563 1337 putaverant.
1592 1268 1708 1322 Non
1736 1277 1852 1323 erat
1878 1269 1928 1323 ei
1950 1285 2086 1338 opus

503 1358 770 1431 seminare
815 1373 1089 1423 errorem,
1134 1359 1228 1414 sed
1269 1361 1607 1415 confirmare.
1656 1362 1725 1414 At
1766 1360 1855 1416 ille
1903 1361 2084 1431 sponsi

502 1449 705 1506 amicus
734 1448 969 1516 humilis,
1011 1465 1210 1521 Sponsa
1250 1452 1448 1513 zelans,
1496 1467 1602 1507 non
1647 1466 1705 1507 se
1749 1467 1848 1523 pro
1886 1466 2083 1522 sponso

500 1530 796 1599 adulterum
842 1559 1179 1614 supponens,
1219 1543 1465 1615 perhibet
1505 1547 1862 1601 testimonium
1909 1546 2082 1604 amico

501 1649 633 1703 suo,
659 1646 714 1691 et
733 1651 854 1691 eum
882 1636 974 1707 qui
1000 1653 1126 1692 vere
1161 1652 1388 1708 sponsus
1413 1648 1547 1704 erat,
1576 1653 1786 1709 sponsae
1811 1655 2081 1695 commen-

499 1728 589 1784 dat
614 1746 630 1785 :
655 1738 714 1783 ιιι
741 1739 948 1784 ametur
977 1729 1029 1784 in
1056 1729 1168 1796 illo,
1197 1729 1309 1785 odit
1333 1745 1392 1785 se
1415 1731 1582 1785 amari
1612 1745 1708 1801 pro
1736 1732 1846 1786 illo.
1877 1732 1973 1798 Qui
1995 1732 2080 1787 hn-

499 1821 612 1884 ιρι,
644 1820 836 1891 inquit,
868 1838 1134 1891 sponsam,
1157 1839 1373 1894 sponsus
1411 1832 1500 1877 est.
1547 1823 1615 1878 Et
1657 1824 1806 1894 quasi
1845 1825 2073 1894 diceres,

495 1910 636 1980 Quid
663 1910 756 1966 tu?
779 1911 985 1968 Amicus
1012 1923 1179 1967 autem
1199 1955 1212 1978 ,
1239 1914 1439 1984 inquit,
1470 1916 1644 1986 sponsi
1679 1925 1811 1982 stat,
1853 1927 1900 1972 ct
1936 1919 2079 1972 audit

496 2020 608 2057 cum
628 2045 643 2070 ,
670 2014 718 2059 et
742 2003 930 2076 gaudio
956 2005 1142 2076 gaudet
1168 2016 1372 2077 prapter
1398 2022 1564 2060 vocem
1587 2009 1764 2078 sponsi
1785 2007 1964 2078 (Joan.
1987 2026 2074 2076 ιιι,

494 2097 610 2168 29).
640 2097 787 2163 Stat,
815 2107 862 2151 et
885 2099 1025 2152 audit
1048 2114 1066 2152 :
1087 2098 1379 2170 discipulus
1403 2099 1550 2154 audit
1581 2101 1924 2171 magistrum;
1953 2103 2075 2173 quia

491 2188 668 2253 audit,
688 2197 824 2253 stat;
855 2190 976 2258 quia
999 2189 1041 2243 si
1072 2205 1178 2244 non
1208 2189 1386 2256 audit,
1419 2190 1578 2246 cadit.
1607 2191 1740 2248 llinc
1768 2193 2076 2264 magnitudo

488 2280 710 2334 Joannis
739 2280 966 2335 maxime
1009 2280 1440 2347 commendatur;
1467 2282 1589 2354 quia
1613 2298 1733 2338 cum
1767 2293 1944 2354 posset
1971 2301 2072 2356 pu-

491 2371 586 2426 tari
617 2371 885 2438 Christus,
922 2372 1104 2426 maluit
1131 2371 1341 2428 Christo
1374 2375 1733 2429 testimonium
1770 2377 2069 2446 perhibere,

489 2463 637 2517 illum
661 2463 1071 2528 commendare;
1099 2479 1158 2519 se
1184 2464 1489 2532 humiliare,
1529 2482 1684 2537 quam
1716 2483 1813 2538 pro
1843 2469 1957 2539 ipso
1982 2485 2073 2526 ac-

486 2554 612 2625 cipi,
643 2562 698 2609 et
721 2569 752 2610 a
778 2569 837 2610 se
865 2554 1056 2624 decipi.
1090 2555 1276 2610 Merito
1314 2555 1486 2611 dictus
1525 2566 1608 2613 est
1645 2560 1869 2628 amplius
1912 2575 2069 2631 quam

488 2645 765 2715 praphcta.
797 2646 871 2700 De
897 2646 1175 2715 Prophetis
1203 2649 1345 2702 enim
1369 2689 1384 2714 ,
1416 2648 1506 2718 qui
1551 2648 1764 2704 fuerunt
1809 2661 1932 2707 ante
1972 2653 2068 2708 ad-

487 2746 701 2790 ventum
745 2736 992 2802 Domini,
1038 2737 1291 2793 Dominus
1340 2743 1452 2809 ipse
1491 2741 1562 2795 ita
1607 2741 1878 2812 loquitur:
1919 2743 2071 2800 Multi

487 2825 763 2899 Pmphettz
795 2839 842 2884 et
865 2829 997 2898 justi
1036 2831 1296 2885 voluerunt
1338 2833 1502 2886 videre
1530 2851 1642 2903 qum
1673 2850 1757 2890 vos
1786 2836 1994 2901 videtis,
2024 2846 2071 2892 et

485 2936 586 2974 non
611 2920 839 2974 viderunt
865 2919 1076 2993 (Matth.
1105 2938 1230 2988 xm,
1265 2922 1377 2992 l7).
1414 2925 1620 2979 Etenim
1650 2925 1722 2980 illi
1752 2927 1840 2996 qui
1878 2927 2069 2997 imple—

486 3015 682 3071 bantur
711 3015 908 3085 Spiritu
939 3017 1068 3079 Dei,
1095 3025 1150 3070 ut
1187 3018 1561 3073 annuntiareut
1584 3019 1854 3074 Christum
1877 3030 2067 3074 ventu-

486 3123 607 3162 rum
628 3149 644 3176 ,
678 3107 1156 3177 coneupiscebant,
1181 3109 1225 3164 si
1255 3107 1369 3164 fieri
1397 3119 1608 3178 posset,
1637 3109 1688 3164 in
1722 3119 1862 3167 terra
1889 3111 2070 3168 videre

483 3207 826 3269 praesentem.
857 3199 1010 3256 Unde
1050 3199 1266 3257 Simeon
1313 3202 1401 3256 ille
1436 3201 1780 3258 differebatur
1816 3206 1962 3260 exire
2000 3204 2069 3262 de

481 3293 699 3358 seculo,
722 3303 782 3348 ut
807 3293 1012 3350 videret
1039 3303 1238 3359 natum,
1266 3311 1361 3365 per
1389 3311 1548 3364 quem
1577 3296 1845 3353 conditum
1875 3309 1958 3354 est
1976 3317 2069 3356 sa:-

481 3382 656 3437 culum
689 3381 837 3453 (Luc.
884 3399 955 3450 ιι,
989 3383 1080 3449 25,
1121 3384 1234 3454 9.6).
1287 3385 1354 3439 Et
1403 3386 1493 3441 ille
1546 3385 1760 3454 quidem
1813 3388 2066 3444 infantem

479 3474 610 3529 vidit
636 3473 870 3531 Verbum
921 3476 1011 3530 Dei
1065 3477 1115 3530 in
1166 3492 1363 3532 carne:
1399 3478 1491 3532 sed
1539 3478 1772 3534 nondum
1819 3479 2064 3549 docebat,

481 3565 715 3621 nondum
755 3567 993 3636 magistri
1035 3581 1315 3637 personam
1367 3567 1639 3640 professus
1659 3579 1806 3634 erat,
1841 3572 1928 3641 qui
1955 3571 2066 3642 jam

479 3659 618 3728 apud
670 3659 882 3714 Patrem
931 3660 1146 3729 Angelis
1192 3660 1442 3729 magister
1487 3670 1622 3715 erat.
1673 3662 1892 3719 Simeon
1940 3679 2068 3734 ergo

479 3749 641 3816 vidit,
689 3749 786 3806 sed
844 3749 1097 3807 infantem
1144 3769 1156 3804 :
1196 3749 1433 3806 Joannes
1477 3760 1654 3806 autem
1707 3753 1816 3822 jam
1867 3756 2065 3824 praedis

479 3851 690 3898 cantem
712 3884 727 3907 ,
755 3841 865 3911 jam
895 3841 1188 3910 discipulos
1221 3841 1524 3910 eligentem.
1570 3843 1706 3899 Ubi?
1747 3845 1828 3900 Ad
1870 3845 2064 3902 flumen

479 3935 744 3991 Jordanis.
800 3933 926 3990 inde
969 3935 1114 3989 enim
1149 3934 1312 4003 capit
1349 3936 1708 4005 magisterium
1738 3936 1953 3994 Christi.
1990 3939 2066 3994 lbi

481 4025 783 4096 Baptismus
826 4025 1023 4081 Christi
1069 4025 1471 4081 commendatus
1514 4035 1598 4082 est
1640 4025 1846 4084 futurus
1887 4045 1900 4082 :
1943 4031 2066 4100 quia

479 4125 761 4185 susceptus
785 4126 866 4170 est
895 4117 1188 4186 baptismus
1215 4117 1542 4186 praeveniens
1561 4159 1575 4183 ,
1606 4127 1660 4174 et
1685 4118 1822 4174 viam
1848 4133 2062 4190 parans,

481 4215 537 4262 ει
559 4206 743 4263 dicens
762 4249 776 4272 ,
818 4206 1007 4261 Paratc
1030 4208 1161 4262 uiam
1197 4207 1439 4273 Domino,
1469 4219 1632 4264 rectas
1673 4211 1824 4280 facite
1866 4213 2066 4267 semitas

476 4298 590 4369 ejus
623 4295 832 4370 (Matth.
862 4312 950 4362 ιιι,
991 4296 1068 4368 5).
1097 4298 1358 4368 Baptizari
1390 4299 1532 4354 enim
1560 4301 1723 4356 voluit
1752 4301 2008 4359 Dominus
2032 4318 2062 4358 a

483 4402 673 4453 servo,
718 4395 776 4441 ut
813 4386 1057 4443 viderent
1095 4387 1222 4457 quid
1264 4389 1533 4458 accipiunt
1557 4391 1648 4460 qui
1676 4391 2008 4462 baptizantur
2031 4409 2062 4450 a

477 4479 723 4539 Domino.
755 4476 879 4534 Inde
901 4492 1030 4548 ergo
1049 4479 1231 4548 empit,
1252 4479 1394 4536 unde
1419 4481 1610 4536 merito
1630 4483 1905 4553 prophetia
1928 4501 2062 4555 pra:-

477 4581 712 4629 cesserat
734 4589 746 4626 :
764 4571 1117 4626 Dominabitur
1135 4589 1167 4625 a
1188 4573 1319 4626 mari
1338 4589 1492 4644 usque
1506 4575 1573 4628 ad
1589 4591 1744 4640 mare,
1759 4585 1844 4631 cta
1854 4579 2063 4647 [lumine

477 4682 632 4736 usque
651 4665 720 4719 ad
742 4665 978 4720 terminos
1002 4665 1134 4720 orbis
1161 4673 1307 4720 terra:
1329 4665 1497 4738 (Psal.
1518 4683 1664 4733 mu,
1682 4667 1762 4738 8).
1786 4669 1866 4723 Ad
1887 4671 2060 4739 ipsum

477 4757 699 4822 ﬂumen,
729 4755 870 4810 unde
893 4754 1056 4824 cmpit
1082 4754 1344 4812 dominari
1368 4757 1644 4822 Christus,
1672 4758 1802 4813 vidit
1828 4758 2060 4818 Joannes

476 4847 768 4914 Christum,
796 4850 1064 4919 cognovit,
1094 4851 1452 4905 testimonium
1482 4852 1766 4921 perhibuit.
1794 4854 1982 4924 Magno
2000 4869 2059 4912 se

477 4937 807 5004 ltumiliavit,
840 4949 898 4994 ut
936 4955 967 4995 a
1008 4955 1204 5010 magno
1248 4941 1573 4996 exaltaretur
1615 4943 1848 4999 humilis.
1896 4945 1963 5001 Et
2000 4961 2059 5002 se

474 5029 706 5084 amicum
744 5031 924 5099 sponsi
951 5030 1126 5086 dixit:
1160 5040 1216 5087 et
1257 5030 1467 5101 qualem
1505 5033 1776 5089 amicum?
1820 5036 2059 5094 fortassis

474 5120 774 5192 aequalem?
799 5121 988 5177 Absit:
1013 5121 1170 5193 longe
1200 5122 1357 5178 infra.
1397 5123 1663 5192 Quantum
1705 5126 1896 5198 longe?
1935 5129 2058 5185 Non

473 5225 588 5266 sum
629 5211 841 5282 dignus,
881 5213 992 5280 ait,
1044 5213 1312 5285 corrigiam
1357 5214 1683 5271 calceamenti
1718 5219 1828 5288 ejus
1869 5221 2059 5276 solvere

479 5301 671 5372 (Maro.
699 5319 750 5370 t,
777 5303 854 5372 7).
882 5303 982 5361 llic
1018 5305 1274 5376 propheta
1296 5347 1311 5373 ,
1342 5310 1453 5362 imo
1493 5307 1718 5378 amplius
1741 5325 1899 5381 quam
1938 5328 2058 5382 pro-

474 5395 666 5461 pheta,
709 5395 1052 5464 przenuntiari
1101 5397 1294 5452 meruit
1340 5414 1438 5467 per
1480 5399 1812 5469 prophetam.
1845 5403 1921 5460 De
1961 5405 2054 5462 illo

476 5498 704 5554 namque
745 5484 879 5540 dixit
921 5485 1100 5554 Isaias,
1128 5488 1270 5558 quod
1312 5489 1470 5546 hodie
1509 5491 1663 5548 nobis
1701 5494 1895 5550 lectum
1925 5506 2008 5553 est
2037 5538 2053 5567 ,

479 5593 501 5627 ι
530 5574 647 5632 Vox
684 5577 963 5653 clamantis
1008 5580 1062 5634 in
1110 5581 1361 5651 deserto,
1395 5583 1583 5641 Parate
1626 5587 1764 5650 viam
1810 5590 2052 5661 Domini,

475 5675 648 5722 rectas
685 5665 842 5726 tacite
862 5671 1078 5730 semitas
1103 5672 1242 5745 ejus.
1269 5673 1453 5733 Omnis
1476 5677 1628 5735 vallis
1653 5679 1974 5750 implebitur,
2000 5695 2048 5744 ct

1748 225 1804 281 S.
1847 218 2207 278 AUGUSTINI
2248 222 2552 283 EPISCOPl

3653 249 3794 305 BM

2209 341 2384 396 omnis
2413 357 2568 399 mons
2593 354 2647 400 et
2667 345 2820 404 collis
2850 346 3242 421 humiliabitur;
3269 363 3323 411 et
3360 368 3514 414 erunt
3556 355 3794 420 tortuosa

2210 431 2260 486 in
2289 433 2569 504 directura,
2599 448 2652 492 et
2674 455 2862 510 aspera
2894 443 2945 497 in
2974 445 3086 499 vias
3113 447 3332 515 planas;
3377 460 3431 506 et
3455 452 3651 509 videbit
3676 471 3794 511 om-

2206 523 2290 577 nis
2333 539 2458 581 caro
2502 527 2732 585 salutare
2779 531 2893 587 Dei.
2935 535 3182 591 Exclama
3213 557 3226 592 :
3257 539 3393 606 Quid
3441 544 3793 604 exclamabo?

2205 611 2391 670 Omnis
2415 631 2542 672 caro
2569 619 2768 685 fenum,
2789 633 2843 678 et
2868 627 3040 681 omnis
3063 628 3275 684 claritas
3291 631 3409 700 ejus
3429 643 3484 689 ut
3506 636 3603 691 llos
3625 637 3734 694 feni
3770 659 3787 695 :

2202 704 2383 763 fenum
2411 711 2569 778 aruit,
2599 712 2696 769 llos
2721 713 2955 770 decidit:
2981 717 3214 776 Verbum
3236 731 3414 778 autem
3444 725 3651 783 Domini
3673 746 3792 784 ma-

2202 809 2294 856 net
2341 801 2392 855 in
2439 811 2696 859 teternum
2719 823 2738 858 ›
2773 805 2924 880 (Isai.
2957 825 3062 878 xc,
3091 811 3230 884 5-8).
3261 815 3516 872 Attendat
3541 818 3791 877 Charitas

2199 900 2395 947 vestra.
2411 893 2642 951 Joannes
2667 897 3020 970 interrogatus
3035 903 3151 972 quis
3163 916 3324 972 esset,
3348 919 3522 965 utrum
3537 909 3786 969 Christus

2196 994 2358 1047 esset,
2379 996 2553 1042 utrum
2579 989 2750 1056 Elias,
2781 1002 2956 1048 utrum
2977 996 3252 1066 propheta,
3284 991 3408 1062 Non
3432 1019 3562 1070 sum,
3588 1005 3778 1076 inquit,

2195 1077 2449 1169 Christus,
2481 1098 2570 1136 nec
2585 1082 2755 1153 Elius,
2773 1103 2862 1140 nec
2888 1088 3152 1158 propheta.
3183 1091 3249 1145 Et
3271 1091 3365 1158 illi,
3394 1095 3518 1160 Quis
3546 1113 3662 1169 ergo
3686 1101 3786 1153 es?

2193 1166 2304 1238 Ego
2329 1186 2438 1224 sum
2471 1187 2568 1227 vox
2604 1175 2870 1232 clamantis
2915 1178 2970 1232 in
3013 1179 3229 1235 deserto.
3273 1183 3469 1240 Vocem
3518 1202 3576 1242 se
3601 1166 3777 1244 dixit.

2191 1260 2365 1318 llabes
2400 1263 2658 1322 Joannem
2699 1283 2906 1325 vocem.
2936 1271 3074 1338 Quid
3119 1273 3289 1330 habes
3327 1276 3629 1348 Christum,
3675 1284 3779 1338 nisi

2191 1351 2462 1410 Verbum?
2492 1357 2606 1412 Vox
2637 1361 2992 1429 praemittitur,
3023 1372 3080 1419 ut
3109 1364 3344 1422 Verbum
3390 1380 3572 1440 postea
3616 1375 3778 1430 inter

2187 1442 2397 1515 ligatur.
2422 1446 2489 1504 Et
2509 1449 2666 1518 quale
2695 1451 2964 1508 Verbum?
2984 1455 3122 1510 Audi
3150 1457 3280 1513 illud
3312 1460 3403 1516 tibi
3428 1463 3572 1518 clare
3596 1476 3779 1522 osten-

2186 1535 2422 1604 dentem,
2476 1559 2494 1591 ι
2521 1539 2576 1594 lu
2623 1543 2902 1614 principio,
2930 1565 2949 1599 ι
2981 1546 3184 1617 inquit,
3217 1569 3237 1602 ι
3261 1563 3378 1607 erat
3417 1552 3648 1611 Verbum
3674 1598 3691 1624 ,
3721 1569 3778 1613 ct

2187 1626 2419 1684 Verbum
2443 1640 2560 1686 erat
2586 1633 2725 1702 apud
2759 1636 2952 1703 Deum,
2981 1649 3037 1694 et
3064 1639 3206 1696 Deus
3227 1653 3342 1700 erat
3369 1644 3600 1701 Verbum
3625 1665 3638 1700 :
3672 1648 3776 1706 hoc

2185 1729 2298 1776 erat
2328 1720 2379 1775 in
2409 1722 2671 1795 principio
2709 1727 2849 1796 apud
2881 1729 3068 1784 Deum.
3097 1731 3287 1788 Omnia
3317 1751 3412 1804 per
3440 1736 3611 1806 ipsum
3634 1738 3772 1794 facta

2184 1818 2330 1878 sunt,
2363 1819 2419 1866 et
2445 1811 2562 1869 sine
2592 1813 2708 1884 ipso
2739 1815 2933 1872 factum
2959 1829 3040 1875 est
3067 1821 3198 1877 nihil
3218 1842 3236 1875 ι
3271 1822 3449 1894 (Joan.
3483 1843 3530 1893 t,
3557 1827 3647 1893 20,
3678 1828 3771 1895 2|,

2183 1901 2237 1969 ‘l,
2262 1901 2317 1968 2,
2345 1901 2421 1976 ⁸5).
2449 1905 2504 1960 Si
2527 1906 2727 1972 omnia,
2754 1917 2803 1963 et
2826 1909 3078 1968 Joannes.
3101 1912 3239 1980 Quid
3269 1915 3543 1982 miramur,
3567 1919 3612 1973 si
3638 1917 3773 1985 Ver-

2180 1990 2305 2047 bum
2329 1992 2456 2048 fecit
2473 1994 2572 2050 sibi
2599 1999 2811 2054 vocem?
2829 1999 2981 2068 Vide,
3007 2001 3128 2058 vide
3149 2011 3436 2075 utrumque
3457 2006 3523 2061 ad
3546 2007 3772 2074 flumen,

2180 2094 2234 2143 et
2262 2102 2448 2143 vocem
2489 2097 2543 2145 et
2583 2089 2836 2148 Verbum.
2882 2092 2999 2149 Vox
3042 2094 3314 2166 Joannes,
3349 2098 3577 2155 Verbum
3613 2099 3770 2158 Chri-

2179 2187 2311 2232 stus.

2251 2272 2308 2326 5.
2360 2269 2542 2326 Vocem
2580 2273 2710 2333 inter
2773 2285 2818 2330 et
2845 2277 3046 2332 verbum
3082 2279 3207 2352 quid
3234 2281 3559 2338 discriminis.
3607 2283 3766 2354 Qua:-

2178 2375 2362 2417 ranms
2429 2363 2556 2434 quid
2618 2365 2830 2422 intersit
2882 2369 3023 2424 inter
3072 2386 3260 2429 vocent
3316 2382 3370 2428 et
3393 2374 3765 2432 verbum:at-

2179 2455 2311 2511 lenti
2352 2471 2690 2526 qumramus;
2722 2475 2827 2514 non
2855 2475 3016 2530 parva
3043 2476 3128 2518 res
3161 2472 3269 2529 εει,
3300 2480 3399 2520 nec
3439 2480 3653 2536 parvam
3680 2468 3766 2524 in-

2177 2549 2468 2608 tentionem
2517 2551 2803 2608 desiderat.
2837 2554 2992 2610 Dabit
3023 2555 3310 2625 Dominus,
3341 2567 3400 2613 ut
3443 2574 3542 2615 nec
3581 2575 3683 2631 ego
3711 2561 3765 2617 in

2174 2642 2492 2712 explicando
2539 2643 2748 2716 fatiger,
2777 2661 2877 2702 nec
2917 2662 3014 2703 vos
3053 2648 3106 2702 in
3147 2649 3432 2707 audiendo.
3478 2652 3618 2708 Ecce
3657 2653 3767 2710 duo

2173 2734 2450 2804 quaedam,
2496 2751 2601 2790 vox
2648 2744 2702 2792 et
2744 2737 2985 2793 verbum.
3019 2739 3156 2806 Quid
3201 2749 3285 2796 est
3330 2743 3470 2797 vox?
3511 2743 3638 2813 quid
3677 2753 3766 2802 est

2174 2826 2434 2882 verbum?
2479 2827 2648 2897 Quid?
2673 2828 2864 2884 Audite
2906 2831 3050 2900 quod
3101 2832 3154 2886 in
3198 2833 3348 2889 vobis
3395 2834 3523 2904 ipsis
3569 2851 3767 2905 appro-

2173 2916 2340 2984 betis,
2385 2927 2439 2973 et
2481 2918 2631 2975 vobis
2676 2919 2804 2990 ipsis
2829 2935 2860 2976 a
2886 2921 3276 2994 vobismetipsis
3317 2926 3630 2997 interrogati
3671 2943 3763 2984 re-

2173 3011 2505 3081 spondeatis.
2539 3012 2806 3080 Verbum,
2835 3014 2879 3069 si
2905 3030 3010 3070 non
3041 3015 3236 3072 habeat
3272 3017 3535 3073 rationem
3556 3019 3762 3089 signifi-

2172 3111 2400 3168 cantem,
2424 3102 2644 3158 verbnm
2669 3119 2775 3158 non
2803 3104 3014 3160 dicitur.
3041 3105 3152 3162 Vox
3181 3117 3379 3172 autem,
3399 3107 3500 3163 etsi
3525 3119 3764 3166 tantum-

2171 3193 2332 3248 modo
2374 3202 2526 3250 sonet
2546 3235 2561 3261 ,
2593 3202 2648 3251 et
2689 3195 3123 3253 irrationabiliter
3151 3208 3478 3268 perstrepat,
3511 3210 3765 3271 tauquam

2172 3299 2335 3339 sonus
2365 3285 2667 3353 clamantis,
2700 3302 2807 3342 non
2840 3287 3128 3357 loquentis,
3163 3303 3265 3344 vox
3294 3289 3396 3344 dici
3429 3298 3618 3360 potest,
3645 3307 3766 3346 ver-
3813 3362 3816 3366 '

2171 3375 2295 3431 bum
2336 3377 2438 3432 dici
2474 3393 2581 3433 non
2622 3387 2813 3449 potest.
2841 3380 3032 3436 Nescio
3061 3383 3180 3451 quis
3208 3383 3484 3453 ingemuit,
3508 3401 3607 3440 vox
3635 3394 3717 3439 est
3746 3404 3760 3445 :

2171 3468 2406 3537 ejulavit,
2438 3485 2541 3526 vox
2568 3478 2670 3526 est.
2699 3471 2942 3527 Informis
2972 3473 3186 3543 quidam
3212 3490 3377 3530 sonus
3400 3485 3516 3543 est,
3541 3486 3761 3547 gestans

2171 3561 2254 3615 vel
2281 3559 2514 3618 inferens
2537 3563 2818 3633 strepitum
2847 3563 3064 3629 auribus
3093 3565 3210 3620 sine
3227 3566 3401 3636 aliqua
3430 3568 3635 3623 ratione
3659 3568 3747 3623 in-

2176 3653 2441 3708 tellectus.
2470 3652 2703 3709 Verbum
2735 3663 2913 3711 autem
2934 3697 2949 3722 ,
2979 3655 3084 3710 nisi
3109 3656 3310 3727 aliquid
3336 3657 3627 3728 significet,
3658 3659 3761 3714 nisi

2171 3745 2311 3800 aliud
2338 3745 2404 3800 ad
2432 3760 2589 3802 aures
2617 3746 2774 3815 ferat,
2795 3747 2938 3802 aliud
2968 3749 3132 3804 menti
3163 3749 3374 3816 inferat,
3402 3752 3623 3810 verbum
3653 3768 3760 3810 non

2171 3835 2388 3890 dicitur.
2433 3836 2584 3892 Sicut
2627 3853 2756 3909 ergo
2799 3837 3039 3895 dicebam
3063 3880 3080 3906 ,
3106 3839 3150 3894 si
3178 3841 3409 3908 clames,
3435 3857 3534 3898 vox
3565 3851 3646 3900 est
3673 3861 3685 3897 :
3712 3844 3760 3899 si

2170 3925 2337 3994 dicas,
2370 3926 2563 3993 l‘lomo,
2593 3929 2810 3984 verbum
2841 3938 2955 3995 est;
2990 3930 3034 3984 si
3061 3929 3229 3998 dicas,
3258 3931 3458 3998 Pecus;
3490 3932 3555 3998 si,
3585 3933 3756 4000 Deus;

2172 4023 2240 4090 si,
2273 4022 2518 4089 Mundus,
2541 4023 2623 4078 vel
2650 4021 2846 4094 aliquid
2873 4023 3036 4080 aliud.
3077 4023 3184 4080 llas
3208 4025 3351 4080 enim
3388 4041 3575 4081 omnes
3599 4041 3760 4082 voces

2169 4114 2526 4186 significantes
2551 4114 2697 4183 dixi,
2729 4131 2836 4170 non
2877 4115 3091 4181 inanes,
3115 4130 3220 4172 non
3250 4125 3497 4172 sonantes
3532 4124 3586 4171 et
3621 4117 3759 4171 nihil

2169 4205 2444 4261 docentes.
2475 4205 2532 4261 Si
2562 4221 2687 4276 ergo
2713 4205 2822 4276 jam
2849 4204 3168 4262 distinxistis
3192 4207 3330 4262 inter
3356 4221 3535 4262 vocem
3559 4216 3615 4262 et
3635 4223 3760 4263 ver-

2169 4297 2293 4352 bum
2316 4339 2331 4363 ,
2360 4295 2538 4352 audite
2565 4295 2706 4367 quod
2741 4296 3011 4352 miremini
3040 4297 3095 4352 in
3119 4297 3203 4352 his
3227 4297 3452 4364 duobus,
3473 4297 3676 4358 Joanne
3701 4308 3758 4356 et

2168 4388 2403 4446 Christo.
2427 4389 2658 4445 Verbum
2699 4389 2841 4444 valet
2868 4390 3159 4460 plurimum
3201 4401 3255 4446 et
3297 4391 3412 4447 sine
3449 4405 3619 4447 voce:
3649 4407 3754 4448 vox

2167 4484 2342 4538 inanis
2375 4493 2457 4538 est
2491 4483 2606 4538 sine
2643 4481 2827 4537 verbo.
2869 4481 3174 4539 Reddamus
3209 4484 3467 4540 rationem
3489 4525 3505 4552 ,
3531 4494 3585 4540 et
3610 4485 3753 4555 quod

2167 4575 2562 4642 proposuimus,
2593 4572 2636 4626 si
2665 4586 2968 4643 possumus,
2995 4573 3340 4644 explicemus.
3374 4575 3510 4630 Ecce
3540 4576 3752 4631 voluisti

2165 4663 2364 4734 aliquid
2388 4662 2565 4718 dicere
2592 4679 2605 4716 :
2638 4664 2740 4718 hoc
2769 4663 2944 4734 ipsum
2973 4665 3114 4735 quod
3137 4666 3214 4721 vis
3235 4666 3432 4734 dicere,
3450 4667 3561 4738 jam
3589 4669 3755 4724 corde

2164 4766 2479 4826 conceptum
2507 4764 2624 4822 est;
2655 4764 2868 4812 tenetur
2896 4759 3176 4825 memoria,
3202 4769 3423 4829 paratur
3450 4762 3750 4829 voluntate,

2162 4846 2294 4901 vivit
2341 4847 2634 4902 intellectu.
2679 4848 2746 4902 Et
2784 4847 2886 4903 hoc
2929 4849 3101 4919 ipsum
3141 4850 3284 4919 quod
3311 4851 3391 4906 vis
3415 4851 3612 4920 dicere,
3644 4870 3752 4909 non

2163 4949 2248 4994 est
2287 4940 2514 5011 alicujus
2552 4940 2769 5011 linguae.
2799 4941 2908 4996 Res
2934 4942 3045 5011 ipsa
3063 4983 3076 5006 ,
3105 4957 3262 5012 quam
3289 4943 3369 4998 vis
3396 4943 3602 5013 dicere,
3631 4962 3753 5016 qua:

2162 5030 2324 5086 corde
2343 5039 2600 5101 concepta
2627 5040 2729 5097 est,
2761 5047 2866 5086 non
2893 5043 2977 5087 est
3005 5033 3228 5104 alicujus
3259 5034 3597 5110 linguae,nec
3615 5052 3752 5106 grat-

2162 5140 2262 5190 cae,
2293 5139 2394 5180 nec
2421 5125 2596 5180 latina:
2616 5167 2630 5190 ,
2663 5139 2763 5180 nec
2789 5125 3013 5196 punicae,
3043 5142 3142 5182 nec
3163 5127 3412 5195 hebrzeze,
3439 5144 3539 5186 nec
3564 5129 3750 5200 cujus-

2162 5230 2318 5286 quam
2343 5217 2536 5286 gentis.
2571 5215 2678 5271 Res
2704 5224 2787 5270 est
2816 5225 3016 5272 tantum
3046 5217 3208 5273 corde
3252 5229 3538 5290 concepta,
3565 5230 3748 5290 panda

2162 5306 2474 5377 procedere.
2504 5306 2666 5376 Ergo,
2699 5314 2758 5361 ut
2783 5305 2930 5375 dixi,
2963 5323 3050 5364 res
3079 5318 3162 5364 est
3184 5311 3450 5380 qumdam,
3483 5314 3745 5368 sententia

2162 5395 2402 5466 qumdam
2421 5438 2435 5463 ,
2459 5396 2595 5450 ratio
2622 5395 2784 5452 corde
2821 5406 3104 5468 concepta,
3131 5411 3312 5469 parata
3352 5401 3662 5470 procedere,
3690 5414 3749 5458 ut

2163 5487 2460 5543 insinuetur
2501 5487 2755 5544 audienti.
2788 5488 2879 5544 Sic
2908 5490 3066 5560 igitur
3091 5493 3358 5561 quomodo
3402 5504 3526 5549 nota
3569 5487 3664 5551 εει
3695 5497 3747 5551 ei

2162 5583 2218 5637 in
2241 5581 2393 5651 cujus
2421 5578 2583 5635 corde
2613 5587 2714 5646 est,
2748 5580 2964 5635 verbum
2991 5589 3104 5650 est,
3122 5582 3233 5652 jam
3256 5593 3440 5640 notum
3463 5585 3674 5641 dicturo
3701 5588 3742 5654 ³,

2225 5700 2239 5730 ι
2268 5691 2428 5744 Codex
2451 5699 2511 5753 t.,
2534 5700 2582 5744 ss
2603 5705 2718 5754 ergo
2738 5698 2847 5747 nota
2864 5700 2933 5748 cst
2955 5693 3001 5748 ei
3017 5695 3068 5750 in
3105 5697 3242 5759 cuius
3276 5698 3422 5755 corde
3445 5705 3532 5759 est.
3547 5699 3744 5754 verbum
