4102 6326
353 278 373 333 I
387 277 491 331 305

351 390 587 446 nondum
613 388 876 443 audituro.
905 386 1044 442 Ecce
1069 399 1198 455 ergo
1224 382 1444 438 verbum
1469 379 1576 449 jam
1608 379 1888 431 formatum
1911 413 1925 435 .

348 483 456 551 jam
484 482 772 549 integrum,
800 487 980 533 manet
1010 478 1061 531 in
1086 475 1247 531 corde
1278 493 1291 528 :
1322 473 1511 543 quaerit
1538 468 1845 540 procedere,
1877 476 1935 520 ut

360 572 567 625 dicatur
593 568 847 625 audienti.
881 566 1121 622 Attendit
1163 565 1253 619 ille
1298 564 1388 633 qui
1427 560 1670 628 concepit
1711 557 1931 611 verbum

357 659 498 728 quod
543 658 715 721 dicat,
744 666 799 713 et
836 666 1020 711 notum
1063 654 1222 709 habet
1266 653 1486 708 verbum
1535 651 1635 705 sibi
1682 649 1733 702 in
1776 647 1936 702 corde

357 764 480 813 suo,
505 746 729 803 attendit
748 748 833 802 cui
855 747 1090 801 dicturus
1110 753 1210 801 est.
1234 744 1447 813 Loquar
1466 742 1519 796 in
1547 741 1759 796 nomine
1783 737 1935 793 Chri-

355 839 425 891 sti
470 838 685 892 auribus
728 837 950 892 eruditis
979 837 1033 889 in
1065 834 1320 899 Ecclesia,
1362 842 1417 887 et
1441 831 1613 887 audeo
1640 830 1799 886 etiam
1838 827 1936 880 ali-

359 928 485 997 quid
512 929 618 998 jam
650 928 789 998 quod
819 929 887 983 sit
914 928 1194 994 subtilius,
1227 926 1497 981 insinuare
1544 938 1649 977 non
1697 921 1937 975 rudibus.

362 1021 608 1075 Intendat
651 1036 778 1092 ergo
816 1018 1057 1074 Charitas
1097 1028 1292 1074 vestra.
1321 1016 1509 1071 Videte
1533 1014 1751 1069 verbum
1780 1011 1939 1066 corde

357 1120 672 1181 conceptum
696 1154 711 1178 ,
743 1112 931 1182 qumrit
979 1110 1266 1178 procedere
1286 1150 1300 1175 ,
1344 1116 1402 1161 ut
1443 1106 1647 1161 dicatur
1674 1121 1686 1157 :
1716 1101 1941 1156 attendit

358 1204 442 1258 cui
473 1205 697 1259 dicatur.
726 1203 929 1259 Invenit
960 1202 1237 1258 Graecum?
1256 1214 1482 1270 grzecam
1512 1212 1697 1252 vocem
1725 1194 1937 1265 quaerit,

364 1308 467 1362 qua
498 1293 750 1362 procedat
786 1293 853 1348 ad
883 1292 1147 1348 Graecum.
1177 1290 1385 1345 Invenit
1410 1287 1698 1343 Latinum?
1724 1286 1940 1339 latinam

364 1399 551 1439 vocem
579 1383 785 1453 qurerit,
820 1398 921 1452 qua
952 1381 1203 1451 procedat
1226 1379 1292 1434 ad
1318 1379 1581 1434 Latinum.
1608 1377 1815 1433 Invenit
1839 1376 1942 1430 Pu-

361 1473 576 1527 nicum?
623 1473 865 1543 punicam
911 1487 1097 1527 vocem
1148 1472 1375 1541 quierit,
1426 1485 1531 1540 qua
1576 1468 1828 1539 procedat
1875 1466 1941 1521 ad

362 1563 640 1619 Punicum.
664 1563 900 1620 Remove
923 1562 1286 1618 diversitatem
1307 1561 1630 1628 auditorum,
1651 1567 1704 1614 et
1723 1559 1941 1615 verbum

363 1656 520 1721 illud,
550 1655 691 1725 quod
721 1655 883 1711 corde
910 1664 1224 1725 conceptum
1251 1662 1332 1709 est
1351 1693 1367 1720 ,
1412 1667 1511 1709 nec
1552 1666 1780 1723 graecum
1830 1658 1940 1717 est,

369 1761 470 1801 nec
510 1746 729 1800 latinum
751 1787 769 1813 ,
794 1761 897 1802 nec
921 1745 1169 1815 punicum
1193 1787 1207 1811 ,
1240 1760 1339 1799 nec
1377 1743 1685 1813 cujusquam
1722 1742 1939 1812 lingute.

369 1837 552 1892 Talem
578 1852 763 1893 vocem
789 1837 977 1907 quatrit
1012 1836 1359 1907 procedendi,
1390 1835 1559 1905 qualis
1602 1832 1803 1888 assistit
1848 1847 1942 1886 au-

367 1928 528 1984 ditor.
569 1928 755 1996 Modo,
787 1928 1009 1994 fratres,
1038 1934 1094 1983 ut
1121 1927 1316 2000 aliquid
1346 1926 1674 1998 propositum
1706 1925 1775 1979 sit
1803 1922 1945 1993 quod

367 2022 693 2094 intelligatis,
718 2022 936 2091 concepi
962 2020 1123 2077 corde
1151 2028 1208 2074 ut
1234 2020 1406 2076 dicam
1431 2060 1445 2083 ,
1476 2020 1632 2073 Deus.
1665 2017 1777 2071 Hoc
1804 2014 1944 2086 quod

367 2114 589 2185 concepi
632 2113 796 2169 corde
817 2153 833 2179 ,
878 2126 1126 2182 magnum
1153 2110 1349 2180 aliquid
1375 2118 1476 2165 est.
1506 2109 1620 2163 Non
1649 2108 1791 2164 enim
1828 2107 1946 2161 duae

367 2205 587 2276 syllaba:
632 2212 754 2258 sunt
797 2205 965 2268 Deus;
1016 2217 1122 2257 non
1170 2202 1312 2256 enim
1356 2216 1459 2254 vox
1506 2200 1603 2254 ista
1649 2198 1823 2255 brevis
1866 2207 1949 2254 est

368 2295 530 2349 Dens.
559 2294 725 2349 Deum
756 2292 877 2349 volo
907 2293 1105 2357 dicere,
1132 2290 1349 2345 intendo
1377 2290 1461 2345 cui
1490 2290 1685 2345 dicam.
1730 2289 1948 2343 Latinus

368 2390 488 2443 est?
516 2389 680 2443 Deum
718 2388 854 2443 dico.
892 2388 1109 2444 Graccus
1133 2388 1250 2443 est?
1285 2397 1399 2444 Θεὸν
1438 2388 1576 2444 dico.
1609 2389 1795 2443 Latino
1828 2389 1949 2443 dico

372 2479 569 2545 Deum,
615 2478 802 2533 Graeco
842 2478 962 2534 dico
1001 2488 1132 2534 Θεὸν.
1180 2480 1323 2535 Inter
1364 2481 1529 2535 Deum
1565 2489 1618 2535 et
1654 2488 1765 2535 Θεὸν
1789 2480 1952 2535 distat

370 2586 569 2625 sonus:
600 2572 787 2625 littera:
815 2572 932 2625 aliae
959 2581 1081 2626 sunt
1109 2571 1228 2637 hic,
1262 2572 1378 2627 alia:
1422 2580 1546 2627 sunt
1572 2572 1642 2627 ibi
1672 2591 1683 2626 :
1710 2573 1761 2627 in
1790 2572 1951 2629 corde

372 2670 549 2715 autem
579 2676 718 2724 meo,
748 2660 801 2715 in
827 2675 891 2715 eo
913 2661 1051 2730 quod
1080 2662 1200 2717 volo
1229 2662 1435 2730 dicere,
1480 2663 1532 2717 in
1572 2678 1637 2719 eo
1678 2663 1819 2733 quod
1855 2677 1951 2718 co-

372 2754 503 2823 gito,
546 2753 688 2807 nulla
736 2762 819 2807 est
861 2754 1142 2809 diversitas
1189 2754 1519 2819 litterarum,
1570 2756 1747 2810 nullus
1790 2771 1953 2811 sonus

373 2846 553 2899 varius
580 2846 902 2917 syllabarum
930 2862 942 2898 :
976 2846 1078 2901 hoc
1099 2857 1179 2901 est
1202 2846 1342 2915 quod
1364 2856 1465 2903 est.
1497 2846 1563 2902 Ut
1589 2848 1955 2903 enuntiaretur

378 2937 588 3003 Latino,
616 2939 717 2992 alia
746 2954 845 2992 vox
884 2938 1113 2993 adhibita
1144 2947 1254 3004 est;
1286 2947 1341 2993 ut
1370 2939 1587 3005 Grmco,
1617 2939 1737 2993 alia.
1765 2938 1819 2995 Si
1850 2940 1952 2994 Pu-

378 3030 499 3083 nico
525 3032 804 3084 enuntiare
828 3030 1041 3091 vellem,
1070 3030 1226 3084 aliam
1257 3030 1594 3095 adhiberent;
1627 3030 1669 3084 si
1703 3030 1949 3094 IIebrmo,

379 3119 572 3183 aliam;
601 3119 643 3173 si
667 3118 934 3191 rEgyptio,
959 3120 1148 3185 aliam;
1176 3121 1219 3174 si
1245 3121 1390 3186 Indo,
1423 3121 1599 3175 aliam.
1626 3120 1791 3186 Quam
1819 3120 1954 3174 mul-

382 3219 462 3262 tas
490 3226 646 3265 voces
671 3209 867 3265 faceret
900 3226 1243 3280 personarum
1276 3210 1567 3265 mutatione
1592 3210 1809 3265 verbum
1836 3224 1955 3264 cor-

376 3300 458 3355 dis
488 3304 525 3365 ¹,
559 3303 671 3355 sine
716 3303 821 3356 ulla
866 3303 947 3356 sui
1002 3305 1290 3358 mutatione
1329 3303 1411 3357 vel
1452 3304 1740 3357 varietate?
1779 3303 1956 3374 Pergit

376 3392 442 3445 ad
494 3392 739 3446 Latinum
789 3408 921 3448 voce
975 3393 1177 3461 latina,
1231 3394 1297 3448 ad
1354 3394 1597 3449 Graecum
1627 3411 1836 3465 graeca,
1884 3396 1951 3449 ad

378 3483 659 3539 llebrzeum
706 3485 937 3540 hebraea.
972 3487 1049 3540 Ad
1082 3487 1382 3541 audientem
1428 3488 1685 3555 pervenit,
1713 3505 1851 3543 neca
1874 3489 1955 3543 Io-

376 3589 569 3643 qnente
594 3578 1120 3648 discedit.Numqnid
1164 3580 1303 3633 enim
1346 3579 1486 3648 quod
1531 3580 1753 3634 dicendo
1776 3581 1824 3634 in
1853 3580 1957 3634 alio

379 3669 533 3731 facio,
581 3685 681 3739 ego
725 3670 949 3724 amitto?
993 3670 1166 3724 Sonus
1210 3670 1297 3723 ille
1349 3670 1614 3725 adhibitus
1654 3671 1860 3725 medius
1904 3671 1955 3725 in

382 3771 432 3815 te
474 3761 671 3831 aliquid
721 3762 1063 3832 propagavit,
1115 3776 1143 3813 a
1187 3777 1273 3816 me
1304 3776 1407 3814 non
1437 3761 1735 3830 emigravit.
1786 3762 1953 3817 Deum

375 3855 487 3922 jam
531 3866 631 3922 ego
684 3853 978 3923 cogitabam
1022 3870 1035 3905 :
1084 3861 1141 3906 tu
1192 3851 1425 3906 nondum
1476 3852 1719 3906 audieras
1772 3867 1957 3906 vocem

382 3959 591 4007 meam;
643 3942 742 3998 hac
786 3943 992 4009 audita,
1022 3944 1228 4014 ccepisti
1266 3952 1318 3997 et
1353 3952 1405 3996 tu
1450 3943 1647 3997 habere
1686 3942 1823 4012 quod
1876 3958 1960 3997 co-

379 4035 609 4103 gitabam
637 4052 649 4088 :
680 4034 774 4089 sed
800 4050 898 4105 ego
944 4051 1047 4089 non
1098 4034 1299 4104 perdidi
1337 4034 1477 4103 quod
1514 4034 1794 4088 habebam.
1823 4036 1959 4103 Ergo

381 4124 433 4177 in
464 4140 569 4188 me,
604 4134 850 4195 tanquam
882 4125 934 4179 in
961 4125 1177 4181 cardine
1222 4124 1399 4179 cordis
1434 4124 1577 4189 mei,
1612 4134 1856 4195 tanquam
1906 4127 1957 4182 in

381 4220 670 4273 secretario
718 4218 910 4274 mentis
956 4234 1088 4273 mea:
1122 4261 1136 4283 ,
1186 4219 1460 4288 praecessit
1503 4219 1723 4274 verbum
1774 4236 1958 4275 vocem

384 4323 575 4363 meam.
618 4309 861 4363 Nondum
900 4310 1079 4363 sonuit
1110 4324 1208 4363 vox
1236 4309 1286 4363 in
1320 4324 1413 4364 ore
1440 4324 1582 4375 meo,
1612 4317 1665 4363 et
1694 4309 1832 4364 inest
1850 4311 1958 4380 jam

382 4400 603 4454 verbum
635 4400 783 4456 cordi
806 4416 946 4455 meo.
981 4400 1049 4456 Ut
1074 4409 1253 4455 autem
1282 4408 1434 4455 exeat
1459 4399 1525 4457 ad
1558 4408 1608 4455 te
1633 4400 1773 4471 quod
1797 4400 1959 4457 corde

376 4493 621 4561 concepi,
652 4493 1004 4548 ministerium
1036 4493 1181 4548 vocis
1209 4494 1442 4563 inquirit.

447 4583 501 4636 4.
538 4581 685 4637 Vocis
700 4585 970 4637 ministerio
988 4601 1112 4655 Opus
1125 4592 1196 4637 est
1214 4594 1268 4637 ut
1288 4584 1489 4638 verbum
1508 4586 1793 4640 insinuetur
1808 4589 1961 4643 menti

378 4674 640 4728 auditoris.
664 4676 718 4729 Si
735 4678 957 4745 possim,
976 4677 1254 4746 adjuvante
1273 4677 1563 4733 intentione
1580 4688 1751 4734 vestra
1770 4689 1820 4734 et
1842 4696 1961 4737 ora-

379 4765 631 4831 tionibus,
660 4765 840 4820 dicere
887 4768 1026 4835 qnod
1072 4768 1213 4833 volo,
1259 4780 1388 4839 puto
1418 4772 1539 4840 quia
1582 4772 1829 4840 gaudebit
1873 4773 1960 4842 qui

381 4855 638 4925 intelliget
667 4872 681 4910 :
716 4856 805 4925 qtti
843 4865 1018 4911 autem
1047 4874 1152 4911 non
1186 4860 1463 4930 intelliget,
1497 4862 1733 4930 ignoscat
1760 4863 1959 4919 homini

381 4944 661 5011 laboranti,
697 4946 806 5000 Deo
847 4948 1104 5016 supplicet
1145 4948 1437 5003 miseranti.
1488 4952 1694 5005 Etenim
1726 4961 1780 5007 et
1819 4954 1960 5023 quod

380 5035 569 5104 loquor
595 5036 716 5090 inde
761 5045 860 5090 est.
893 5035 1019 5091 Inde
1048 5038 1187 5092 unde
1216 5039 1423 5109 loquor,
1472 5040 1611 5095 inest
1647 5043 1793 5096 cordi
1822 5045 1960 5113 quod

379 5124 550 5178 dicam
583 5141 597 5177 :
626 5124 721 5178 sed
759 5140 947 5179 vocum
978 5128 1273 5182 ministeria
1312 5128 1551 5183 laborant
1578 5131 1642 5185 ad
1689 5148 1843 5187 aures
1867 5149 1961 5189 ve-

378 5224 536 5291 stras.
557 5214 693 5282 Quid
714 5231 861 5283 ergo,
884 5216 1111 5271 fratres?
1137 5218 1261 5287 quid
1282 5234 1408 5289 ergo
1426 5220 1449 5273 ?
1468 5218 1623 5276 Certe
1640 5222 1957 5291 intendistis,

378 5313 521 5359 certe
538 5304 646 5373 jam
677 5306 989 5375 intelligitis,
1013 5307 1135 5375 quia
1169 5307 1388 5362 verbum
1409 5318 1523 5363 erat
1552 5310 1602 5365 in
1633 5312 1793 5367 corde
1816 5330 1955 5379 meo,

380 5405 660 5465 antequam
688 5396 787 5451 sibi
815 5396 1089 5470 adhiberet
1115 5412 1321 5470 vocem,
1342 5400 1396 5453 in
1425 5416 1527 5467 qua
1554 5402 1867 5470 procederet
1895 5405 1959 5458 ad

382 5481 541 5520 aures
570 5478 795 5522 vestras.
828 5467 962 5521 Puto
990 5469 1112 5537 quia
1140 5469 1436 5540 intelligant
1463 5467 1649 5527 omnes
1679 5473 1920 5530 homines
1944 5493 1957 5529 :

384 5619 484 5680 iam
507 5627 668 5669 notum
691 5626 759 5669 est
779 5619 982 5675 dicturo.

439 5684 451 5712 ¹
486 5688 615 5744 1155.,
639 5683 815 5746 faceret
848 5697 935 5747 per
960 5696 1182 5735 sanorum
1204 5685 1482 5739 mutationes
1502 5687 1693 5739 verbum
1718 5690 1892 5742 cordis.

1648 259 1882 319 SERSIO
1919 258 2334 315 CCLXXXVIII.

3473 269 3611 324 1506

2037 405 2159 463 quia
2190 396 2329 465 quod
2360 396 2486 451 mihi
2514 397 2725 462 accidit,
2760 397 2859 453 hoc
2893 399 3036 452 omni
3067 398 3319 468 loquenti.
3354 400 3486 455 Ecce
3508 404 3619 472 jam

2040 488 2150 541 scio
2174 488 2311 552 quod
2342 489 2459 543 volo
2486 489 2683 557 dicere,
2711 489 2872 545 corde
2902 498 3073 554 teneo,
3096 492 3448 546 ministerium
3474 494 3621 549 vocis

2042 576 2250 646 inquiro
2281 595 2295 643 ;
2329 589 2607 650 antequam
2636 590 2790 636 sonet
2817 598 2915 637 vox
2943 582 2995 635 in
3039 597 3132 637 ore
3159 595 3300 649 meo,
3327 584 3435 653 jam
3469 594 3620 638 tene-

2042 678 2127 722 tur
2170 672 2386 725 verbum
2420 674 2469 727 in
2517 678 2677 729 corde
2725 690 2864 729 meo.
2914 675 3191 731 Praecessit
3233 692 3360 747 ergo
3399 678 3618 732 verbum

2040 777 2225 816 vocem
2253 778 2446 829 meam,
2480 773 2531 818 et
2570 766 2747 819 inme
2786 766 2932 835 prius
2961 774 3044 820 est
3073 767 3313 838 verbum,
3360 770 3625 837 posterior

2040 869 2139 906 vox
2163 870 2175 905 :
2200 853 2264 907 ad
2284 862 2334 907 te
2351 864 2545 919 autem,
2568 865 2625 909 ut
2640 856 2921 925 intelligas,
2936 857 3079 926 prior
3094 858 3234 911 venit
3252 874 3351 912 vox
3365 860 3476 912 auri
3496 870 3622 923 tute,

2043 945 2327 999 utverbum
2350 945 2643 999 insinuetur
2657 949 2953 1002 mentitum.
2971 946 3136 1003 Nosse
3153 949 3293 1003 enim
3316 964 3421 1003 non
3440 965 3626 1021 posses

2044 1034 2185 1104 quod
2212 1033 2264 1088 in
2285 1050 2368 1088 me
2386 1034 2557 1089 fuerat
2583 1044 2919 1101 antevoccm,
2943 1038 3042 1092 nisi
3070 1038 3186 1092 inte
3205 1038 3365 1093 fuerit
3394 1050 3509 1109 post
3534 1056 3627 1093 vo-

2045 1140 2159 1180 cem
2180 1128 2216 1179 ί.
2235 1126 2370 1196 Ergo
2388 1127 2430 1180 si
2443 1142 2541 1179 vox
2558 1126 2808 1192 Joannes,
2824 1128 3038 1182 verbum
3055 1128 3323 1184 Christus:
3339 1140 3459 1184 ante
3472 1130 3624 1184 Joan-

2045 1233 2165 1272 nem
2179 1218 2438 1282 Christus,
2459 1217 2551 1273 sed
2567 1218 2702 1287 apud
2720 1219 2916 1285 Deum;
2955 1229 3073 1289 post
3088 1220 3344 1275 Joannem
3358 1222 3619 1285 Christus,

2044 1308 2137 1363 sed
2153 1309 2289 1378 apud
2305 1323 2419 1363 nos.
2436 1308 2677 1379 Magnum
2694 1311 3185 1377 sacramentum,fra
3195 1320 3320 1366 tres.
3342 1311 3619 1379 lntendite,

2046 1400 2268 1469 accipite
2289 1397 2701 1469 magnitudinem
2720 1399 2793 1454 rei
2820 1400 2977 1454 etiam
2996 1410 3153 1471 atque
3172 1404 3351 1459 etiam.
3388 1404 3625 1457 Delectat

2046 1492 2186 1546 enim
2226 1508 2314 1546 me
2354 1492 2653 1547 intellectus
2691 1501 2886 1557 vester,
2934 1499 2988 1547 et
3029 1493 3363 1549 audaciorem
3396 1495 3518 1549 facit
3556 1495 3624 1549 ad

2045 1598 2161 1650 vos,
2193 1582 2473 1651 adjuvante
2511 1583 2600 1637 illo
2627 1598 2783 1653 quem
2830 1583 3078 1652 praedico,
3123 1586 3354 1639 tantillus
3386 1594 3585 1640 tantum
3606 1630 3621 1653 ,

2047 1674 2209 1728 homo
2232 1674 2633 1745 qualiscumque
2661 1674 2894 1729 Verbum
2924 1675 3111 1730 Deum.
3158 1676 3277 1745 Ipso
3319 1692 3445 1747 ergo
3469 1679 3624 1749 adju-

2047 1774 2225 1832 vante,
2253 1766 2502 1821 audacior
2530 1765 2599 1821 tio
2626 1765 2691 1821 ad
2719 1781 2836 1833 vos,
2867 1774 2921 1821 et
2950 1766 3219 1835 praemissa
3247 1766 3343 1821 ista
3376 1768 3628 1823 informa-

2051 1858 2193 1912 tione
2234 1858 2587 1913 distinctionis
2629 1858 2777 1913 vocis
2805 1867 2858 1912 ct
2888 1859 3055 1925 verbi,
3089 1874 3205 1928 quae
3235 1870 3630 1930 consequantur

2050 1948 2278 2003 insinuo.
2312 1948 2599 2003 Personam
2641 1950 2857 2018 gerebat
2894 1949 3126 2005 Joannes
3167 1950 3311 2005 vocis
3356 1951 3409 2006 in
3449 1966 3628 2005 sacra-

2051 2047 2273 2094 mento:
2306 2054 2427 2093 nam
2476 2054 2583 2094 non
2624 2040 2736 2110 ipse
2779 2042 2923 2095 solus
2962 2057 3061 2095 vox
3092 2050 3225 2096 erat.
3277 2042 3460 2097 Omnis
3488 2042 3629 2097 enim

2052 2132 2213 2187 homo
2250 2133 2591 2187 annuntiator
2625 2133 2798 2198 Verbi,
2849 2150 2953 2189 vox
2992 2133 3151 2190 Verbi
3182 2144 3279 2189 est.
3309 2135 3459 2203 Quod
3488 2137 3631 2193 enim

2052 2231 2135 2277 est
2158 2237 2321 2277 sonus
2346 2223 2456 2277 oris
2483 2224 2654 2278 nostri
2680 2223 2745 2277 ad
2784 2223 3007 2277 verbum
3035 2224 3176 2295 quod
3201 2226 3251 2279 in
3277 2225 3436 2280 corde
3462 2236 3633 2295 gesta-

2052 2328 2192 2381 mus,
2223 2314 2325 2368 hoc
2349 2315 2522 2369 omnis
2551 2314 2727 2369 anima
2766 2316 2850 2385 pia
2880 2315 3213 2384 pncdicatrix
3240 2316 3304 2371 ad
3341 2317 3470 2372 illud
3495 2318 3631 2373 Ver-

2053 2408 2176 2462 bum
2207 2407 2274 2463 de
2298 2423 2403 2479 quo
2428 2408 2627 2464 dictum
2655 2418 2737 2464 est
2766 2427 2778 2463 :
2809 2408 2873 2464 In
2900 2411 3147 2480 principio
3174 2420 3279 2464 erat
3325 2410 3560 2477 Verbum,
3588 2420 3635 2466 et

2065 2496 2274 2553 Verbum
2312 2508 2419 2553 erat
2464 2501 2603 2570 apud
2626 2499 2810 2565 Deum,
2852 2510 2898 2555 et
2923 2500 3060 2556 Deus
3098 2512 3203 2556 erat
3249 2501 3464 2557 Verbum
3496 2519 3513 2556 :
3541 2503 3636 2557 bac

2053 2602 2161 2646 erat
2189 2591 2242 2646 in
2285 2592 2532 2664 principio
2561 2593 2701 2663 apud
2739 2592 2901 2646 Deum
2934 2592 3110 2665 (Joan.
3144 2611 3179 2657 ι,
3227 2595 3279 2660 I,
3323 2594 3401 2663 2).
3432 2594 3637 2660 Quanta

2057 2682 2244 2749 verba,
2276 2682 2383 2737 imo
2408 2691 2631 2752 quantas
2659 2698 2817 2739 voces
2844 2682 2967 2737 facit
3003 2683 3221 2738 verbum
3252 2684 3412 2739 corde
3442 2700 3636 2739 conce-

2057 2783 2203 2844 ptum
2231 2775 2244 2829 !
2277 2774 2513 2843 Quantos
2543 2776 2919 2845 prmdicatores
2960 2776 3083 2831 fecit
3114 2776 3343 2831 Verbum
3370 2776 3508 2846 apud
3536 2777 3637 2830 Pa-

2059 2874 2191 2920 trem
2223 2866 2480 2920 manens!
2528 2865 2667 2920 Misit
2707 2866 3060 2932 Patriarchas,
3110 2866 3253 2920 misit
3296 2867 3590 2936 Prophetas
3618 2908 3635 2934 ,

2058 2958 2201 3012 misit
2232 2967 2310 3013 tot
2341 2968 2393 3013 et
2417 2966 2590 3013 tantos
2611 2958 3051 3027 prarnuntiatorcs
3079 2973 3222 3013 suos.
3261 2958 3495 3014 Verbum
3528 2975 3639 3012 ma-

2058 3064 2192 3105 nens
2234 3064 2392 3104 voces
2417 3049 2581 3114 misit,
2614 3057 2668 3103 et
2708 3057 2826 3117 post
2864 3050 3057 3103 multas
3100 3048 3400 3117 praemissas
3440 3064 3636 3115 voces,

2058 3156 2219 3195 unum
2243 3141 2411 3210 ipsum
2432 3139 2661 3195 Verbum
2681 3140 2823 3195 venit
2846 3147 3091 3209 tanquam
3112 3140 3162 3193 in
3180 3140 3424 3195 vehiculo
3443 3154 3561 3203 suo,
3588 3140 3641 3195 in

2058 3247 2184 3287 voce
2216 3247 2329 3293 sua.
2354 3232 2407 3286 in
2434 3246 2593 3286 carne
2617 3246 2732 3287 sua.
2764 3231 2963 3301 Collige
2979 3245 3107 3300 ergo
3126 3238 3372 3301 tanquam
3396 3230 3445 3285 in
3480 3248 3641 3286 unum

2058 3340 2245 3381 omnes
2264 3338 2441 3387 voces,
2461 3340 2578 3393 quae
2595 3334 2976 3394 pucccsserunt
2994 3324 3223 3379 Verbum
3242 3365 3257 3391 ,
3283 3334 3337 3379 et
3350 3340 3440 3379 eas
3456 3340 3642 3381 omnes

2060 3416 2323 3470 constitue
2362 3416 2414 3469 in
2446 3430 2670 3484 persona
2708 3414 2948 3469 Joannis.
2981 3416 3174 3469 Ilarum
3202 3417 3435 3468 omnium
3466 3430 3644 3469 sacra-

2060 3517 2296 3561 mentum
2325 3506 2411 3559 ille
2431 3505 2689 3575 gestabat,
2713 3505 2901 3560 harum
2931 3506 3167 3559 omnium
3192 3522 3417 3575 persona
3436 3515 3642 3561 saerata

2060 3607 2115 3652 ct
2142 3599 2363 3667 mystica
2387 3595 2476 3650 ille
2501 3611 2636 3650 unus
2660 3604 2791 3651 erat.
2822 3596 2945 3651 Ideo
2975 3597 3187 3665 proprie
3208 3596 3381 3651 dictus
3405 3606 3488 3651 est
3517 3613 3638 3661 vox,

2063 3699 2310 3761 tanquam
2355 3689 2591 3743 omniurn
2632 3704 2821 3744 vocum
2869 3676 3198 3759 signaculum
3238 3699 3396 3761 atque
3443 3700 3643 3761 myste-

2061 3784 2220 3838 rium.

2134 3876 2186 3931 5.
2234 3873 2382 3929 Vocis
2427 3872 2759 3928 ministerium
2806 3872 3081 3938 minuitur,
3132 3880 3378 3927 crescente
3415 3874 3643 3943 profectu

2063 3967 2239 4020 mentis
2265 3966 2331 4019 ad
2372 3965 2605 4020 Verbum.
2645 3966 2785 4035 Ergo
2811 3964 3066 4019 attendite
3092 3964 3199 4034 jam
3229 3980 3333 4034 quo
3360 3965 3640 4034 pertineat,

2064 4055 2221 4110 Illum
2251 4064 2442 4126 Oportet
2476 4072 2715 4123 crescere,
2760 4072 2839 4108 me
2873 4064 3039 4108 autem
3065 4056 3243 4108 minui.
3276 4054 3566 4119 Attendite,
3598 4055 3643 4109 si

2064 4149 2261 4220 possim
2290 4148 2501 4218 eloqui;
2533 4147 2577 4203 si
2606 4163 2713 4202 non
2760 4147 2956 4213 dicam,
3002 4146 3289 4213 insinuare,
3319 4147 3410 4200 sed
3456 4147 3643 4202 saltem

2064 4243 2297 4311 cogitare
2323 4241 2601 4305 sufficiam,
2634 4255 2739 4311 quo
2765 4240 2944 4306 modo,
2971 4254 3071 4309 qua
3096 4240 3317 4305 ratione,
3345 4254 3445 4309 qua
3473 4240 3645 4293 inten-

2066 4332 2229 4397 tione,
2258 4346 2360 4401 qua
2398 4346 2579 4399 causa,
2610 4331 2901 4387 secundum
2947 4329 3341 4385 distinctionem
3379 4344 3533 4396 quam
3563 4329 3643 4382 lo-

2064 4431 2218 4477 cutus
2266 4436 2383 4477 sum
2427 4422 2574 4477 vocis
2624 4430 2679 4477 et
2724 4422 2893 4486 verbi,
2948 4420 3143 4475 dixerit
3190 4420 3301 4489 ipsa
3354 4434 3475 4485 vox,
3531 4419 3647 4487 ipse

2063 4515 2313 4582 Joannes,
2358 4512 2515 4568 Illum
2542 4522 2736 4584 oportet
2760 4529 3000 4577 crescere,
3044 4528 3123 4564 me
3155 4520 3319 4563 autem
3342 4509 3501 4560 minui
3529 4507 3641 4577 (Id.

2064 4626 2142 4675 ut,
2173 4610 2287 4677 50).
2316 4608 2361 4663 Ο
2390 4623 2639 4679 magnum
2669 4616 2724 4662 et
2744 4605 2985 4661 mirabile
3007 4603 3423 4659 sacramentum!
3456 4602 3644 4655 Atten-

2064 4700 2172 4754 dite
2193 4714 2473 4769 personam
2495 4698 2658 4760 vocis,
2685 4697 2734 4750 in
2766 4711 2866 4766 qua
2890 4708 3113 4764 persona
3140 4699 3291 4747 erant
3311 4700 3642 4745 sacramenta

2065 4793 2298 4847 omnium
2347 4806 2558 4855 vocum,
2591 4789 2853 4844 dicentem
2894 4788 2960 4842 de
2997 4800 3223 4857 persona
3269 4784 3449 4849 Verbi,
3484 4782 3642 4838 Illum

2065 4891 2255 4951 oportet
2293 4897 2529 4948 crescere,
2572 4896 2650 4933 me
2694 4891 2860 4931 autem
2903 4876 3080 4929 minui.
3110 4873 3321 4941 Quare?
3351 4874 3639 4928 Attendite.

2066 4972 2351 5040 Apostolus
2375 4971 2521 5035 dicit,
2575 4970 2659 5025 Ea:
2686 4980 2827 5041 parte
2852 4968 3054 5028 scimus,
3097 4974 3142 5019 et
3167 4982 3229 5018 ex
3253 4974 3394 5035 parte
3421 4965 3644 5033 prop/ie-

2067 5072 2266 5126 tamus;
2293 5079 2404 5116 cum
2432 5072 2597 5117 autem
2624 5062 2807 5116 venerit
2839 5058 2972 5128 quod
3000 5062 3272 5128 perfectum
3297 5065 3387 5123 est,
3416 5056 3551 5125 quod
3584 5071 3646 5109 ei:

2068 5163 2209 5223 parte
2230 5160 2302 5206 est
2326 5154 2645 5206 evacuabitur
2670 5151 2716 5221 (I
2746 5148 2860 5204 Cor.
2892 5164 3007 5213 xui,
3027 5149 3079 5213 9,
3106 5147 3218 5217 IO).
3249 5145 3385 5213 Quid
3412 5155 3493 5200 est
3521 5162 3645 5214 pcr-

2066 5244 2301 5300 fectum?
2325 5244 2391 5298 In
2409 5245 2655 5314 principio
2682 5250 2787 5295 erat
2813 5239 3047 5305 Verbum,
3076 5248 3121 5293 et
3143 5238 3359 5293 Verbum
3382 5246 3486 5290 erat
3507 5234 3646 5304 apud

2066 5337 2249 5403 Deum,
2271 5346 2317 5391 et
2347 5336 2481 5390 Deus
2510 5345 2617 5389 erat
2659 5332 2890 5388 Verbum.
2926 5332 3034 5385 IIoc
3062 5338 3143 5385 est
3171 5328 3477 5399 perfectum.
3508 5326 3643 5394 Quid

2065 5437 2146 5482 est
2174 5427 2506 5496 perfectum?
2534 5425 2683 5478 Dicat
2721 5432 2775 5478 et
2800 5421 3074 5491 apostolus
3118 5420 3333 5485 Paulus,
3391 5418 3491 5483 Qui
3528 5432 3641 5469 cum

2064 5519 2114 5573 in
2143 5520 2307 5588 forma
2328 5517 2416 5570 Dei
2435 5525 2577 5581 esset,
2598 5532 2697 5568 non
2719 5515 2951 5586 rapinam
2973 5513 3245 5567 arbitratus
3265 5519 3338 5565 est
3360 5525 3465 5566 esse
3486 5522 3637 5581 (equa

2138 5698 2151 5726 ι
2190 5694 2377 5757 Aliquot
2395 5700 2523 5754 “$5.,
2549 5691 2639 5743 nisi
2658 5691 2705 5743 in
2727 5699 2769 5742 te
2784 5689 2921 5757 ﬁeret
2941 5698 3238 5757 nostratem.
3278 5742 3285 5749 ,

3661 5711 3684 5741 η
