  <div class='ocr_page' id='page_1' title='image "/cluster/home/n/w/nwhite01/storage/ocr_20150623/38/hvd.32044015706294/659.png"; bbox 0 0 4102 6326; ppageno 0'>
   <div class='ocr_carea' id='block_1_1' title="bbox 496 256 626 312">
    <p class='ocr_par' dir='ltr' id='par_1_1' title="bbox 496 256 626 312">
     <span class='ocr_line' id='line_1_1' title="bbox 496 256 626 312; baseline 0.008 -2"><span class='ocrx_word' id='word_1_1' title='bbox 496 256 626 312; x_wconf 76' lang='grc'><strong>1507</strong></span> 
     </span>
    </p>
   </div>
   <div class='ocr_carea' id='block_1_2' title="bbox 489 366 2071 442">
    <p class='ocr_par' dir='ltr' id='par_1_2' title="bbox 489 366 2071 442">
     <span class='ocr_line' id='line_1_2' title="bbox 489 366 2071 442; baseline 0.002 -22"><span class='ocrx_word' id='word_1_2' title='bbox 489 369 553 422; x_wconf 84' lang='lat' dir='ltr'><strong>lis</strong></span> <span class='ocrx_word' id='word_1_3' title='bbox 585 367 692 424; x_wconf 87' lang='lat' dir='ltr'><strong>Deo</strong></span> <span class='ocrx_word' id='word_1_4' title='bbox 719 367 971 442; x_wconf 78' lang='lat' dir='ltr'><strong>(Philipp.</strong></span> <span class='ocrx_word' id='word_1_5' title='bbox 1001 386 1058 435; x_wconf 83' lang='grc' dir='ltr'><em>ιι,</em></span> <span class='ocrx_word' id='word_1_6' title='bbox 1085 366 1160 441; x_wconf 87' lang='grc'><strong>6).</strong></span> <span class='ocrx_word' id='word_1_7' title='bbox 1193 370 1343 425; x_wconf 75' lang='lat' dir='ltr'><strong>nunc</strong></span> <span class='ocrx_word' id='word_1_8' title='bbox 1366 369 1622 439; x_wconf 69' lang='lat' dir='ltr'><strong>aequalem</strong></span> <span class='ocrx_word' id='word_1_9' title='bbox 1645 368 1756 423; x_wconf 91' lang='lat' dir='ltr'><strong>Deo</strong></span> <span class='ocrx_word' id='word_1_10' title='bbox 1775 367 1941 434; x_wconf 89' lang='lat' dir='ltr'><strong>Patri,</strong></span> <span class='ocrx_word' id='word_1_11' title='bbox 1969 367 2071 423; x_wconf 89' lang='lat' dir='ltr'><strong>hoc</strong></span> 
     </span>
    </p>
   </div>
   <div class='ocr_carea' id='block_1_3' title="bbox 494 457 2068 530">
    <p class='ocr_par' dir='ltr' id='par_1_3' title="bbox 494 457 2068 530">
     <span class='ocr_line' id='line_1_3' title="bbox 494 457 2068 530; baseline 0.001 -20"><span class='ocrx_word' id='word_1_12' title='bbox 494 457 722 513; x_wconf 91' lang='lat' dir='ltr'><strong>Verbum</strong></span> <span class='ocrx_word' id='word_1_13' title='bbox 751 459 841 514; x_wconf 88' lang='lat' dir='ltr'><strong>Dei</strong></span> <span class='ocrx_word' id='word_1_14' title='bbox 879 459 1016 529; x_wconf 88' lang='lat' dir='ltr'><strong>apud</strong></span> <span class='ocrx_word' id='word_1_15' title='bbox 1048 459 1234 528; x_wconf 91' lang='lat' dir='ltr'><strong>Deum,</strong></span> <span class='ocrx_word' id='word_1_16' title='bbox 1268 475 1363 530; x_wconf 93' lang='lat' dir='ltr'><strong>per</strong></span> <span class='ocrx_word' id='word_1_17' title='bbox 1390 459 1530 529; x_wconf 89' lang='lat' dir='ltr'><strong>quod</strong></span> <span class='ocrx_word' id='word_1_18' title='bbox 1561 458 1695 514; x_wconf 86' lang='lat' dir='ltr'><strong>facta</strong></span> <span class='ocrx_word' id='word_1_19' title='bbox 1721 468 1846 514; x_wconf 86' lang='lat' dir='ltr'><strong>sunt</strong></span> <span class='ocrx_word' id='word_1_20' title='bbox 1867 459 2068 527; x_wconf 90' lang='lat' dir='ltr'><strong>omnia,</strong></span> 
     </span>
    </p>
   </div>
   <div class='ocr_carea' id='block_1_4' title="bbox 489 548 2070 620">
    <p class='ocr_par' dir='ltr' id='par_1_4' title="bbox 489 548 2070 620">
     <span class='ocr_line' id='line_1_4' title="bbox 489 548 2070 620; baseline 0.005 -22"><span class='ocrx_word' id='word_1_21' title='bbox 489 548 782 604; x_wconf 70' lang='lat' dir='ltr'><strong>videbimus</strong></span> <span class='ocrx_word' id='word_1_22' title='bbox 820 549 975 605; x_wconf 85' lang='lat' dir='ltr'><strong>siculi</strong></span> <span class='ocrx_word' id='word_1_23' title='bbox 1002 560 1104 613; x_wconf 90' lang='lat' dir='ltr'><strong>est,</strong></span> <span class='ocrx_word' id='word_1_24' title='bbox 1145 551 1239 606; x_wconf 86' lang='lat' dir='ltr'><strong>sed</strong></span> <span class='ocrx_word' id='word_1_25' title='bbox 1283 552 1335 606; x_wconf 93' lang='lat' dir='ltr'><strong>in</strong></span> <span class='ocrx_word' id='word_1_26' title='bbox 1377 551 1500 606; x_wconf 84' lang='lat' dir='ltr'><strong>ﬁne.</strong></span> <span class='ocrx_word' id='word_1_27' title='bbox 1546 550 1675 605; x_wconf 87' lang='lat' dir='ltr'><strong>Nam</strong></span> <span class='ocrx_word' id='word_1_28' title='bbox 1721 567 1881 615; x_wconf 90' lang='lat' dir='ltr'><strong>nunc,</strong></span> <span class='ocrx_word' id='word_1_29' title='bbox 1927 550 2070 620; x_wconf 90' lang='lat' dir='ltr'><strong>quod</strong></span> 
     </span>
    </p>
   </div>
   <div class='ocr_carea' id='block_1_5' title="bbox 488 633 2067 709">
    <p class='ocr_par' dir='ltr' id='par_1_5' title="bbox 488 633 2067 709">
     <span class='ocr_line' id='line_1_5' title="bbox 488 633 2067 709; baseline 0.003 -17"><span class='ocrx_word' id='word_1_30' title='bbox 488 639 808 709; x_wconf 76' lang='lat' dir='ltr'><strong>evangelista</strong></span> <span class='ocrx_word' id='word_1_31' title='bbox 837 639 1069 696; x_wconf 84' lang='lat' dir='ltr'><strong>Joannes</strong></span> <span class='ocrx_word' id='word_1_32' title='bbox 1095 641 1246 706; x_wconf 89' lang='lat' dir='ltr'><strong>dicit,</strong></span> <span class='ocrx_word' id='word_1_33' title='bbox 1287 633 1318 692; x_wconf 75' lang='grc' dir='ltr'><em>ι’</em></span> <span class='ocrx_word' id='word_1_34' title='bbox 1345 641 1702 704; x_wconf 90' lang='lat' dir='ltr'><strong>Dilectissimi,</strong></span> <span class='ocrx_word' id='word_1_35' title='bbox 1734 641 1828 695; x_wconf 90' lang='lat' dir='ltr'><strong>ﬁlii</strong></span> <span class='ocrx_word' id='word_1_36' title='bbox 1855 642 1946 696; x_wconf 87' lang='lat' dir='ltr'><strong>Dei</strong></span> <span class='ocrx_word' id='word_1_37' title='bbox 1974 657 2067 696; x_wconf 88' lang='lat' dir='ltr'><strong>su-</strong></span> 
     </span>
    </p>
   </div>
   <div class='ocr_carea' id='block_1_6' title="bbox 486 730 2066 802">
    <p class='ocr_par' dir='ltr' id='par_1_6' title="bbox 486 730 2066 802">
     <span class='ocr_line' id='line_1_6' title="bbox 486 730 2066 802; baseline 0.003 -21"><span class='ocrx_word' id='word_1_38' title='bbox 486 744 626 795; x_wconf 87' lang='lat' dir='ltr'><strong>mus,</strong></span> <span class='ocrx_word' id='word_1_39' title='bbox 664 736 717 783; x_wconf 91' lang='lat' dir='ltr'><strong>et</strong></span> <span class='ocrx_word' id='word_1_40' title='bbox 746 730 978 784; x_wconf 91' lang='lat' dir='ltr'><strong>nondum</strong></span> <span class='ocrx_word' id='word_1_41' title='bbox 1009 732 1254 800; x_wconf 82' lang='lat' dir='ltr'><strong>apparuit</strong></span> <span class='ocrx_word' id='word_1_42' title='bbox 1281 731 1409 802; x_wconf 89' lang='lat' dir='ltr'><strong>quid</strong></span> <span class='ocrx_word' id='word_1_43' title='bbox 1439 732 1657 786; x_wconf 87' lang='lat' dir='ltr'><strong>erimus.</strong></span> <span class='ocrx_word' id='word_1_44' title='bbox 1691 733 2066 799; x_wconf 85' lang='lat' dir='ltr'><strong>Dilectissimi,</strong></span> 
     </span>
    </p>
   </div>
   <div class='ocr_carea' id='block_1_7' title="bbox 485 819 2066 895">
    <p class='ocr_par' dir='ltr' id='par_1_7' title="bbox 485 819 2066 895">
     <span class='ocr_line' id='line_1_7' title="bbox 485 819 2066 895; baseline 0.004 -23"><span class='ocrx_word' id='word_1_45' title='bbox 485 819 702 886; x_wconf 81' lang='lat' dir='ltr'><strong>scimus,</strong></span> <span class='ocrx_word' id='word_1_46' title='bbox 730 822 852 890; x_wconf 87' lang='lat' dir='ltr'><strong>quia</strong></span> <span class='ocrx_word' id='word_1_47' title='bbox 879 837 998 876; x_wconf 90' lang='lat' dir='ltr'><strong>cum</strong></span> <span class='ocrx_word' id='word_1_48' title='bbox 1034 823 1356 894; x_wconf 81' lang='lat' dir='ltr'><strong>apparuerit,</strong></span> <span class='ocrx_word' id='word_1_49' title='bbox 1389 825 1589 878; x_wconf 91' lang='lat' dir='ltr'><strong>similes</strong></span> <span class='ocrx_word' id='word_1_50' title='bbox 1612 825 1661 878; x_wconf 89' lang='lat' dir='ltr'><strong>ei</strong></span> <span class='ocrx_word' id='word_1_51' title='bbox 1687 825 1904 890; x_wconf 88' lang='lat' dir='ltr'><strong>erimus,</strong></span> <span class='ocrx_word' id='word_1_52' title='bbox 1929 839 2066 895; x_wconf 91' lang='lat' dir='ltr'><strong>quo-</strong></span> 
     </span>
    </p>
   </div>
   <div class='ocr_carea' id='block_1_8' title="bbox 486 908 2067 986">
    <p class='ocr_par' dir='ltr' id='par_1_8' title="bbox 486 908 2067 986">
     <span class='ocr_line' id='line_1_8' title="bbox 486 908 2067 986; baseline 0.004 -22"><span class='ocrx_word' id='word_1_53' title='bbox 486 908 628 964; x_wconf 82' lang='lat' dir='ltr'><strong>niam</strong></span> <span class='ocrx_word' id='word_1_54' title='bbox 659 910 956 967; x_wconf 87' lang='lat' dir='ltr'><strong>videbimus</strong></span> <span class='ocrx_word' id='word_1_55' title='bbox 979 929 1099 968; x_wconf 91' lang='lat' dir='ltr'><strong>eum</strong></span> <span class='ocrx_word' id='word_1_56' title='bbox 1121 914 1275 968; x_wconf 87' lang='lat' dir='ltr'><strong>sicuti</strong></span> <span class='ocrx_word' id='word_1_57' title='bbox 1303 922 1383 969; x_wconf 90' lang='lat' dir='ltr'><strong>est</strong></span> <span class='ocrx_word' id='word_1_58' title='bbox 1417 935 1435 966; x_wconf 75' lang='grc' dir='ltr'><strong>τ</strong></span> <span class='ocrx_word' id='word_1_59' title='bbox 1472 914 1525 984; x_wconf 87' lang='lat' dir='ltr'><strong>(l</strong></span> <span class='ocrx_word' id='word_1_60' title='bbox 1547 913 1703 970; x_wconf 85' lang='lat' dir='ltr'><strong>Joan.</strong></span> <span class='ocrx_word' id='word_1_61' title='bbox 1727 931 1804 982; x_wconf 85' lang='lat' dir='ltr'><strong>Ill,</strong></span> <span class='ocrx_word' id='word_1_62' title='bbox 1831 915 1908 986; x_wconf 74' lang='lat'><strong>2).</strong></span> <span class='ocrx_word' id='word_1_63' title='bbox 1941 915 2067 971; x_wconf 63' lang='lat' dir='ltr'><strong>llaec</strong></span> 
     </span>
    </p>
   </div>
   <div class='ocr_carea' id='block_1_9' title="bbox 484 1002 2062 1078">
    <p class='ocr_par' dir='ltr' id='par_1_9' title="bbox 484 1002 2062 1078">
     <span class='ocr_line' id='line_1_9' title="bbox 484 1002 2062 1078; baseline 0.006 -22"><span class='ocrx_word' id='word_1_64' title='bbox 484 1002 619 1057; x_wconf 82' lang='lat' dir='ltr'><strong>visio</strong></span> <span class='ocrx_word' id='word_1_65' title='bbox 650 1003 801 1059; x_wconf 92' lang='lat' dir='ltr'><strong>nobis</strong></span> <span class='ocrx_word' id='word_1_66' title='bbox 831 1007 1173 1076; x_wconf 84' lang='lat' dir='ltr'><strong>promittitur,</strong></span> <span class='ocrx_word' id='word_1_67' title='bbox 1209 1007 1276 1063; x_wconf 92' lang='lat' dir='ltr'><strong>ad</strong></span> <span class='ocrx_word' id='word_1_68' title='bbox 1306 1007 1443 1063; x_wconf 88' lang='lat' dir='ltr'><strong>hanc</strong></span> <span class='ocrx_word' id='word_1_69' title='bbox 1469 1009 1726 1065; x_wconf 78' lang='lat' dir='ltr'><strong>visionem</strong></span> <span class='ocrx_word' id='word_1_70' title='bbox 1754 1011 2062 1078; x_wconf 85' lang='lat' dir='ltr'><strong>erudimur,</strong></span> 
     </span>
    </p>
   </div>
   <div class='ocr_carea' id='block_1_10' title="bbox 481 1093 2061 1166">
    <p class='ocr_par' dir='ltr' id='par_1_10' title="bbox 481 1093 2061 1166">
     <span class='ocr_line' id='line_1_10' title="bbox 481 1093 2061 1166; baseline 0.006 -18"><span class='ocrx_word' id='word_1_71' title='bbox 481 1093 548 1148; x_wconf 84' lang='lat' dir='ltr'><strong>ad</strong></span> <span class='ocrx_word' id='word_1_72' title='bbox 575 1093 714 1150; x_wconf 91' lang='lat' dir='ltr'><strong>hanc</strong></span> <span class='ocrx_word' id='word_1_73' title='bbox 749 1097 1008 1152; x_wconf 84' lang='lat' dir='ltr'><strong>visionem</strong></span> <span class='ocrx_word' id='word_1_74' title='bbox 1031 1099 1190 1153; x_wconf 90' lang='lat' dir='ltr'><strong>corda</strong></span> <span class='ocrx_word' id='word_1_75' title='bbox 1218 1099 1557 1155; x_wconf 90' lang='lat' dir='ltr'><strong>mundamus.</strong></span> <span class='ocrx_word' id='word_1_76' title='bbox 1587 1100 1730 1155; x_wconf 85' lang='lat' dir='ltr'><strong>Beati</strong></span> <span class='ocrx_word' id='word_1_77' title='bbox 1754 1102 1918 1166; x_wconf 87' lang='lat' dir='ltr'><strong>enim,</strong></span> <span class='ocrx_word' id='word_1_78' title='bbox 1945 1102 2061 1156; x_wconf 73' lang='grc' dir='ltr'><em>ιιι--</em></span> 
     </span>
    </p>
   </div>
   <div class='ocr_carea' id='block_1_11' title="bbox 481 1185 2060 1266">
    <p class='ocr_par' dir='ltr' id='par_1_11' title="bbox 481 1185 2060 1266">
     <span class='ocr_line' id='line_1_11' title="bbox 481 1185 2060 1266; baseline 0.008 -27"><span class='ocrx_word' id='word_1_79' title='bbox 481 1185 616 1256; x_wconf 89' lang='lat' dir='ltr'><strong>quit,</strong></span> <span class='ocrx_word' id='word_1_80' title='bbox 641 1188 828 1241; x_wconf 88' lang='lat' dir='ltr'><strong>mundo</strong></span> <span class='ocrx_word' id='word_1_81' title='bbox 849 1190 1016 1253; x_wconf 89' lang='lat' dir='ltr'><strong>corde,</strong></span> <span class='ocrx_word' id='word_1_82' title='bbox 1036 1193 1271 1260; x_wconf 88' lang='lat' dir='ltr'><strong>quoniant</strong></span> <span class='ocrx_word' id='word_1_83' title='bbox 1295 1193 1392 1262; x_wconf 89' lang='lat' dir='ltr'><strong>ipsi</strong></span> <span class='ocrx_word' id='word_1_84' title='bbox 1415 1193 1576 1247; x_wconf 86' lang='lat' dir='ltr'><strong>Deum</strong></span> <span class='ocrx_word' id='word_1_85' title='bbox 1594 1195 1828 1249; x_wconf 88' lang='lat' dir='ltr'><strong>videbunt</strong></span> <span class='ocrx_word' id='word_1_86' title='bbox 1849 1195 2060 1266; x_wconf 79' lang='lat' dir='ltr'><strong>(Matth.</strong></span> 
     </span>
    </p>
   </div>
   <div class='ocr_carea' id='block_1_12' title="bbox 480 1277 2062 1354">
    <p class='ocr_par' dir='ltr' id='par_1_12' title="bbox 480 1277 2062 1354">
     <span class='ocr_line' id='line_1_12' title="bbox 480 1277 2062 1354; baseline 0.007 -21"><span class='ocrx_word' id='word_1_87' title='bbox 480 1293 536 1344; x_wconf 84' lang='grc' dir='ltr'><strong>ν,</strong></span> <span class='ocrx_word' id='word_1_88' title='bbox 579 1277 653 1352; x_wconf 89' lang='grc'><strong>8).</strong></span> <span class='ocrx_word' id='word_1_89' title='bbox 702 1280 944 1336; x_wconf 86' lang='lat' dir='ltr'><strong>Ostendit</strong></span> <span class='ocrx_word' id='word_1_90' title='bbox 971 1297 1185 1339; x_wconf 89' lang='lat' dir='ltr'><strong>carnem</strong></span> <span class='ocrx_word' id='word_1_91' title='bbox 1241 1300 1411 1351; x_wconf 92' lang='lat' dir='ltr'><strong>suam,</strong></span> <span class='ocrx_word' id='word_1_92' title='bbox 1463 1287 1694 1342; x_wconf 82' lang='lat' dir='ltr'><strong>ostendit</strong></span> <span class='ocrx_word' id='word_1_93' title='bbox 1733 1289 1924 1354; x_wconf 82' lang='lat' dir='ltr'><strong>servis,</strong></span> <span class='ocrx_word' id='word_1_94' title='bbox 1967 1289 2062 1344; x_wconf 89' lang='lat' dir='ltr'><strong>sed</strong></span> 
     </span>
    </p>
   </div>
   <div class='ocr_carea' id='block_1_13' title="bbox 479 1369 2064 1448">
    <p class='ocr_par' dir='ltr' id='par_1_13' title="bbox 479 1369 2064 1448">
     <span class='ocr_line' id='line_1_13' title="bbox 479 1369 2064 1448; baseline 0.008 -24"><span class='ocrx_word' id='word_1_95' title='bbox 479 1369 705 1426; x_wconf 89' lang='lat' dir='ltr'><strong>formam</strong></span> <span class='ocrx_word' id='word_1_96' title='bbox 735 1373 873 1440; x_wconf 72' lang='lat' dir='ltr'><strong>servi</strong></span> <span class='ocrx_word' id='word_1_97' title='bbox 899 1390 912 1438; x_wconf 91' lang='lat'><strong>;</strong></span> <span class='ocrx_word' id='word_1_98' title='bbox 945 1383 1192 1446; x_wconf 82' lang='lat' dir='ltr'><strong>tanquam</strong></span> <span class='ocrx_word' id='word_1_99' title='bbox 1224 1380 1491 1448; x_wconf 86' lang='lat' dir='ltr'><strong>propriam</strong></span> <span class='ocrx_word' id='word_1_100' title='bbox 1518 1395 1700 1434; x_wconf 90' lang='lat' dir='ltr'><strong>vocem</strong></span> <span class='ocrx_word' id='word_1_101' title='bbox 1722 1394 1893 1446; x_wconf 89' lang='lat' dir='ltr'><strong>suam,</strong></span> <span class='ocrx_word' id='word_1_102' title='bbox 1925 1383 2064 1437; x_wconf 90' lang='lat' dir='ltr'><strong>inter</strong></span> 
     </span>
    </p>
   </div>
   <div class='ocr_carea' id='block_1_14' title="bbox 479 1461 2058 1541">
    <p class='ocr_par' dir='ltr' id='par_1_14' title="bbox 479 1461 2058 1541">
     <span class='ocr_line' id='line_1_14' title="bbox 479 1461 2058 1541; baseline 0.009 -27"><span class='ocrx_word' id='word_1_103' title='bbox 479 1461 673 1516; x_wconf 88' lang='lat' dir='ltr'><strong>multas</strong></span> <span class='ocrx_word' id='word_1_104' title='bbox 709 1478 888 1531; x_wconf 90' lang='lat' dir='ltr'><strong>voces,</strong></span> <span class='ocrx_word' id='word_1_105' title='bbox 933 1481 1064 1535; x_wconf 91' lang='lat' dir='ltr'><strong>quas</strong></span> <span class='ocrx_word' id='word_1_106' title='bbox 1109 1469 1384 1537; x_wconf 82' lang='lat' dir='ltr'><strong>praemisit,</strong></span> <span class='ocrx_word' id='word_1_107' title='bbox 1432 1471 1598 1541; x_wconf 83' lang='lat' dir='ltr'><strong>ipsam</strong></span> <span class='ocrx_word' id='word_1_108' title='bbox 1640 1472 1800 1526; x_wconf 89' lang='lat' dir='ltr'><strong>etiam</strong></span> <span class='ocrx_word' id='word_1_109' title='bbox 1842 1487 2058 1528; x_wconf 91' lang='lat' dir='ltr'><strong>carnem</strong></span> 
     </span>
    </p>
   </div>
   <div class='ocr_carea' id='block_1_15' title="bbox 479 1555 2058 1634">
    <p class='ocr_par' dir='ltr' id='par_1_15' title="bbox 479 1555 2058 1634">
     <span class='ocr_line' id='line_1_15' title="bbox 479 1555 2058 1634; baseline 0.009 -30"><span class='ocrx_word' id='word_1_110' title='bbox 479 1566 628 1607; x_wconf 87' lang='lat' dir='ltr'><strong>suam</strong></span> <span class='ocrx_word' id='word_1_111' title='bbox 660 1555 910 1609; x_wconf 86' lang='lat' dir='ltr'><strong>ostendit.</strong></span> <span class='ocrx_word' id='word_1_112' title='bbox 938 1557 1096 1612; x_wconf 86' lang='lat' dir='ltr'><strong>Pater</strong></span> <span class='ocrx_word' id='word_1_113' title='bbox 1118 1561 1470 1626; x_wconf 61' lang='lat' dir='ltr'><strong>quaerebatur,</strong></span> <span class='ocrx_word' id='word_1_114' title='bbox 1500 1562 1650 1631; x_wconf 88' lang='lat' dir='ltr'><strong>quasi</strong></span> <span class='ocrx_word' id='word_1_115' title='bbox 1673 1563 1783 1630; x_wconf 88' lang='lat' dir='ltr'><strong>jam</strong></span> <span class='ocrx_word' id='word_1_116' title='bbox 1815 1564 1926 1634; x_wconf 91' lang='lat' dir='ltr'><strong>ipse</strong></span> <span class='ocrx_word' id='word_1_117' title='bbox 1951 1565 2058 1620; x_wconf 88' lang='lat' dir='ltr'><strong>sic-</strong></span> 
     </span>
    </p>
   </div>
   <div class='ocr_carea' id='block_1_16' title="bbox 478 1644 2060 1721">
    <p class='ocr_par' dir='ltr' id='par_1_16' title="bbox 478 1644 2060 1721">
     <span class='ocr_line' id='line_1_16' title="bbox 478 1644 2060 1721; baseline 0.009 -25"><span class='ocrx_word' id='word_1_118' title='bbox 478 1644 555 1697; x_wconf 88' lang='lat' dir='ltr'><strong>uti</strong></span> <span class='ocrx_word' id='word_1_119' title='bbox 583 1652 665 1698; x_wconf 90' lang='lat' dir='ltr'><strong>est</strong></span> <span class='ocrx_word' id='word_1_120' title='bbox 693 1645 960 1702; x_wconf 85' lang='lat' dir='ltr'><strong>videretur</strong></span> <span class='ocrx_word' id='word_1_121' title='bbox 994 1668 1006 1703; x_wconf 89' lang='lat'><strong>:</strong></span> <span class='ocrx_word' id='word_1_122' title='bbox 1044 1650 1130 1718; x_wconf 85' lang='lat' dir='ltr'><strong>qui</strong></span> <span class='ocrx_word' id='word_1_123' title='bbox 1171 1652 1388 1720; x_wconf 68' lang='lat' dir='ltr'><strong>aequalis</strong></span> <span class='ocrx_word' id='word_1_124' title='bbox 1416 1653 1556 1706; x_wconf 86' lang='lat' dir='ltr'><strong>Patri</strong></span> <span class='ocrx_word' id='word_1_125' title='bbox 1585 1652 1768 1721; x_wconf 87' lang='lat' dir='ltr'><strong>Filius,</strong></span> <span class='ocrx_word' id='word_1_126' title='bbox 1807 1655 1859 1708; x_wconf 90' lang='lat' dir='ltr'><strong>in</strong></span> <span class='ocrx_word' id='word_1_127' title='bbox 1890 1655 2060 1712; x_wconf 88' lang='lat' dir='ltr'><strong>forma</strong></span> 
     </span>
    </p>
   </div>
   <div class='ocr_carea' id='block_1_17' title="bbox 478 1734 2058 1814">
    <p class='ocr_par' dir='ltr' id='par_1_17' title="bbox 478 1734 2058 1814">
     <span class='ocr_line' id='line_1_17' title="bbox 478 1734 2058 1814; baseline 0.009 -27"><span class='ocrx_word' id='word_1_128' title='bbox 478 1734 619 1788; x_wconf 88' lang='lat' dir='ltr'><strong>servi</strong></span> <span class='ocrx_word' id='word_1_129' title='bbox 663 1737 832 1791; x_wconf 79' lang='lat' dir='ltr'><strong>servis</strong></span> <span class='ocrx_word' id='word_1_130' title='bbox 875 1737 1206 1807; x_wconf 88' lang='lat' dir='ltr'><strong>loquebatur.</strong></span> <span class='ocrx_word' id='word_1_131' title='bbox 1255 1739 1486 1808; x_wconf 83' lang='lat' dir='ltr'><strong>Domine,</strong></span> <span class='ocrx_word' id='word_1_132' title='bbox 1517 1743 1591 1798; x_wconf 88' lang='lat' dir='ltr'><strong>ait</strong></span> <span class='ocrx_word' id='word_1_133' title='bbox 1637 1745 1710 1798; x_wconf 86' lang='lat' dir='ltr'><strong>illi</strong></span> <span class='ocrx_word' id='word_1_134' title='bbox 1743 1744 2058 1814; x_wconf 85' lang='lat' dir='ltr'><strong>Philippus,</strong></span> 
     </span>
    </p>
   </div>
   <div class='ocr_carea' id='block_1_18' title="bbox 478 1827 2062 1904">
    <p class='ocr_par' dir='ltr' id='par_1_18' title="bbox 478 1827 2062 1904">
     <span class='ocr_line' id='line_1_18' title="bbox 478 1827 2062 1904; baseline 0.009 -25"><span class='ocrx_word' id='word_1_135' title='bbox 478 1827 683 1881; x_wconf 79' lang='lat' dir='ltr'><strong>ostende</strong></span> <span class='ocrx_word' id='word_1_136' title='bbox 721 1829 860 1884; x_wconf 87' lang='lat' dir='ltr'><strong>nobis</strong></span> <span class='ocrx_word' id='word_1_137' title='bbox 907 1830 1134 1898; x_wconf 80' lang='lat' dir='ltr'><strong>Patrem,</strong></span> <span class='ocrx_word' id='word_1_138' title='bbox 1167 1842 1214 1886; x_wconf 89' lang='lat' dir='ltr'><strong>et</strong></span> <span class='ocrx_word' id='word_1_139' title='bbox 1249 1835 1428 1904; x_wconf 71' lang='lat' dir='ltr'><strong>su/ficit</strong></span> <span class='ocrx_word' id='word_1_140' title='bbox 1458 1837 1619 1890; x_wconf 91' lang='lat' dir='ltr'><strong>nobis.</strong></span> <span class='ocrx_word' id='word_1_141' title='bbox 1651 1836 1837 1893; x_wconf 89' lang='lat' dir='ltr'><strong>Omnis</strong></span> <span class='ocrx_word' id='word_1_142' title='bbox 1881 1839 2062 1894; x_wconf 85' lang='lat' dir='ltr'><strong>inten-</strong></span> 
     </span>
    </p>
   </div>
   <div class='ocr_carea' id='block_1_19' title="bbox 479 1915 2059 1998">
    <p class='ocr_par' dir='ltr' id='par_1_19' title="bbox 479 1915 2059 1998">
     <span class='ocr_line' id='line_1_19' title="bbox 479 1915 2059 1998; baseline 0.01 -28"><span class='ocrx_word' id='word_1_143' title='bbox 479 1915 638 1972; x_wconf 88' lang='lat' dir='ltr'><strong>tionis</strong></span> <span class='ocrx_word' id='word_1_144' title='bbox 686 1933 796 1972; x_wconf 70' lang='lat' dir='ltr'><strong>sua:</strong></span> <span class='ocrx_word' id='word_1_145' title='bbox 845 1919 1002 1976; x_wconf 91' lang='lat' dir='ltr'><strong>ﬁnem</strong></span> <span class='ocrx_word' id='word_1_146' title='bbox 1045 1924 1336 1992; x_wconf 74' lang='lat' dir='ltr'><strong>qumrebat,</strong></span> <span class='ocrx_word' id='word_1_147' title='bbox 1386 1926 1488 1980; x_wconf 91' lang='lat' dir='ltr'><strong>hoc</strong></span> <span class='ocrx_word' id='word_1_148' title='bbox 1525 1935 1626 1992; x_wconf 89' lang='lat' dir='ltr'><strong>est,</strong></span> <span class='ocrx_word' id='word_1_149' title='bbox 1663 1928 1931 1998; x_wconf 71' lang='lat' dir='ltr'><strong>profectus</strong></span> <span class='ocrx_word' id='word_1_150' title='bbox 1977 1931 2059 1986; x_wconf 91' lang='lat' dir='ltr'><strong>sui</strong></span> 
     </span>
    </p>
   </div>
   <div class='ocr_carea' id='block_1_20' title="bbox 478 2007 2058 2091">
    <p class='ocr_par' dir='ltr' id='par_1_20' title="bbox 478 2007 2058 2091">
     <span class='ocr_line' id='line_1_20' title="bbox 478 2007 2058 2091; baseline 0.011 -30"><span class='ocrx_word' id='word_1_151' title='bbox 478 2007 786 2077; x_wconf 89' lang='lat' dir='ltr'><strong>terminum,</strong></span> <span class='ocrx_word' id='word_1_152' title='bbox 831 2026 937 2081; x_wconf 88' lang='lat' dir='ltr'><strong>quo</strong></span> <span class='ocrx_word' id='word_1_153' title='bbox 971 2027 1091 2067; x_wconf 92' lang='lat' dir='ltr'><strong>cum</strong></span> <span class='ocrx_word' id='word_1_154' title='bbox 1123 2017 1473 2084; x_wconf 83' lang='lat' dir='ltr'><strong>pervenisset,</strong></span> <span class='ocrx_word' id='word_1_155' title='bbox 1523 2019 1652 2073; x_wconf 81' lang='lat' dir='ltr'><strong>nihil</strong></span> <span class='ocrx_word' id='word_1_156' title='bbox 1683 2022 1910 2091; x_wconf 85' lang='lat' dir='ltr'><strong>amplius</strong></span> <span class='ocrx_word' id='word_1_157' title='bbox 1947 2023 2058 2091; x_wconf 89' lang='lat' dir='ltr'><strong>jam</strong></span> 
     </span>
    </p>
   </div>
   <div class='ocr_carea' id='block_1_21' title="bbox 477 2099 2059 2185">
    <p class='ocr_par' dir='ltr' id='par_1_21' title="bbox 477 2099 2059 2185">
     <span class='ocr_line' id='line_1_21' title="bbox 477 2099 2059 2185; baseline 0.013 -34"><span class='ocrx_word' id='word_1_158' title='bbox 477 2099 797 2170; x_wconf 88' lang='lat' dir='ltr'><strong>requireret.</strong></span> <span class='ocrx_word' id='word_1_159' title='bbox 821 2101 1061 2170; x_wconf 79' lang='lat' dir='ltr'><strong>Ostende,</strong></span> <span class='ocrx_word' id='word_1_160' title='bbox 1091 2106 1278 2177; x_wconf 89' lang='lat' dir='ltr'><strong>inquit,</strong></span> <span class='ocrx_word' id='word_1_161' title='bbox 1309 2109 1450 2165; x_wconf 88' lang='lat' dir='ltr'><strong>nobis</strong></span> <span class='ocrx_word' id='word_1_162' title='bbox 1467 2110 1944 2185; x_wconf 73' lang='lat' dir='ltr'><strong>I’alrem,etsuﬁicit</strong></span> <span class='ocrx_word' id='word_1_163' title='bbox 1968 2134 2059 2172; x_wconf 83' lang='lat' dir='ltr'><strong>no-</strong></span> 
     </span>
    </p>
   </div>
   <div class='ocr_carea' id='block_1_22' title="bbox 479 2188 2059 2274">
    <p class='ocr_par' dir='ltr' id='par_1_22' title="bbox 479 2188 2059 2274">
     <span class='ocr_line' id='line_1_22' title="bbox 479 2188 2059 2274; baseline 0.013 -31"><span class='ocrx_word' id='word_1_164' title='bbox 479 2188 572 2244; x_wconf 93' lang='lat' dir='ltr'><strong>bis.</strong></span> <span class='ocrx_word' id='word_1_165' title='bbox 613 2189 777 2255; x_wconf 89' lang='lat' dir='ltr'><strong>Bene,</strong></span> <span class='ocrx_word' id='word_1_166' title='bbox 801 2192 1062 2263; x_wconf 85' lang='lat' dir='ltr'><strong>Philippe,</strong></span> <span class='ocrx_word' id='word_1_167' title='bbox 1096 2196 1256 2266; x_wconf 89' lang='lat' dir='ltr'><strong>bene,</strong></span> <span class='ocrx_word' id='word_1_168' title='bbox 1287 2200 1487 2268; x_wconf 89' lang='lat' dir='ltr'><strong>optime</strong></span> <span class='ocrx_word' id='word_1_169' title='bbox 1518 2201 1765 2274; x_wconf 82' lang='lat' dir='ltr'><strong>intelligis</strong></span> <span class='ocrx_word' id='word_1_170' title='bbox 1791 2205 1931 2274; x_wconf 90' lang='lat' dir='ltr'><strong>quod</strong></span> <span class='ocrx_word' id='word_1_171' title='bbox 1964 2207 2059 2263; x_wconf 88' lang='lat' dir='ltr'><strong>tibi</strong></span> 
     </span>
    </p>
   </div>
   <div class='ocr_carea' id='block_1_23' title="bbox 479 2278 2054 2366">
    <p class='ocr_par' dir='ltr' id='par_1_23' title="bbox 479 2278 2054 2366">
     <span class='ocr_line' id='line_1_23' title="bbox 479 2278 2054 2366; baseline 0.012 -32"><span class='ocrx_word' id='word_1_172' title='bbox 479 2278 677 2336; x_wconf 74' lang='lat' dir='ltr'><strong>sufficit</strong></span> <span class='ocrx_word' id='word_1_173' title='bbox 701 2283 876 2339; x_wconf 88' lang='lat' dir='ltr'><strong>Pater.</strong></span> <span class='ocrx_word' id='word_1_174' title='bbox 923 2287 1059 2354; x_wconf 84' lang='lat' dir='ltr'><strong>Quid</strong></span> <span class='ocrx_word' id='word_1_175' title='bbox 1101 2297 1186 2344; x_wconf 90' lang='lat' dir='ltr'><strong>est</strong></span> <span class='ocrx_word' id='word_1_176' title='bbox 1223 2291 1445 2362; x_wconf 73' lang='lat' dir='ltr'><strong>sufﬁcit?</strong></span> <span class='ocrx_word' id='word_1_177' title='bbox 1473 2293 1612 2348; x_wconf 82' lang='lat' dir='ltr'><strong>Nihil</strong></span> <span class='ocrx_word' id='word_1_178' title='bbox 1643 2295 1776 2349; x_wconf 87' lang='lat' dir='ltr'><strong>ultra</strong></span> <span class='ocrx_word' id='word_1_179' title='bbox 1805 2313 2014 2366; x_wconf 71' lang='lat' dir='ltr'><strong>qumres</strong></span> <span class='ocrx_word' id='word_1_180' title='bbox 2043 2318 2054 2353; x_wconf 93' lang='lat'>:</span> 
     </span>
    </p>
   </div>
   <div class='ocr_carea' id='block_1_24' title="bbox 478 2370 2060 2450">
    <p class='ocr_par' dir='ltr' id='par_1_24' title="bbox 478 2370 2060 2450">
     <span class='ocr_line' id='line_1_24' title="bbox 478 2370 2060 2450; baseline 0.013 -26"><span class='ocrx_word' id='word_1_181' title='bbox 478 2370 715 2441; x_wconf 85' lang='lat' dir='ltr'><strong>implebit</strong></span> <span class='ocrx_word' id='word_1_182' title='bbox 751 2382 823 2440; x_wconf 89' lang='lat' dir='ltr'><strong>te,</strong></span> <span class='ocrx_word' id='word_1_183' title='bbox 853 2378 1066 2432; x_wconf 89' lang='lat' dir='ltr'><strong>satiabit</strong></span> <span class='ocrx_word' id='word_1_184' title='bbox 1093 2388 1162 2446; x_wconf 90' lang='lat' dir='ltr'><strong>te,</strong></span> <span class='ocrx_word' id='word_1_185' title='bbox 1191 2382 1429 2450; x_wconf 91' lang='lat' dir='ltr'><strong>perﬁciet</strong></span> <span class='ocrx_word' id='word_1_186' title='bbox 1455 2392 1526 2449; x_wconf 89' lang='lat' dir='ltr'><strong>te,</strong></span> <span class='ocrx_word' id='word_1_187' title='bbox 1557 2386 1662 2440; x_wconf 92' lang='lat' dir='ltr'><strong>Sed</strong></span> <span class='ocrx_word' id='word_1_188' title='bbox 1685 2387 1804 2442; x_wconf 86' lang='lat' dir='ltr'><strong>vide</strong></span> <span class='ocrx_word' id='word_1_189' title='bbox 1832 2403 1898 2442; x_wconf 90' lang='lat' dir='ltr'><strong>ne</strong></span> <span class='ocrx_word' id='word_1_190' title='bbox 1925 2388 2060 2445; x_wconf 90' lang='lat' dir='ltr'><strong>forte</strong></span> 
     </span>
    </p>
   </div>
   <div class='ocr_carea' id='block_1_25' title="bbox 477 2460 2058 2545">
    <p class='ocr_par' dir='ltr' id='par_1_25' title="bbox 477 2460 2058 2545">
     <span class='ocr_line' id='line_1_25' title="bbox 477 2460 2058 2545; baseline 0.015 -32"><span class='ocrx_word' id='word_1_191' title='bbox 477 2460 707 2518; x_wconf 89' lang='lat' dir='ltr'><strong>sufﬁciat</strong></span> <span class='ocrx_word' id='word_1_192' title='bbox 735 2463 826 2520; x_wconf 89' lang='lat' dir='ltr'><strong>tibi</strong></span> <span class='ocrx_word' id='word_1_193' title='bbox 851 2476 905 2520; x_wconf 90' lang='lat' dir='ltr'><strong>et</strong></span> <span class='ocrx_word' id='word_1_194' title='bbox 931 2467 1030 2523; x_wconf 90' lang='lat' dir='ltr'><strong>iste</strong></span> <span class='ocrx_word' id='word_1_195' title='bbox 1050 2485 1207 2540; x_wconf 88' lang='lat' dir='ltr'><strong>quem</strong></span> <span class='ocrx_word' id='word_1_196' title='bbox 1229 2473 1398 2528; x_wconf 88' lang='lat' dir='ltr'><strong>audis.</strong></span> <span class='ocrx_word' id='word_1_197' title='bbox 1431 2475 1586 2531; x_wconf 92' lang='lat' dir='ltr'><strong>Solus</strong></span> <span class='ocrx_word' id='word_1_198' title='bbox 1609 2478 1820 2545; x_wconf 90' lang='lat' dir='ltr'><strong>sufﬁcit,</strong></span> <span class='ocrx_word' id='word_1_199' title='bbox 1841 2495 1906 2534; x_wconf 90' lang='lat' dir='ltr'><strong>an</strong></span> <span class='ocrx_word' id='word_1_200' title='bbox 1937 2496 2058 2535; x_wconf 90' lang='lat' dir='ltr'><strong>cum</strong></span> 
     </span>
    </p>
   </div>
   <div class='ocr_carea' id='block_1_26' title="bbox 477 2551 2061 2642">
    <p class='ocr_par' dir='ltr' id='par_1_26' title="bbox 477 2551 2061 2642">
     <span class='ocr_line' id='line_1_26' title="bbox 477 2551 2061 2642; baseline 0.015 -36"><span class='ocrx_word' id='word_1_201' title='bbox 477 2551 679 2609; x_wconf 88' lang='lat' dir='ltr'><strong>Patre?</strong></span> <span class='ocrx_word' id='word_1_202' title='bbox 710 2557 817 2612; x_wconf 90' lang='lat' dir='ltr'><strong>Sed</strong></span> <span class='ocrx_word' id='word_1_203' title='bbox 845 2561 1111 2628; x_wconf 90' lang='lat' dir='ltr'><strong>quomodo</strong></span> <span class='ocrx_word' id='word_1_204' title='bbox 1138 2565 1306 2631; x_wconf 86' lang='lat' dir='ltr'><strong>solus,</strong></span> <span class='ocrx_word' id='word_1_205' title='bbox 1339 2568 1552 2636; x_wconf 89' lang='lat' dir='ltr'><strong>quando</strong></span> <span class='ocrx_word' id='word_1_206' title='bbox 1579 2586 1846 2642; x_wconf 88' lang='lat' dir='ltr'><strong>nunquam</strong></span> <span class='ocrx_word' id='word_1_207' title='bbox 1890 2573 2061 2630; x_wconf 84' lang='lat' dir='ltr'><strong>disce-</strong></span> 
     </span>
    </p>
   </div>
   <div class='ocr_carea' id='block_1_27' title="bbox 477 2642 2057 2730">
    <p class='ocr_par' dir='ltr' id='par_1_27' title="bbox 477 2642 2057 2730">
     <span class='ocr_line' id='line_1_27' title="bbox 477 2642 2057 2730; baseline 0.018 -34"><span class='ocrx_word' id='word_1_208' title='bbox 477 2642 558 2698; x_wconf 85' lang='lat' dir='ltr'><strong>dit</strong></span> <span class='ocrx_word' id='word_1_209' title='bbox 581 2660 610 2698; x_wconf 89' lang='lat' dir='ltr'><strong>a</strong></span> <span class='ocrx_word' id='word_1_210' title='bbox 638 2646 835 2703; x_wconf 91' lang='lat' dir='ltr'><strong>Patre?</strong></span> <span class='ocrx_word' id='word_1_211' title='bbox 864 2650 1002 2721; x_wconf 88' lang='lat' dir='ltr'><strong>Ergo</strong></span> <span class='ocrx_word' id='word_1_212' title='bbox 1023 2657 1341 2723; x_wconf 90' lang='lat' dir='ltr'><strong>respondeat</strong></span> <span class='ocrx_word' id='word_1_213' title='bbox 1358 2659 1602 2730; x_wconf 89' lang='lat' dir='ltr'><strong>Philippo</strong></span> <span class='ocrx_word' id='word_1_214' title='bbox 1623 2664 1818 2718; x_wconf 90' lang='lat' dir='ltr'><strong>volenti</strong></span> <span class='ocrx_word' id='word_1_215' title='bbox 1847 2666 2057 2724; x_wconf 88' lang='lat' dir='ltr'><strong>videre:</strong></span> 
     </span>
    </p>
   </div>
   <div class='ocr_carea' id='block_1_28' title="bbox 479 2735 2062 2825">
    <p class='ocr_par' dir='ltr' id='par_1_28' title="bbox 479 2735 2062 2825">
     <span class='ocr_line' id='line_1_28' title="bbox 479 2735 2062 2825; baseline 0.013 -33"><span class='ocrx_word' id='word_1_216' title='bbox 479 2735 645 2792; x_wconf 79' lang='lat' dir='ltr'><strong>Tanto</strong></span> <span class='ocrx_word' id='word_1_217' title='bbox 685 2748 906 2810; x_wconf 86' lang='lat' dir='ltr'><strong>tempore</strong></span> <span class='ocrx_word' id='word_1_218' title='bbox 934 2745 1184 2800; x_wconf 79' lang='lat' dir='ltr'><strong>vobiscum</strong></span> <span class='ocrx_word' id='word_1_219' title='bbox 1209 2765 1340 2815; x_wconf 88' lang='lat' dir='ltr'><strong>sum,</strong></span> <span class='ocrx_word' id='word_1_220' title='bbox 1375 2761 1421 2804; x_wconf 89' lang='lat' dir='ltr'><strong>et</strong></span> <span class='ocrx_word' id='word_1_221' title='bbox 1451 2769 1551 2807; x_wconf 91' lang='lat' dir='ltr'><strong>non</strong></span> <span class='ocrx_word' id='word_1_222' title='bbox 1597 2757 1895 2825; x_wconf 82' lang='lat' dir='ltr'><strong>cognovislis</strong></span> <span class='ocrx_word' id='word_1_223' title='bbox 1938 2776 2016 2812; x_wconf 88' lang='lat' dir='ltr'><strong>me</strong></span> <span class='ocrx_word' id='word_1_224' title='bbox 2036 2761 2062 2813; x_wconf 85' lang='lat'><strong>?</strong></span> 
     </span>
    </p>
   </div>
   <div class='ocr_carea' id='block_1_29' title="bbox 479 2825 2056 2921">
    <p class='ocr_par' dir='ltr' id='par_1_29' title="bbox 479 2825 2056 2921">
     <span class='ocr_line' id='line_1_29' title="bbox 479 2825 2056 2921; baseline 0.019 -42"><span class='ocrx_word' id='word_1_225' title='bbox 479 2825 742 2901; x_wconf 76' lang='lat' dir='ltr'><strong>Philippe,</strong></span> <span class='ocrx_word' id='word_1_226' title='bbox 773 2834 859 2903; x_wconf 89' lang='lat' dir='ltr'><strong>qui</strong></span> <span class='ocrx_word' id='word_1_227' title='bbox 884 2835 1005 2890; x_wconf 81' lang='lat' dir='ltr'><strong>vidit</strong></span> <span class='ocrx_word' id='word_1_228' title='bbox 1047 2855 1144 2905; x_wconf 87' lang='lat' dir='ltr'><strong>me,</strong></span> <span class='ocrx_word' id='word_1_229' title='bbox 1185 2841 1308 2895; x_wconf 87' lang='lat' dir='ltr'><strong>vidit</strong></span> <span class='ocrx_word' id='word_1_230' title='bbox 1337 2853 1382 2897; x_wconf 89' lang='lat' dir='ltr'><strong>et</strong></span> <span class='ocrx_word' id='word_1_231' title='bbox 1415 2842 1619 2900; x_wconf 89' lang='lat' dir='ltr'><strong>Patrem</strong></span> <span class='ocrx_word' id='word_1_232' title='bbox 1650 2848 1827 2918; x_wconf 85' lang='lat' dir='ltr'><strong>(Joan.</strong></span> <span class='ocrx_word' id='word_1_233' title='bbox 1855 2867 1968 2915; x_wconf 80' lang='lat' dir='ltr'><strong>xrv,</strong></span> <span class='ocrx_word' id='word_1_234' title='bbox 2001 2854 2056 2921; x_wconf 93' lang='lat'><strong>8,</strong></span> 
     </span>
    </p>
   </div>
   <div class='ocr_carea' id='block_1_30' title="bbox 480 2919 2060 3012">
    <p class='ocr_par' dir='ltr' id='par_1_30' title="bbox 480 2919 2060 3012">
     <span class='ocr_line' id='line_1_30' title="bbox 480 2919 2060 3012; baseline 0.016 -38"><span class='ocrx_word' id='word_1_235' title='bbox 480 2919 558 2988; x_wconf 87' lang='lat'><strong>9).</strong></span> <span class='ocrx_word' id='word_1_236' title='bbox 591 2921 729 2988; x_wconf 90' lang='lat' dir='ltr'><strong>Quid</strong></span> <span class='ocrx_word' id='word_1_237' title='bbox 759 2933 861 2993; x_wconf 90' lang='lat' dir='ltr'><strong>est,</strong></span> <span class='ocrx_word' id='word_1_238' title='bbox 897 2925 1154 3000; x_wconf 85' lang='lat' dir='ltr'><strong>Philippe,</strong></span> <span class='ocrx_word' id='word_1_239' title='bbox 1197 2934 1282 3003; x_wconf 88' lang='lat' dir='ltr'><strong>qui</strong></span> <span class='ocrx_word' id='word_1_240' title='bbox 1308 2935 1430 2988; x_wconf 84' lang='lat' dir='ltr'><strong>vidit</strong></span> <span class='ocrx_word' id='word_1_241' title='bbox 1460 2954 1554 3004; x_wconf 89' lang='lat' dir='ltr'><strong>me,</strong></span> <span class='ocrx_word' id='word_1_242' title='bbox 1588 2940 1708 2994; x_wconf 86' lang='lat' dir='ltr'><strong>vidit</strong></span> <span class='ocrx_word' id='word_1_243' title='bbox 1735 2951 1781 2995; x_wconf 88' lang='lat' dir='ltr'><strong>et</strong></span> <span class='ocrx_word' id='word_1_244' title='bbox 1813 2919 2060 3012; x_wconf 68' lang='lat' dir='ltr'><strong>Patrent,‘</strong></span> 
     </span>
    </p>
   </div>
   <div class='ocr_carea' id='block_1_31' title="bbox 480 3010 2060 3096">
    <p class='ocr_par' dir='ltr' id='par_1_31' title="bbox 480 3010 2060 3096">
     <span class='ocr_line' id='line_1_31' title="bbox 480 3010 2060 3096; baseline 0.018 -33"><span class='ocrx_word' id='word_1_245' title='bbox 480 3010 605 3079; x_wconf 85' lang='lat' dir='ltr'><strong>nisi,</strong></span> <span class='ocrx_word' id='word_1_246' title='bbox 654 3013 733 3068; x_wconf 88' lang='lat' dir='ltr'><strong>Tu</strong></span> <span class='ocrx_word' id='word_1_247' title='bbox 776 3031 862 3070; x_wconf 92' lang='lat' dir='ltr'><strong>me</strong></span> <span class='ocrx_word' id='word_1_248' title='bbox 891 3033 994 3074; x_wconf 91' lang='lat' dir='ltr'><strong>non</strong></span> <span class='ocrx_word' id='word_1_249' title='bbox 1025 3022 1222 3088; x_wconf 88' lang='lat' dir='ltr'><strong>vidisti,</strong></span> <span class='ocrx_word' id='word_1_250' title='bbox 1256 3025 1375 3080; x_wconf 90' lang='lat' dir='ltr'><strong>ideo</strong></span> <span class='ocrx_word' id='word_1_251' title='bbox 1404 3031 1598 3096; x_wconf 84' lang='lat' dir='ltr'><strong>quaeris</strong></span> <span class='ocrx_word' id='word_1_252' title='bbox 1638 3033 1888 3089; x_wconf 87' lang='lat' dir='ltr'><strong>Patrem?</strong></span> <span class='ocrx_word' id='word_1_253' title='bbox 1928 3035 2060 3091; x_wconf 82' lang='lat' dir='ltr'><strong>Phi-</strong></span> 
     </span>
    </p>
   </div>
   <div class='ocr_carea' id='block_1_32' title="bbox 479 3099 2061 3182">
    <p class='ocr_par' dir='ltr' id='par_1_32' title="bbox 479 3099 2061 3182">
     <span class='ocr_line' id='line_1_32' title="bbox 479 3099 2061 3182; baseline 0.02 -30"><span class='ocrx_word' id='word_1_254' title='bbox 479 3099 632 3168; x_wconf 86' lang='lat' dir='ltr'><strong>lippe,</strong></span> <span class='ocrx_word' id='word_1_255' title='bbox 681 3105 765 3174; x_wconf 85' lang='lat' dir='ltr'><strong>qui</strong></span> <span class='ocrx_word' id='word_1_256' title='bbox 811 3123 890 3161; x_wconf 87' lang='lat' dir='ltr'><strong>me</strong></span> <span class='ocrx_word' id='word_1_257' title='bbox 930 3110 1069 3176; x_wconf 88' lang='lat' dir='ltr'><strong>vidit,</strong></span> <span class='ocrx_word' id='word_1_258' title='bbox 1100 3113 1223 3167; x_wconf 90' lang='lat' dir='ltr'><strong>vidit</strong></span> <span class='ocrx_word' id='word_1_259' title='bbox 1251 3126 1297 3168; x_wconf 86' lang='lat' dir='ltr'><strong>et</strong></span> <span class='ocrx_word' id='word_1_260' title='bbox 1327 3115 1550 3172; x_wconf 87' lang='lat' dir='ltr'><strong>Patrem.</strong></span> <span class='ocrx_word' id='word_1_261' title='bbox 1584 3121 1666 3176; x_wconf 92' lang='lat' dir='ltr'><strong>Tu</strong></span> <span class='ocrx_word' id='word_1_262' title='bbox 1709 3133 1885 3180; x_wconf 90' lang='lat' dir='ltr'><strong>autem</strong></span> <span class='ocrx_word' id='word_1_263' title='bbox 1915 3127 2061 3182; x_wconf 85' lang='lat' dir='ltr'><strong>vides</strong></span> 
     </span>
    </p>
   </div>
   <div class='ocr_carea' id='block_1_33' title="bbox 478 3198 2056 3286">
    <p class='ocr_par' dir='ltr' id='par_1_33' title="bbox 478 3198 2056 3286">
     <span class='ocr_line' id='line_1_33' title="bbox 478 3198 2056 3286; baseline 0.021 -43"><span class='ocrx_word' id='word_1_264' title='bbox 478 3206 587 3257; x_wconf 87' lang='lat' dir='ltr'><strong>me,</strong></span> <span class='ocrx_word' id='word_1_265' title='bbox 615 3202 669 3246; x_wconf 92' lang='lat' dir='ltr'><strong>et</strong></span> <span class='ocrx_word' id='word_1_266' title='bbox 692 3209 797 3248; x_wconf 92' lang='lat' dir='ltr'><strong>non</strong></span> <span class='ocrx_word' id='word_1_267' title='bbox 827 3198 976 3254; x_wconf 91' lang='lat' dir='ltr'><strong>vides</strong></span> <span class='ocrx_word' id='word_1_268' title='bbox 1002 3216 1104 3256; x_wconf 92' lang='lat' dir='ltr'><strong>me.</strong></span> <span class='ocrx_word' id='word_1_269' title='bbox 1138 3203 1252 3259; x_wconf 89' lang='lat' dir='ltr'><strong>Non</strong></span> <span class='ocrx_word' id='word_1_270' title='bbox 1285 3207 1430 3263; x_wconf 88' lang='lat' dir='ltr'><strong>vides</strong></span> <span class='ocrx_word' id='word_1_271' title='bbox 1454 3211 1596 3265; x_wconf 87' lang='lat' dir='ltr'><strong>enim</strong></span> <span class='ocrx_word' id='word_1_272' title='bbox 1621 3229 1705 3269; x_wconf 90' lang='lat' dir='ltr'><strong>me</strong></span> <span class='ocrx_word' id='word_1_273' title='bbox 1728 3217 1816 3284; x_wconf 88' lang='lat' dir='ltr'><strong>qui</strong></span> <span class='ocrx_word' id='word_1_274' title='bbox 1848 3216 1944 3273; x_wconf 85' lang='lat' dir='ltr'><strong>feci</strong></span> <span class='ocrx_word' id='word_1_275' title='bbox 1970 3229 2056 3286; x_wconf 91' lang='lat' dir='ltr'><strong>te;</strong></span> 
     </span>
    </p>
   </div>
   <div class='ocr_carea' id='block_1_34' title="bbox 478 3281 2057 3380">
    <p class='ocr_par' dir='ltr' id='par_1_34' title="bbox 478 3281 2057 3380">
     <span class='ocr_line' id='line_1_34' title="bbox 478 3281 2057 3380; baseline 0.02 -46"><span class='ocrx_word' id='word_1_276' title='bbox 478 3281 572 3335; x_wconf 89' lang='lat' dir='ltr'><strong>sed</strong></span> <span class='ocrx_word' id='word_1_277' title='bbox 604 3283 754 3338; x_wconf 91' lang='lat' dir='ltr'><strong>vides</strong></span> <span class='ocrx_word' id='word_1_278' title='bbox 773 3288 912 3356; x_wconf 89' lang='lat' dir='ltr'><strong>quod</strong></span> <span class='ocrx_word' id='word_1_279' title='bbox 939 3291 1106 3346; x_wconf 87' lang='lat' dir='ltr'><strong>factus</strong></span> <span class='ocrx_word' id='word_1_280' title='bbox 1129 3307 1246 3348; x_wconf 90' lang='lat' dir='ltr'><strong>sum</strong></span> <span class='ocrx_word' id='word_1_281' title='bbox 1277 3308 1493 3367; x_wconf 90' lang='lat' dir='ltr'><strong>propter</strong></span> <span class='ocrx_word' id='word_1_282' title='bbox 1523 3309 1592 3356; x_wconf 92' lang='lat' dir='ltr'><strong>te.</strong></span> <span class='ocrx_word' id='word_1_283' title='bbox 1625 3304 1726 3371; x_wconf 85' lang='lat' dir='ltr'><strong>Qui</strong></span> <span class='ocrx_word' id='word_1_284' title='bbox 1745 3281 1841 3372; x_wconf 68' lang='lat' dir='ltr'><strong>ine,</strong></span> <span class='ocrx_word' id='word_1_285' title='bbox 1868 3281 2057 3380; x_wconf 79' lang='lat' dir='ltr'><strong>inquit,</strong></span> 
     </span>
    </p>
   </div>
   <div class='ocr_carea' id='block_1_35' title="bbox 479 3373 2060 3466">
    <p class='ocr_par' dir='ltr' id='par_1_35' title="bbox 479 3373 2060 3466">
     <span class='ocr_line' id='line_1_35' title="bbox 479 3373 2060 3466; baseline 0.02 -38"><span class='ocrx_word' id='word_1_286' title='bbox 479 3373 621 3439; x_wconf 80' lang='lat' dir='ltr'><strong>vidit,</strong></span> <span class='ocrx_word' id='word_1_287' title='bbox 645 3377 765 3430; x_wconf 85' lang='lat' dir='ltr'><strong>vidit</strong></span> <span class='ocrx_word' id='word_1_288' title='bbox 789 3388 834 3433; x_wconf 90' lang='lat' dir='ltr'><strong>et</strong></span> <span class='ocrx_word' id='word_1_289' title='bbox 853 3377 1080 3438; x_wconf 87' lang='lat' dir='ltr'><strong>Patrem.</strong></span> <span class='ocrx_word' id='word_1_290' title='bbox 1112 3384 1284 3454; x_wconf 89' lang='lat' dir='ltr'><strong>Unde,</strong></span> <span class='ocrx_word' id='word_1_291' title='bbox 1311 3390 1413 3444; x_wconf 90' lang='lat' dir='ltr'><strong>nisi</strong></span> <span class='ocrx_word' id='word_1_292' title='bbox 1438 3393 1556 3458; x_wconf 90' lang='lat' dir='ltr'><strong>quia</strong></span> <span class='ocrx_word' id='word_1_293' title='bbox 1581 3395 1633 3448; x_wconf 92' lang='lat' dir='ltr'><strong>in</strong></span> <span class='ocrx_word' id='word_1_294' title='bbox 1654 3400 1819 3466; x_wconf 81' lang='lat' dir='ltr'><strong>forma</strong></span> <span class='ocrx_word' id='word_1_295' title='bbox 1845 3373 2060 3458; x_wconf 40' lang='lat' dir='ltr'><strong>Dei-non</strong></span> 
     </span>
    </p>
   </div>
   <div class='ocr_carea' id='block_1_36' title="bbox 476 3465 2059 3564">
    <p class='ocr_par' dir='ltr' id='par_1_36' title="bbox 476 3465 2059 3564">
     <span class='ocr_line' id='line_1_36' title="bbox 476 3465 2059 3564; baseline 0.021 -47"><span class='ocrx_word' id='word_1_296' title='bbox 476 3465 712 3536; x_wconf 86' lang='lat' dir='ltr'><strong>rapinam</strong></span> <span class='ocrx_word' id='word_1_297' title='bbox 741 3469 1010 3527; x_wconf 76' lang='lat' dir='ltr'><strong>arbitratus</strong></span> <span class='ocrx_word' id='word_1_298' title='bbox 1050 3485 1122 3529; x_wconf 87' lang='lat' dir='ltr'><strong>est</strong></span> <span class='ocrx_word' id='word_1_299' title='bbox 1167 3494 1273 3532; x_wconf 85' lang='lat' dir='ltr'><strong>esse</strong></span> <span class='ocrx_word' id='word_1_300' title='bbox 1309 3483 1516 3550; x_wconf 77' lang='lat' dir='ltr'><strong>tequalis</strong></span> <span class='ocrx_word' id='word_1_301' title='bbox 1560 3465 1712 3540; x_wconf 88' lang='lat' dir='ltr'><strong>Deo?</strong></span> <span class='ocrx_word' id='word_1_302' title='bbox 1753 3489 1887 3558; x_wconf 87' lang='lat' dir='ltr'><strong>Quid</strong></span> <span class='ocrx_word' id='word_1_303' title='bbox 1930 3509 2059 3564; x_wconf 86' lang='lat' dir='ltr'><strong>ergo</strong></span> 
     </span>
    </p>
   </div>
   <div class='ocr_carea' id='block_1_37' title="bbox 476 3556 2059 3651">
    <p class='ocr_par' dir='ltr' id='par_1_37' title="bbox 476 3556 2059 3651">
     <span class='ocr_line' id='line_1_37' title="bbox 476 3556 2059 3651; baseline 0.02 -42"><span class='ocrx_word' id='word_1_304' title='bbox 476 3556 755 3630; x_wconf 84' lang='lat' dir='ltr'><strong>Philippus</strong></span> <span class='ocrx_word' id='word_1_305' title='bbox 774 3560 1020 3619; x_wconf 87' lang='lat' dir='ltr'><strong>videbat?</strong></span> <span class='ocrx_word' id='word_1_306' title='bbox 1046 3566 1196 3635; x_wconf 91' lang='lat' dir='ltr'><strong>Quod</strong></span> <span class='ocrx_word' id='word_1_307' title='bbox 1217 3573 1536 3643; x_wconf 75' lang='lat' dir='ltr'><strong>semetipsum</strong></span> <span class='ocrx_word' id='word_1_308' title='bbox 1551 3556 1820 3636; x_wconf 76' lang='lat' dir='ltr'><strong>exinanivit</strong></span> <span class='ocrx_word' id='word_1_309' title='bbox 1841 3556 2059 3651; x_wconf 52' lang='lat' dir='ltr'><strong>[omnim</strong></span> 
     </span>
    </p>
   </div>
   <div class='ocr_carea' id='block_1_38' title="bbox 475 3651 2058 3744">
    <p class='ocr_par' dir='ltr' id='par_1_38' title="bbox 475 3651 2058 3744">
     <span class='ocr_line' id='line_1_38' title="bbox 475 3651 2058 3744; baseline 0.02 -43"><span class='ocrx_word' id='word_1_310' title='bbox 475 3651 604 3703; x_wconf 86' lang='lat' dir='ltr'><strong>servi</strong></span> <span class='ocrx_word' id='word_1_311' title='bbox 646 3653 915 3723; x_wconf 83' lang='lat' dir='ltr'><strong>accipiens,</strong></span> <span class='ocrx_word' id='word_1_312' title='bbox 965 3656 1019 3710; x_wconf 87' lang='lat' dir='ltr'><strong>in</strong></span> <span class='ocrx_word' id='word_1_313' title='bbox 1061 3660 1441 3718; x_wconf 85' lang='lat' dir='ltr'><strong>similitudinem</strong></span> <span class='ocrx_word' id='word_1_314' title='bbox 1487 3667 1746 3725; x_wconf 78' lang='lat' dir='ltr'><strong>hominum</strong></span> <span class='ocrx_word' id='word_1_315' title='bbox 1787 3677 1971 3744; x_wconf 79' lang='lat' dir='ltr'><strong>factus,</strong></span> <span class='ocrx_word' id='word_1_316' title='bbox 2012 3688 2058 3733; x_wconf 87' lang='lat' dir='ltr'><strong>et</strong></span> 
     </span>
    </p>
   </div>
   <div class='ocr_carea' id='block_1_39' title="bbox 476 3739 2057 3834">
    <p class='ocr_par' dir='ltr' id='par_1_39' title="bbox 476 3739 2057 3834">
     <span class='ocr_line' id='line_1_39' title="bbox 476 3739 2057 3834; baseline 0.022 -42"><span class='ocrx_word' id='word_1_317' title='bbox 476 3739 648 3796; x_wconf 86' lang='lat' dir='ltr'><strong>habitu</strong></span> <span class='ocrx_word' id='word_1_318' title='bbox 674 3744 902 3801; x_wconf 87' lang='lat' dir='ltr'><strong>inventus</strong></span> <span class='ocrx_word' id='word_1_319' title='bbox 925 3757 982 3801; x_wconf 85' lang='lat' dir='ltr'><strong>ut</strong></span> <span class='ocrx_word' id='word_1_320' title='bbox 1011 3749 1160 3806; x_wconf 87' lang='lat' dir='ltr'><strong>homo</strong></span> <span class='ocrx_word' id='word_1_321' title='bbox 1200 3751 1457 3827; x_wconf 79' lang='lat' dir='ltr'><strong>(Philipp.</strong></span> <span class='ocrx_word' id='word_1_322' title='bbox 1491 3774 1548 3825; x_wconf 87' lang='grc' dir='ltr'><em>ιι,</em></span> <span class='ocrx_word' id='word_1_323' title='bbox 1578 3760 1630 3824; x_wconf 84' lang='lat'><strong>6.</strong></span> <span class='ocrx_word' id='word_1_324' title='bbox 1666 3763 1743 3834; x_wconf 87' lang='lat'><strong>7).</strong></span> <span class='ocrx_word' id='word_1_325' title='bbox 1773 3739 1885 3822; x_wconf 63' lang='lat' dir='ltr'><strong>[loc</strong></span> <span class='ocrx_word' id='word_1_326' title='bbox 1911 3739 2057 3826; x_wconf 87' lang='lat' dir='ltr'><strong>vide-</strong></span> 
     </span>
    </p>
   </div>
   <div class='ocr_carea' id='block_1_40' title="bbox 472 3830 2054 3918">
    <p class='ocr_par' dir='ltr' id='par_1_40' title="bbox 472 3830 2054 3918">
     <span class='ocr_line' id='line_1_40' title="bbox 472 3830 2054 3918; baseline 0.021 -33"><span class='ocrx_word' id='word_1_327' title='bbox 472 3830 566 3886; x_wconf 87' lang='lat' dir='ltr'><strong>hat</strong></span> <span class='ocrx_word' id='word_1_328' title='bbox 591 3833 890 3908; x_wconf 87' lang='lat' dir='ltr'><strong>Philippus,</strong></span> <span class='ocrx_word' id='word_1_329' title='bbox 914 3838 1139 3898; x_wconf 89' lang='lat' dir='ltr'><strong>formam</strong></span> <span class='ocrx_word' id='word_1_330' title='bbox 1160 3847 1322 3915; x_wconf 83' lang='lat' dir='ltr'><strong>servi,</strong></span> <span class='ocrx_word' id='word_1_331' title='bbox 1351 3848 1488 3906; x_wconf 88' lang='lat' dir='ltr'><strong>liber</strong></span> <span class='ocrx_word' id='word_1_332' title='bbox 1509 3830 1716 3910; x_wconf 83' lang='lat' dir='ltr'><strong>futurus</strong></span> <span class='ocrx_word' id='word_1_333' title='bbox 1738 3857 1804 3912; x_wconf 89' lang='lat' dir='ltr'><strong>ad</strong></span> <span class='ocrx_word' id='word_1_334' title='bbox 1832 3859 2054 3918; x_wconf 93' lang='lat' dir='ltr'><strong>formam</strong></span> 
     </span>
    </p>
   </div>
   <div class='ocr_carea' id='block_1_41' title="bbox 474 3921 2056 4016">
    <p class='ocr_par' dir='ltr' id='par_1_41' title="bbox 474 3921 2056 4016">
     <span class='ocr_line' id='line_1_41' title="bbox 474 3921 2056 4016; baseline 0.022 -41"><span class='ocrx_word' id='word_1_335' title='bbox 474 3921 591 3977; x_wconf 85' lang='lat' dir='ltr'><strong>Dei.</strong></span> <span class='ocrx_word' id='word_1_336' title='bbox 633 3925 777 3998; x_wconf 86' lang='lat' dir='ltr'><strong>Ergo</strong></span> <span class='ocrx_word' id='word_1_337' title='bbox 818 3931 1053 3987; x_wconf 91' lang='lat' dir='ltr'><strong>omnium</strong></span> <span class='ocrx_word' id='word_1_338' title='bbox 1104 3951 1293 3992; x_wconf 91' lang='lat' dir='ltr'><strong>vocum</strong></span> <span class='ocrx_word' id='word_1_339' title='bbox 1330 3955 1556 4008; x_wconf 89' lang='lat' dir='ltr'><strong>persona</strong></span> <span class='ocrx_word' id='word_1_340' title='bbox 1596 3945 1852 4016; x_wconf 83' lang='lat' dir='ltr'><strong>Joannes,</strong></span> <span class='ocrx_word' id='word_1_341' title='bbox 1897 3953 2056 4011; x_wconf 85' lang='lat' dir='ltr'><strong>Verbi</strong></span> 
     </span>
    </p>
   </div>
   <div class='ocr_carea' id='block_1_42' title="bbox 473 4017 2054 4100">
    <p class='ocr_par' dir='ltr' id='par_1_42' title="bbox 473 4017 2054 4100">
     <span class='ocr_line' id='line_1_42' title="bbox 473 4017 2054 4100; baseline 0.023 -35"><span class='ocrx_word' id='word_1_342' title='bbox 473 4026 700 4081; x_wconf 89' lang='lat' dir='ltr'><strong>persona</strong></span> <span class='ocrx_word' id='word_1_343' title='bbox 744 4017 1008 4078; x_wconf 85' lang='lat' dir='ltr'><strong>Christus.</strong></span> <span class='ocrx_word' id='word_1_344' title='bbox 1041 4024 1238 4082; x_wconf 91' lang='lat' dir='ltr'><strong>Omnes</strong></span> <span class='ocrx_word' id='word_1_345' title='bbox 1264 4044 1424 4086; x_wconf 90' lang='lat' dir='ltr'><strong>voces</strong></span> <span class='ocrx_word' id='word_1_346' title='bbox 1452 4048 1672 4092; x_wconf 90' lang='lat' dir='ltr'><strong>necesse</strong></span> <span class='ocrx_word' id='word_1_347' title='bbox 1700 4047 1785 4095; x_wconf 90' lang='lat' dir='ltr'><strong>est</strong></span> <span class='ocrx_word' id='word_1_348' title='bbox 1808 4043 2054 4100; x_wconf 89' lang='lat' dir='ltr'><strong>minuan-</strong></span> 
     </span>
    </p>
   </div>
   <div class='ocr_carea' id='block_1_43' title="bbox 474 4109 2052 4202">
    <p class='ocr_par' dir='ltr' id='par_1_43' title="bbox 474 4109 2052 4202">
     <span class='ocr_line' id='line_1_43' title="bbox 474 4109 2052 4202; baseline 0.024 -46"><span class='ocrx_word' id='word_1_349' title='bbox 474 4111 592 4170; x_wconf 89' lang='lat' dir='ltr'><strong>tur,</strong></span> <span class='ocrx_word' id='word_1_350' title='bbox 647 4109 856 4176; x_wconf 90' lang='lat' dir='ltr'><strong>quando</strong></span> <span class='ocrx_word' id='word_1_351' title='bbox 921 4113 986 4168; x_wconf 90' lang='lat' dir='ltr'><strong>ad</strong></span> <span class='ocrx_word' id='word_1_352' title='bbox 1039 4116 1306 4174; x_wconf 88' lang='lat' dir='ltr'><strong>Christum</strong></span> <span class='ocrx_word' id='word_1_353' title='bbox 1374 4124 1660 4183; x_wconf 90' lang='lat' dir='ltr'><strong>videndum</strong></span> <span class='ocrx_word' id='word_1_354' title='bbox 1726 4135 2052 4202; x_wconf 91' lang='lat' dir='ltr'><strong>proﬁcimus.</strong></span> 
     </span>
    </p>
   </div>
   <div class='ocr_carea' id='block_1_44' title="bbox 473 4198 2056 4292">
    <p class='ocr_par' dir='ltr' id='par_1_44' title="bbox 473 4198 2056 4292">
     <span class='ocr_line' id='line_1_44' title="bbox 473 4198 2056 4292; baseline 0.024 -43"><span class='ocrx_word' id='word_1_355' title='bbox 473 4198 684 4266; x_wconf 91' lang='lat' dir='ltr'><strong>Quanto</strong></span> <span class='ocrx_word' id='word_1_356' title='bbox 725 4203 868 4257; x_wconf 92' lang='lat' dir='ltr'><strong>enim</strong></span> <span class='ocrx_word' id='word_1_357' title='bbox 898 4208 1110 4276; x_wconf 88' lang='lat' dir='ltr'><strong>proficis</strong></span> <span class='ocrx_word' id='word_1_358' title='bbox 1134 4211 1200 4266; x_wconf 91' lang='lat' dir='ltr'><strong>ad</strong></span> <span class='ocrx_word' id='word_1_359' title='bbox 1228 4213 1506 4272; x_wconf 86' lang='lat' dir='ltr'><strong>videndam</strong></span> <span class='ocrx_word' id='word_1_360' title='bbox 1542 4198 1874 4292; x_wconf 79' lang='lat' dir='ltr'><strong>sapientiam,</strong></span> <span class='ocrx_word' id='word_1_361' title='bbox 1909 4238 2056 4288; x_wconf 85' lang='lat' dir='ltr'><strong>tanto</strong></span> 
     </span>
    </p>
   </div>
   <div class='ocr_carea' id='block_1_45' title="bbox 472 4288 2052 4386">
    <p class='ocr_par' dir='ltr' id='par_1_45' title="bbox 472 4288 2052 4386">
     <span class='ocr_line' id='line_1_45' title="bbox 472 4288 2052 4386; baseline 0.024 -47"><span class='ocrx_word' id='word_1_362' title='bbox 472 4288 652 4344; x_wconf 89' lang='lat' dir='ltr'><strong>minus</strong></span> <span class='ocrx_word' id='word_1_363' title='bbox 678 4290 769 4346; x_wconf 88' lang='lat' dir='ltr'><strong>tibi</strong></span> <span class='ocrx_word' id='word_1_364' title='bbox 795 4307 896 4349; x_wconf 91' lang='lat' dir='ltr'><strong>vox</strong></span> <span class='ocrx_word' id='word_1_365' title='bbox 934 4307 1016 4351; x_wconf 91' lang='lat' dir='ltr'><strong>est</strong></span> <span class='ocrx_word' id='word_1_366' title='bbox 1044 4303 1364 4358; x_wconf 88' lang='lat' dir='ltr'><strong>necessaria.</strong></span> <span class='ocrx_word' id='word_1_367' title='bbox 1398 4305 1511 4362; x_wconf 87' lang='lat' dir='ltr'><strong>Vox</strong></span> <span class='ocrx_word' id='word_1_368' title='bbox 1539 4288 1923 4386; x_wconf 79' lang='lat' dir='ltr'><strong>inProphetis,</strong></span> <span class='ocrx_word' id='word_1_369' title='bbox 1951 4335 2052 4378; x_wconf 89' lang='lat' dir='ltr'><strong>vox</strong></span> 
     </span>
    </p>
   </div>
   <div class='ocr_carea' id='block_1_46' title="bbox 472 4377 2056 4475">
    <p class='ocr_par' dir='ltr' id='par_1_46' title="bbox 472 4377 2056 4475">
     <span class='ocr_line' id='line_1_46' title="bbox 472 4377 2056 4475; baseline 0.023 -44"><span class='ocrx_word' id='word_1_370' title='bbox 472 4377 526 4439; x_wconf 90' lang='lat' dir='ltr'><strong>in</strong></span> <span class='ocrx_word' id='word_1_371' title='bbox 545 4379 834 4449; x_wconf 84' lang='lat' dir='ltr'><strong>Apostolis,</strong></span> <span class='ocrx_word' id='word_1_372' title='bbox 863 4401 962 4440; x_wconf 89' lang='lat' dir='ltr'><strong>vox</strong></span> <span class='ocrx_word' id='word_1_373' title='bbox 985 4388 1037 4446; x_wconf 89' lang='lat' dir='ltr'><strong>in</strong></span> <span class='ocrx_word' id='word_1_374' title='bbox 1056 4389 1301 4461; x_wconf 89' lang='lat' dir='ltr'><strong>Psalmis,</strong></span> <span class='ocrx_word' id='word_1_375' title='bbox 1325 4411 1426 4451; x_wconf 89' lang='lat' dir='ltr'><strong>vox</strong></span> <span class='ocrx_word' id='word_1_376' title='bbox 1452 4398 1504 4453; x_wconf 94' lang='lat' dir='ltr'><strong>in</strong></span> <span class='ocrx_word' id='word_1_377' title='bbox 1529 4377 1837 4475; x_wconf 75' lang='lat' dir='ltr'><strong>Evangelia.</strong></span> <span class='ocrx_word' id='word_1_378' title='bbox 1865 4377 2056 4468; x_wconf 74' lang='lat' dir='ltr'><strong>veniat</strong></span> 
     </span>
    </p>
   </div>
   <div class='ocr_carea' id='block_1_47' title="bbox 471 4469 2054 4575">
    <p class='ocr_par' dir='ltr' id='par_1_47' title="bbox 471 4469 2054 4575">
     <span class='ocr_line' id='line_1_47' title="bbox 471 4469 2054 4575; baseline 0.025 -54"><span class='ocrx_word' id='word_1_379' title='bbox 471 4469 624 4575; x_wconf 54' lang='lat' dir='ltr'><strong>illud,</strong></span> <span class='ocrx_word' id='word_1_380' title='bbox 654 4469 720 4534; x_wconf 86' lang='lat' dir='ltr'><strong>In</strong></span> <span class='ocrx_word' id='word_1_381' title='bbox 749 4476 996 4575; x_wconf 67' lang='lat' dir='ltr'><strong>principio</strong></span> <span class='ocrx_word' id='word_1_382' title='bbox 1025 4491 1130 4534; x_wconf 89' lang='lat' dir='ltr'><strong>erat</strong></span> <span class='ocrx_word' id='word_1_383' title='bbox 1169 4482 1402 4551; x_wconf 85' lang='lat' dir='ltr'><strong>Verbum,</strong></span> <span class='ocrx_word' id='word_1_384' title='bbox 1443 4500 1490 4545; x_wconf 93' lang='lat' dir='ltr'><strong>et</strong></span> <span class='ocrx_word' id='word_1_385' title='bbox 1533 4469 1746 4552; x_wconf 47' lang='lat' dir='ltr'><strong>Verbu&#39;nt</strong></span> <span class='ocrx_word' id='word_1_386' title='bbox 1782 4511 1888 4574; x_wconf 70' lang='lat' dir='ltr'><strong>erat</strong></span> <span class='ocrx_word' id='word_1_387' title='bbox 1914 4508 2054 4575; x_wconf 88' lang='lat' dir='ltr'><strong>apud</strong></span> 
     </span>
    </p>
   </div>
   <div class='ocr_carea' id='block_1_48' title="bbox 472 4559 2053 4652">
    <p class='ocr_par' dir='ltr' id='par_1_48' title="bbox 472 4559 2053 4652">
     <span class='ocr_line' id='line_1_48' title="bbox 472 4559 2053 4652; baseline 0.025 -39"><span class='ocrx_word' id='word_1_388' title='bbox 472 4559 654 4630; x_wconf 82' lang='lat' dir='ltr'><strong>Deum,</strong></span> <span class='ocrx_word' id='word_1_389' title='bbox 683 4572 728 4617; x_wconf 87' lang='lat' dir='ltr'><strong>et</strong></span> <span class='ocrx_word' id='word_1_390' title='bbox 749 4563 888 4620; x_wconf 83' lang='lat' dir='ltr'><strong>Deus</strong></span> <span class='ocrx_word' id='word_1_391' title='bbox 915 4580 1021 4624; x_wconf 88' lang='lat' dir='ltr'><strong>erat</strong></span> <span class='ocrx_word' id='word_1_392' title='bbox 1055 4570 1291 4630; x_wconf 84' lang='lat' dir='ltr'><strong>Verbum.</strong></span> <span class='ocrx_word' id='word_1_393' title='bbox 1323 4577 1455 4635; x_wconf 86' lang='lat' dir='ltr'><strong>Cum</strong></span> <span class='ocrx_word' id='word_1_394' title='bbox 1486 4597 1608 4638; x_wconf 89' lang='lat' dir='ltr'><strong>eum</strong></span> <span class='ocrx_word' id='word_1_395' title='bbox 1634 4563 1923 4649; x_wconf 82' lang='lat' dir='ltr'><strong>viderimus</strong></span> <span class='ocrx_word' id='word_1_396' title='bbox 1948 4559 2053 4652; x_wconf 74' lang='lat' dir='ltr'><strong>sic-</strong></span> 
     </span>
    </p>
   </div>
   <div class='ocr_carea' id='block_1_49' title="bbox 469 4654 2049 4749">
    <p class='ocr_par' dir='ltr' id='par_1_49' title="bbox 469 4654 2049 4749">
     <span class='ocr_line' id='line_1_49' title="bbox 469 4654 2049 4749; baseline 0.024 -42"><span class='ocrx_word' id='word_1_397' title='bbox 469 4654 544 4715; x_wconf 80' lang='lat' dir='ltr'><strong>uti</strong></span> <span class='ocrx_word' id='word_1_398' title='bbox 582 4664 684 4723; x_wconf 90' lang='lat' dir='ltr'><strong>est,</strong></span> <span class='ocrx_word' id='word_1_399' title='bbox 717 4661 972 4730; x_wconf 90' lang='lat' dir='ltr'><strong>numquid</strong></span> <span class='ocrx_word' id='word_1_400' title='bbox 1023 4663 1092 4719; x_wconf 91' lang='lat' dir='ltr'><strong>ibi</strong></span> <span class='ocrx_word' id='word_1_401' title='bbox 1121 4669 1429 4727; x_wconf 91' lang='lat' dir='ltr'><strong>recitabitur</strong></span> <span class='ocrx_word' id='word_1_402' title='bbox 1456 4675 1847 4749; x_wconf 88' lang='lat' dir='ltr'><strong>Evangelium?</strong></span> <span class='ocrx_word' id='word_1_403' title='bbox 1881 4686 2049 4744; x_wconf 85' lang='lat' dir='ltr'><strong>Num-</strong></span> 
     </span>
    </p>
   </div>
   <div class='ocr_carea' id='block_1_50' title="bbox 468 4745 2048 4845">
    <p class='ocr_par' dir='ltr' id='par_1_50' title="bbox 468 4745 2048 4845">
     <span class='ocr_line' id='line_1_50' title="bbox 468 4745 2048 4845; baseline 0.025 -48"><span class='ocrx_word' id='word_1_404' title='bbox 468 4745 592 4814; x_wconf 87' lang='lat' dir='ltr'><strong>quid</strong></span> <span class='ocrx_word' id='word_1_405' title='bbox 625 4749 929 4819; x_wconf 87' lang='lat' dir='ltr'><strong>prophetias</strong></span> <span class='ocrx_word' id='word_1_406' title='bbox 960 4756 1187 4813; x_wconf 88' lang='lat' dir='ltr'><strong>audituri</strong></span> <span class='ocrx_word' id='word_1_407' title='bbox 1217 4766 1441 4820; x_wconf 84' lang='lat' dir='ltr'><strong>sumus?</strong></span> <span class='ocrx_word' id='word_1_408' title='bbox 1479 4745 1743 4841; x_wconf 69' lang='lat' dir='ltr'><strong>Numquid</strong></span> <span class='ocrx_word' id='word_1_409' title='bbox 1789 4776 2048 4845; x_wconf 87' lang='lat' dir='ltr'><strong>Epistolas</strong></span> 
     </span>
    </p>
   </div>
   <div class='ocr_carea' id='block_1_51' title="bbox 467 4838 2050 4930">
    <p class='ocr_par' dir='ltr' id='par_1_51' title="bbox 467 4838 2050 4930">
     <span class='ocr_line' id='line_1_51' title="bbox 467 4838 2050 4930; baseline 0.024 -38"><span class='ocrx_word' id='word_1_410' title='bbox 467 4838 843 4908; x_wconf 85' lang='lat' dir='ltr'><strong>Apostolorum</strong></span> <span class='ocrx_word' id='word_1_411' title='bbox 887 4845 1071 4904; x_wconf 90' lang='lat' dir='ltr'><strong>lecturi</strong></span> <span class='ocrx_word' id='word_1_412' title='bbox 1115 4855 1336 4911; x_wconf 90' lang='lat' dir='ltr'><strong>sumus?</strong></span> <span class='ocrx_word' id='word_1_413' title='bbox 1375 4858 1587 4927; x_wconf 84' lang='lat' dir='ltr'><strong>Quare?</strong></span> <span class='ocrx_word' id='word_1_414' title='bbox 1613 4838 1746 4930; x_wconf 83' lang='lat' dir='ltr'><strong>Quia</strong></span> <span class='ocrx_word' id='word_1_415' title='bbox 1791 4838 2050 4930; x_wconf 78' lang='lat' dir='ltr'><strong>deﬁciunt</strong></span> 
     </span>
    </p>
   </div>
   <div class='ocr_carea' id='block_1_52' title="bbox 466 4943 2043 5033">
    <p class='ocr_par' dir='ltr' id='par_1_52' title="bbox 466 4943 2043 5033">
     <span class='ocr_line' id='line_1_52' title="bbox 466 4943 2043 5033; baseline 0.023 -48"><span class='ocrx_word' id='word_1_416' title='bbox 466 4946 646 4999; x_wconf 90' lang='lat' dir='ltr'><strong>voces,</strong></span> <span class='ocrx_word' id='word_1_417' title='bbox 679 4947 951 4994; x_wconf 89' lang='lat' dir='ltr'><strong>crescente</strong></span> <span class='ocrx_word' id='word_1_418' title='bbox 988 4943 1152 4999; x_wconf 86' lang='lat' dir='ltr'><strong>verbo</strong></span> <span class='ocrx_word' id='word_1_419' title='bbox 1184 4961 1198 4998; x_wconf 89' lang='lat'><strong>:</strong></span> <span class='ocrx_word' id='word_1_420' title='bbox 1229 4949 1351 5016; x_wconf 86' lang='lat' dir='ltr'><strong>quia</strong></span> <span class='ocrx_word' id='word_1_421' title='bbox 1377 4947 1540 5005; x_wconf 87' lang='lat' dir='ltr'><strong>Illum</strong></span> <span class='ocrx_word' id='word_1_422' title='bbox 1573 4968 1766 5026; x_wconf 82' lang='lat' dir='ltr'><strong>oportet</strong></span> <span class='ocrx_word' id='word_1_423' title='bbox 1806 4977 2043 5033; x_wconf 83' lang='lat' dir='ltr'><strong>crescere,</strong></span> 
     </span>
    </p>
   </div>
   <div class='ocr_carea' id='block_1_53' title="bbox 466 5033 2040 5125">
    <p class='ocr_par' dir='ltr' id='par_1_53' title="bbox 466 5033 2040 5125">
     <span class='ocr_line' id='line_1_53' title="bbox 466 5033 2040 5125; baseline 0.024 -48"><span class='ocrx_word' id='word_1_424' title='bbox 466 5042 544 5080; x_wconf 89' lang='lat' dir='ltr'><strong>me</strong></span> <span class='ocrx_word' id='word_1_425' title='bbox 578 5037 745 5082; x_wconf 85' lang='lat' dir='ltr'><strong>autem</strong></span> <span class='ocrx_word' id='word_1_426' title='bbox 795 5033 971 5087; x_wconf 86' lang='lat' dir='ltr'><strong>minui.</strong></span> <span class='ocrx_word' id='word_1_427' title='bbox 1020 5035 1088 5090; x_wconf 88' lang='lat' dir='ltr'><strong>Et</strong></span> <span class='ocrx_word' id='word_1_428' title='bbox 1118 5037 1348 5096; x_wconf 88' lang='lat' dir='ltr'><strong>Verbum</strong></span> <span class='ocrx_word' id='word_1_429' title='bbox 1391 5045 1604 5114; x_wconf 89' lang='lat' dir='ltr'><strong>quidem</strong></span> <span class='ocrx_word' id='word_1_430' title='bbox 1648 5066 1743 5120; x_wconf 89' lang='lat' dir='ltr'><strong>per</strong></span> <span class='ocrx_word' id='word_1_431' title='bbox 1768 5069 1827 5109; x_wconf 90' lang='lat' dir='ltr'><strong>se</strong></span> <span class='ocrx_word' id='word_1_432' title='bbox 1868 5056 2040 5125; x_wconf 89' lang='lat' dir='ltr'><strong>ipsum</strong></span> 
     </span>
    </p>
   </div>
   <div class='ocr_carea' id='block_1_54' title="bbox 463 5120 2044 5204">
    <p class='ocr_par' dir='ltr' id='par_1_54' title="bbox 463 5120 2044 5204">
     <span class='ocr_line' id='line_1_54' title="bbox 463 5120 2044 5204; baseline 0.018 -29"><span class='ocrx_word' id='word_1_433' title='bbox 463 5131 563 5175; x_wconf 88' lang='lat' dir='ltr'><strong>nec</strong></span> <span class='ocrx_word' id='word_1_434' title='bbox 585 5120 798 5188; x_wconf 89' lang='lat' dir='ltr'><strong>crescit,</strong></span> <span class='ocrx_word' id='word_1_435' title='bbox 827 5138 924 5178; x_wconf 91' lang='lat' dir='ltr'><strong>nec</strong></span> <span class='ocrx_word' id='word_1_436' title='bbox 949 5124 1128 5182; x_wconf 90' lang='lat' dir='ltr'><strong>deﬁcit</strong></span> <span class='ocrx_word' id='word_1_437' title='bbox 1153 5128 1204 5184; x_wconf 91' lang='lat' dir='ltr'><strong>in</strong></span> <span class='ocrx_word' id='word_1_438' title='bbox 1233 5144 1313 5187; x_wconf 91' lang='lat' dir='ltr'><strong>se.</strong></span> <span class='ocrx_word' id='word_1_439' title='bbox 1346 5133 1403 5189; x_wconf 95' lang='lat' dir='ltr'><strong>ln</strong></span> <span class='ocrx_word' id='word_1_440' title='bbox 1423 5135 1577 5192; x_wconf 90' lang='lat' dir='ltr'><strong>nobis</strong></span> <span class='ocrx_word' id='word_1_441' title='bbox 1598 5148 1773 5198; x_wconf 89' lang='lat' dir='ltr'><strong>autem</strong></span> <span class='ocrx_word' id='word_1_442' title='bbox 1799 5120 2044 5204; x_wconf 77' lang='lat' dir='ltr'><strong>crescere</strong></span> 
     </span>
    </p>
   </div>
   <div class='ocr_carea' id='block_1_55' title="bbox 461 5209 2046 5296">
    <p class='ocr_par' dir='ltr' id='par_1_55' title="bbox 461 5209 2046 5296">
     <span class='ocr_line' id='line_1_55' title="bbox 461 5209 2046 5296; baseline 0.021 -34"><span class='ocrx_word' id='word_1_443' title='bbox 461 5209 675 5277; x_wconf 90' lang='lat' dir='ltr'><strong>dicitur,</strong></span> <span class='ocrx_word' id='word_1_444' title='bbox 723 5228 843 5269; x_wconf 91' lang='lat' dir='ltr'><strong>cum</strong></span> <span class='ocrx_word' id='word_1_445' title='bbox 883 5217 1208 5286; x_wconf 70' lang='lat' dir='ltr'><strong>proﬁciendo</strong></span> <span class='ocrx_word' id='word_1_446' title='bbox 1249 5223 1302 5280; x_wconf 94' lang='lat' dir='ltr'><strong>in</strong></span> <span class='ocrx_word' id='word_1_447' title='bbox 1350 5227 1499 5289; x_wconf 86' lang='lat' dir='ltr'><strong>illum</strong></span> <span class='ocrx_word' id='word_1_448' title='bbox 1541 5234 1874 5291; x_wconf 90' lang='lat' dir='ltr'><strong>crescimus:</strong></span> <span class='ocrx_word' id='word_1_449' title='bbox 1905 5239 2046 5296; x_wconf 91' lang='lat' dir='ltr'><strong>sicut</strong></span> 
     </span>
    </p>
   </div>
   <div class='ocr_carea' id='block_1_56' title="bbox 459 5302 2041 5386">
    <p class='ocr_par' dir='ltr' id='par_1_56' title="bbox 459 5302 2041 5386">
     <span class='ocr_line' id='line_1_56' title="bbox 459 5302 2041 5386; baseline 0.021 -34"><span class='ocrx_word' id='word_1_450' title='bbox 459 5302 655 5356; x_wconf 89' lang='lat' dir='ltr'><strong>crescit</strong></span> <span class='ocrx_word' id='word_1_451' title='bbox 684 5302 735 5357; x_wconf 95' lang='lat' dir='ltr'><strong>in</strong></span> <span class='ocrx_word' id='word_1_452' title='bbox 764 5306 932 5362; x_wconf 87' lang='lat' dir='ltr'><strong>oculis</strong></span> <span class='ocrx_word' id='word_1_453' title='bbox 961 5306 1073 5377; x_wconf 87' lang='lat' dir='ltr'><strong>lux,</strong></span> <span class='ocrx_word' id='word_1_454' title='bbox 1101 5325 1224 5367; x_wconf 89' lang='lat' dir='ltr'><strong>cum</strong></span> <span class='ocrx_word' id='word_1_455' title='bbox 1258 5316 1372 5372; x_wconf 89' lang='lat' dir='ltr'><strong>acie</strong></span> <span class='ocrx_word' id='word_1_456' title='bbox 1401 5322 1804 5382; x_wconf 88' lang='lat' dir='ltr'><strong>convalescente</strong></span> <span class='ocrx_word' id='word_1_457' title='bbox 1833 5327 2041 5386; x_wconf 88' lang='lat' dir='ltr'><strong>videtur</strong></span> 
     </span>
    </p>
   </div>
   <div class='ocr_carea' id='block_1_57' title="bbox 459 5393 2036 5488">
    <p class='ocr_par' dir='ltr' id='par_1_57' title="bbox 459 5393 2036 5488">
     <span class='ocr_line' id='line_1_57' title="bbox 459 5393 2036 5488; baseline 0.022 -44"><span class='ocrx_word' id='word_1_458' title='bbox 459 5393 711 5464; x_wconf 83' lang='lat' dir='ltr'><strong>amplius,</strong></span> <span class='ocrx_word' id='word_1_459' title='bbox 741 5412 859 5467; x_wconf 60' lang='lat' dir='ltr'><strong>qua:</strong></span> <span class='ocrx_word' id='word_1_460' title='bbox 877 5401 992 5456; x_wconf 84' lang='lat' dir='ltr'><strong>acie</strong></span> <span class='ocrx_word' id='word_1_461' title='bbox 1019 5403 1300 5475; x_wconf 83' lang='lat' dir='ltr'><strong>languente</strong></span> <span class='ocrx_word' id='word_1_462' title='bbox 1329 5412 1507 5469; x_wconf 92' lang='lat' dir='ltr'><strong>minus</strong></span> <span class='ocrx_word' id='word_1_463' title='bbox 1533 5417 1712 5488; x_wconf 91' lang='lat' dir='ltr'><strong>utique</strong></span> <span class='ocrx_word' id='word_1_464' title='bbox 1740 5419 2036 5478; x_wconf 86' lang='lat' dir='ltr'><strong>videbatur.</strong></span> 
     </span>
    </p>
   </div>
   <div class='ocr_carea' id='block_1_58' title="bbox 458 5483 2035 5575">
    <p class='ocr_par' dir='ltr' id='par_1_58' title="bbox 458 5483 2035 5575">
     <span class='ocr_line' id='line_1_58' title="bbox 458 5483 2035 5575; baseline 0.018 -32"><span class='ocrx_word' id='word_1_465' title='bbox 458 5483 528 5543; x_wconf 81' lang='lat' dir='ltr'><strong>Et</strong></span> <span class='ocrx_word' id='word_1_466' title='bbox 557 5485 732 5543; x_wconf 92' lang='lat' dir='ltr'><strong>minor</strong></span> <span class='ocrx_word' id='word_1_467' title='bbox 773 5499 889 5545; x_wconf 89' lang='lat' dir='ltr'><strong>erat</strong></span> <span class='ocrx_word' id='word_1_468' title='bbox 915 5495 1084 5551; x_wconf 90' lang='lat' dir='ltr'><strong>oculis</strong></span> <span class='ocrx_word' id='word_1_469' title='bbox 1111 5500 1288 5569; x_wconf 67' lang='lat' dir='ltr'><strong>aegris,</strong></span> <span class='ocrx_word' id='word_1_470' title='bbox 1330 5505 1501 5575; x_wconf 86' lang='lat' dir='ltr'><strong>major</strong></span> <span class='ocrx_word' id='word_1_471' title='bbox 1527 5518 1610 5564; x_wconf 90' lang='lat' dir='ltr'><strong>est</strong></span> <span class='ocrx_word' id='word_1_472' title='bbox 1652 5511 1819 5567; x_wconf 89' lang='lat' dir='ltr'><strong>oculis</strong></span> <span class='ocrx_word' id='word_1_473' title='bbox 1857 5515 2035 5572; x_wconf 89' lang='lat' dir='ltr'><strong>sanis:</strong></span> 
     </span>
    </p>
   </div>
   <div class='ocr_carea' id='block_1_59' title="bbox 456 5577 2038 5673">
    <p class='ocr_par' dir='ltr' id='par_1_59' title="bbox 456 5577 2038 5673">
     <span class='ocr_line' id='line_1_59' title="bbox 456 5577 2038 5673; baseline 0.023 -45"><span class='ocrx_word' id='word_1_474' title='bbox 456 5588 579 5630; x_wconf 90' lang='lat' dir='ltr'><strong>cum</strong></span> <span class='ocrx_word' id='word_1_475' title='bbox 621 5577 734 5648; x_wconf 86' lang='lat' dir='ltr'><strong>ipsa</strong></span> <span class='ocrx_word' id='word_1_476' title='bbox 774 5596 870 5652; x_wconf 89' lang='lat' dir='ltr'><strong>per</strong></span> <span class='ocrx_word' id='word_1_477' title='bbox 915 5600 976 5642; x_wconf 87' lang='lat' dir='ltr'><strong>se</strong></span> <span class='ocrx_word' id='word_1_478' title='bbox 1019 5587 1190 5658; x_wconf 89' lang='lat' dir='ltr'><strong>ipsam</strong></span> <span class='ocrx_word' id='word_1_479' title='bbox 1217 5608 1319 5648; x_wconf 90' lang='lat' dir='ltr'><strong>nec</strong></span> <span class='ocrx_word' id='word_1_480' title='bbox 1345 5605 1470 5653; x_wconf 84' lang='lat' dir='ltr'><strong>ante</strong></span> <span class='ocrx_word' id='word_1_481' title='bbox 1512 5599 1789 5658; x_wconf 89' lang='lat' dir='ltr'><strong>imminuta</strong></span> <span class='ocrx_word' id='word_1_482' title='bbox 1818 5605 1907 5673; x_wconf 91' lang='lat' dir='ltr'><strong>sit,</strong></span> <span class='ocrx_word' id='word_1_483' title='bbox 1940 5622 2038 5664; x_wconf 91' lang='lat' dir='ltr'><strong>nec</strong></span> 
     </span>
    </p>
   </div>
   <div class='ocr_carea' id='block_1_60' title="bbox 454 5671 2030 5758">
    <p class='ocr_par' dir='ltr' id='par_1_60' title="bbox 454 5671 2030 5758">
     <span class='ocr_line' id='line_1_60' title="bbox 454 5671 2030 5758; baseline 0.022 -34"><span class='ocrx_word' id='word_1_484' title='bbox 454 5671 794 5739; x_wconf 78' lang='lat' dir='ltr'><strong>postmodum</strong></span> <span class='ocrx_word' id='word_1_485' title='bbox 839 5681 1086 5740; x_wconf 87' lang='lat' dir='ltr'><strong>creverit.</strong></span> <span class='ocrx_word' id='word_1_486' title='bbox 1113 5683 1368 5745; x_wconf 80' lang='lat' dir='ltr'><strong>Minuitur</strong></span> <span class='ocrx_word' id='word_1_487' title='bbox 1392 5705 1520 5757; x_wconf 77' lang='lat' dir='ltr'><strong>ergo</strong></span> <span class='ocrx_word' id='word_1_488' title='bbox 1556 5671 1907 5756; x_wconf 83' lang='lat' dir='ltr'><strong>ministerium</strong></span> <span class='ocrx_word' id='word_1_489' title='bbox 1934 5715 2030 5758; x_wconf 93' lang='lat' dir='ltr'><strong>vo-</strong></span> 
     </span>
    </p>
   </div>
   <div class='ocr_carea' id='block_1_61' title="bbox 1714 249 2514 311">
    <p class='ocr_par' dir='ltr' id='par_1_61' title="bbox 1714 249 2514 311">
     <span class='ocr_line' id='line_1_61' title="bbox 1714 249 2514 311; baseline 0 -1"><span class='ocrx_word' id='word_1_490' title='bbox 1714 255 1772 311; x_wconf 89' lang='lat' dir='ltr'><strong>S.</strong></span> <span class='ocrx_word' id='word_1_491' title='bbox 1811 251 1948 307; x_wconf 80' lang='lat' dir='ltr'><strong>AUC</strong></span> <span class='ocrx_word' id='word_1_492' title='bbox 1958 249 2174 306; x_wconf 84' lang='lat' dir='ltr'><strong>USTiNl</strong></span> <span class='ocrx_word' id='word_1_493' title='bbox 2213 252 2514 310; x_wconf 78' lang='lat' dir='ltr'><strong>EPISCOPI</strong></span> 
     </span>
    </p>
   </div>
   <div class='ocr_carea' id='block_1_62' title="bbox 3626 272 3762 327">
    <p class='ocr_par' dir='ltr' id='par_1_62' title="bbox 3626 272 3762 327">
     <span class='ocr_line' id='line_1_62' title="bbox 3626 272 3762 327; baseline 0.007 -1"><span class='ocrx_word' id='word_1_494' title='bbox 3626 272 3762 327; x_wconf 66' lang='lat'><strong>1508</strong></span> 
     </span>
    </p>
   </div>
   <div class='ocr_carea' id='block_1_63' title="bbox 2175 367 3761 456">
    <p class='ocr_par' dir='ltr' id='par_1_63' title="bbox 2175 367 3761 456">
     <span class='ocr_line' id='line_1_63' title="bbox 2175 367 3761 456; baseline 0.013 -34"><span class='ocrx_word' id='word_1_495' title='bbox 2175 367 2274 434; x_wconf 88' lang='lat' dir='ltr'><strong>cis,</strong></span> <span class='ocrx_word' id='word_1_496' title='bbox 2303 382 2424 422; x_wconf 89' lang='lat' dir='ltr'><strong>cum</strong></span> <span class='ocrx_word' id='word_1_497' title='bbox 2461 368 2518 423; x_wconf 90' lang='lat' dir='ltr'><strong>ﬁt</strong></span> <span class='ocrx_word' id='word_1_498' title='bbox 2547 370 2740 426; x_wconf 84' lang='lat' dir='ltr'><strong>mentis</strong></span> <span class='ocrx_word' id='word_1_499' title='bbox 2766 371 3034 442; x_wconf 85' lang='lat' dir='ltr'><strong>profectus</strong></span> <span class='ocrx_word' id='word_1_500' title='bbox 3060 375 3126 431; x_wconf 90' lang='lat' dir='ltr'><strong>ad</strong></span> <span class='ocrx_word' id='word_1_501' title='bbox 3163 377 3413 436; x_wconf 84' lang='lat' dir='ltr'><strong>Verbum.</strong></span> <span class='ocrx_word' id='word_1_502' title='bbox 3445 382 3520 438; x_wconf 69' lang='lat' dir='ltr'><strong>Ita</strong></span> <span class='ocrx_word' id='word_1_503' title='bbox 3551 398 3761 456; x_wconf 82' lang='lat' dir='ltr'><strong>oportet</strong></span> 
     </span>
    </p>
   </div>
   <div class='ocr_carea' id='block_1_64' title="bbox 2174 458 3757 536">
    <p class='ocr_par' dir='ltr' id='par_1_64' title="bbox 2174 458 3757 536">
     <span class='ocr_line' id='line_1_64' title="bbox 2174 458 3757 536; baseline 0.016 -26"><span class='ocrx_word' id='word_1_504' title='bbox 2174 458 2442 513; x_wconf 89' lang='lat' dir='ltr'><strong>Christum</strong></span> <span class='ocrx_word' id='word_1_505' title='bbox 2459 475 2725 528; x_wconf 89' lang='lat' dir='ltr'><strong>crescere,</strong></span> <span class='ocrx_word' id='word_1_506' title='bbox 2746 463 3005 521; x_wconf 82' lang='lat' dir='ltr'><strong>Joannem</strong></span> <span class='ocrx_word' id='word_1_507' title='bbox 3025 477 3205 524; x_wconf 89' lang='lat' dir='ltr'><strong>autem</strong></span> <span class='ocrx_word' id='word_1_508' title='bbox 3229 474 3416 528; x_wconf 87' lang='lat' dir='ltr'><strong>minui.</strong></span> <span class='ocrx_word' id='word_1_509' title='bbox 3443 475 3554 533; x_wconf 81' lang='lat' dir='ltr'><strong>[loc</strong></span> <span class='ocrx_word' id='word_1_510' title='bbox 3573 494 3757 536; x_wconf 88' lang='lat' dir='ltr'><strong>eorum</strong></span> 
     </span>
    </p>
   </div>
   <div class='ocr_carea' id='block_1_65' title="bbox 2175 549 3760 635">
    <p class='ocr_par' dir='ltr' id='par_1_65' title="bbox 2175 549 3760 635">
     <span class='ocr_line' id='line_1_65' title="bbox 2175 549 3760 635; baseline 0.014 -31"><span class='ocrx_word' id='word_1_511' title='bbox 2175 549 2411 606; x_wconf 88' lang='lat' dir='ltr'><strong>indicant</strong></span> <span class='ocrx_word' id='word_1_512' title='bbox 2439 554 2734 622; x_wconf 88' lang='lat' dir='ltr'><strong>passiones.</strong></span> <span class='ocrx_word' id='word_1_513' title='bbox 2762 555 2894 612; x_wconf 89' lang='lat' dir='ltr'><strong>Nam</strong></span> <span class='ocrx_word' id='word_1_514' title='bbox 2921 557 3155 616; x_wconf 88' lang='lat' dir='ltr'><strong>J&#39;oannes</strong></span> <span class='ocrx_word' id='word_1_515' title='bbox 3182 563 3416 620; x_wconf 93' lang='lat' dir='ltr'><strong>minutus</strong></span> <span class='ocrx_word' id='word_1_516' title='bbox 3442 578 3544 635; x_wconf 87' lang='lat' dir='ltr'><strong>est,</strong></span> <span class='ocrx_word' id='word_1_517' title='bbox 3589 584 3760 626; x_wconf 64' lang='lat' dir='ltr'><strong>casus</strong></span> 
     </span>
    </p>
   </div>
   <div class='ocr_carea' id='block_1_66' title="bbox 2173 641 3779 733">
    <p class='ocr_par' dir='ltr' id='par_1_66' title="bbox 2173 641 3779 733">
     <span class='ocr_line' id='line_1_66' title="bbox 2173 641 3779 733; baseline 0.013 -38"><span class='ocrx_word' id='word_1_518' title='bbox 2173 644 2381 712; x_wconf 88' lang='lat' dir='ltr'><strong>capite;</strong></span> <span class='ocrx_word' id='word_1_519' title='bbox 2412 641 2653 700; x_wconf 79' lang='lat' dir='ltr'><strong>Christus</strong></span> <span class='ocrx_word' id='word_1_520' title='bbox 2677 647 2945 704; x_wconf 84' lang='lat' dir='ltr'><strong>exaltatus</strong></span> <span class='ocrx_word' id='word_1_521' title='bbox 2980 661 3083 716; x_wconf 91' lang='lat' dir='ltr'><strong>est,</strong></span> <span class='ocrx_word' id='word_1_522' title='bbox 3117 655 3286 708; x_wconf 92' lang='lat' dir='ltr'><strong>crevit</strong></span> <span class='ocrx_word' id='word_1_523' title='bbox 3315 665 3563 727; x_wconf 88' lang='lat' dir='ltr'><strong>tanquam</strong></span> <span class='ocrx_word' id='word_1_524' title='bbox 3601 658 3678 732; x_wconf 74' lang='grc' dir='ltr'><em>(τι)</em></span> <span class='ocrx_word' id='word_1_525' title='bbox 3706 663 3779 733; x_wconf 60' lang='lat' dir='ltr'><strong>in,-</strong></span> 
     </span>
    </p>
   </div>
   <div class='ocr_carea' id='block_1_67' title="bbox 2171 735 3760 808">
    <p class='ocr_par' dir='ltr' id='par_1_67' title="bbox 2171 735 3760 808">
     <span class='ocr_line' id='line_1_67' title="bbox 2171 735 3760 808; baseline 0.014 -21"><span class='ocrx_word' id='word_1_526' title='bbox 2171 749 2350 789; x_wconf 88' lang='lat' dir='ltr'><strong>cruce.</strong></span> <span class='ocrx_word' id='word_1_527' title='bbox 2393 735 2503 791; x_wconf 90' lang='lat' dir='ltr'><strong>Hoc</strong></span> <span class='ocrx_word' id='word_1_528' title='bbox 2531 751 2716 793; x_wconf 88' lang='lat' dir='ltr'><strong>eorum</strong></span> <span class='ocrx_word' id='word_1_529' title='bbox 2748 739 2984 797; x_wconf 91' lang='lat' dir='ltr'><strong>indicant</strong></span> <span class='ocrx_word' id='word_1_530' title='bbox 3022 747 3227 802; x_wconf 86' lang='lat' dir='ltr'><strong>natales</strong></span> <span class='ocrx_word' id='word_1_531' title='bbox 3266 747 3400 804; x_wconf 90' lang='lat' dir='ltr'><strong>dies.</strong></span> <span class='ocrx_word' id='word_1_532' title='bbox 3433 750 3564 806; x_wconf 87' lang='lat' dir='ltr'><strong>Nam</strong></span> <span class='ocrx_word' id='word_1_533' title='bbox 3591 767 3620 806; x_wconf 89' lang='lat' dir='ltr'><strong>a</strong></span> <span class='ocrx_word' id='word_1_534' title='bbox 3650 753 3760 808; x_wconf 88' lang='lat' dir='ltr'><strong>Na-</strong></span> 
     </span>
    </p>
   </div>
   <div class='ocr_carea' id='block_1_68' title="bbox 2173 825 3760 907">
    <p class='ocr_par' dir='ltr' id='par_1_68' title="bbox 2173 825 3760 907">
     <span class='ocr_line' id='line_1_68' title="bbox 2173 825 3760 907; baseline 0.014 -29"><span class='ocrx_word' id='word_1_535' title='bbox 2173 825 2262 879; x_wconf 89' lang='lat' dir='ltr'><strong>tali</strong></span> <span class='ocrx_word' id='word_1_536' title='bbox 2287 825 2506 882; x_wconf 89' lang='lat' dir='ltr'><strong>Joannis</strong></span> <span class='ocrx_word' id='word_1_537' title='bbox 2554 828 2814 900; x_wconf 87' lang='lat' dir='ltr'><strong>incipiunt</strong></span> <span class='ocrx_word' id='word_1_538' title='bbox 2852 832 3058 889; x_wconf 91' lang='lat' dir='ltr'><strong>dierum</strong></span> <span class='ocrx_word' id='word_1_539' title='bbox 3098 836 3454 907; x_wconf 87' lang='lat' dir='ltr'><strong>detrimenta;</strong></span> <span class='ocrx_word' id='word_1_540' title='bbox 3496 859 3526 896; x_wconf 90' lang='lat' dir='ltr'><strong>a</strong></span> <span class='ocrx_word' id='word_1_541' title='bbox 3562 842 3760 901; x_wconf 88' lang='lat' dir='ltr'><strong>Christi</strong></span> 
     </span>
    </p>
   </div>
   <div class='ocr_carea' id='block_1_69' title="bbox 2169 924 3070 992">
    <p class='ocr_par' dir='ltr' id='par_1_69' title="bbox 2169 924 3070 992">
     <span class='ocr_line' id='line_1_69' title="bbox 2169 924 3070 992; baseline 0.013 -24"><span class='ocrx_word' id='word_1_542' title='bbox 2169 924 2369 984; x_wconf 88' lang='lat' dir='ltr'><strong>autem,</strong></span> <span class='ocrx_word' id='word_1_543' title='bbox 2413 928 2738 975; x_wconf 86' lang='lat' dir='ltr'><strong>renovantur</strong></span> <span class='ocrx_word' id='word_1_544' title='bbox 2765 933 3070 992; x_wconf 81' lang='lat' dir='ltr'><strong>augmenta.</strong></span> 
     </span>
    </p>
   </div>
   <div class='ocr_carea' id='block_1_70' title="bbox 2575 1032 3360 1116">
    <p class='ocr_par' dir='ltr' id='par_1_70' title="bbox 2575 1032 3360 1116">
     <span class='ocr_line' id='line_1_70' title="bbox 2575 1032 3360 1116; baseline 0.011 -29"><span class='ocrx_word' id='word_1_545' title='bbox 2575 1032 2806 1091; x_wconf 80' lang='lat' dir='ltr'><strong>SERth</strong></span> <span class='ocrx_word' id='word_1_546' title='bbox 2831 1036 3184 1095; x_wconf 81' lang='lat' dir='ltr'><strong>CCLXXXIX</strong></span> <span class='ocrx_word' id='word_1_547' title='bbox 3215 1047 3232 1066; x_wconf 87' lang='lat'>&#39;</span> <span class='ocrx_word' id='word_1_548' title='bbox 3265 1041 3360 1116; x_wconf 87' lang='lat' dir='ltr'><strong>(b).</strong></span> 
     </span>
    </p>
   </div>
   <div class='ocr_carea' id='block_1_71' title="bbox 2552 1147 3370 1215">
    <p class='ocr_par' dir='ltr' id='par_1_71' title="bbox 2552 1147 3370 1215">
     <span class='ocr_line' id='line_1_71' title="bbox 2552 1147 3370 1215; baseline 0.015 -21"><span class='ocrx_word' id='word_1_549' title='bbox 2552 1149 2602 1195; x_wconf 89' lang='lat' dir='ltr'><strong>In</strong></span> <span class='ocrx_word' id='word_1_550' title='bbox 2632 1147 2779 1197; x_wconf 77' lang='lat' dir='ltr'><strong>Natali</strong></span> <span class='ocrx_word' id='word_1_551' title='bbox 2809 1153 3003 1201; x_wconf 82' lang='lat' dir='ltr'><strong>Joannis</strong></span> <span class='ocrx_word' id='word_1_552' title='bbox 3034 1159 3271 1215; x_wconf 61' lang='lat' dir='ltr'><strong>Baptista,</strong></span> <span class='ocrx_word' id='word_1_553' title='bbox 3304 1172 3370 1206; x_wconf 83' lang='lat' dir='ltr'><strong>ru.</strong></span> 
     </span>
    </p>
   </div>
   <div class='ocr_carea' id='block_1_72' title="bbox 2239 1247 3747 1319">
    <p class='ocr_par' dir='ltr' id='par_1_72' title="bbox 2239 1247 3747 1319">
     <span class='ocr_line' id='line_1_72' title="bbox 2239 1247 3747 1319; baseline 0.013 -20"><span class='ocrx_word' id='word_1_554' title='bbox 2239 1247 2291 1300; x_wconf 77' lang='grc'><strong>1.</strong></span> <span class='ocrx_word' id='word_1_555' title='bbox 2338 1247 2563 1304; x_wconf 82' lang='lat' dir='ltr'><strong>Joannes</strong></span> <span class='ocrx_word' id='word_1_556' title='bbox 2607 1267 2708 1305; x_wconf 88' lang='lat' dir='ltr'><strong>non</strong></span> <span class='ocrx_word' id='word_1_557' title='bbox 2759 1254 2868 1308; x_wconf 89' lang='lat' dir='ltr'><strong>sine</strong></span> <span class='ocrx_word' id='word_1_558' title='bbox 2909 1270 3064 1309; x_wconf 86' lang='lat' dir='ltr'><strong>causa</strong></span> <span class='ocrx_word' id='word_1_559' title='bbox 3108 1266 3213 1310; x_wconf 87' lang='lat' dir='ltr'><strong>tam</strong></span> <span class='ocrx_word' id='word_1_560' title='bbox 3255 1261 3551 1315; x_wconf 86' lang='lat' dir='ltr'><strong>mirabiliter</strong></span> <span class='ocrx_word' id='word_1_561' title='bbox 3595 1273 3747 1319; x_wconf 80' lang='lat' dir='ltr'><strong>natus</strong></span> 
     </span>
    </p>
   </div>
   <div class='ocr_carea' id='block_1_73' title="bbox 2165 1342 3757 1425">
    <p class='ocr_par' dir='ltr' id='par_1_73' title="bbox 2165 1342 3757 1425">
     <span class='ocr_line' id='line_1_73' title="bbox 2165 1342 3757 1425; baseline 0.013 -37"><span class='ocrx_word' id='word_1_562' title='bbox 2165 1343 2212 1388; x_wconf 87' lang='lat' dir='ltr'><strong>et</strong></span> <span class='ocrx_word' id='word_1_563' title='bbox 2253 1345 2354 1390; x_wconf 86' lang='lat' dir='ltr'><strong>tam</strong></span> <span class='ocrx_word' id='word_1_564' title='bbox 2394 1355 2626 1409; x_wconf 83' lang='lat' dir='ltr'><strong>magnus.</strong></span> <span class='ocrx_word' id='word_1_565' title='bbox 2669 1342 2842 1397; x_wconf 90' lang='lat' dir='ltr'><strong>Causa</strong></span> <span class='ocrx_word' id='word_1_566' title='bbox 2888 1344 3159 1402; x_wconf 76' lang='lat' dir='ltr'><strong>hodierna:</strong></span> <span class='ocrx_word' id='word_1_567' title='bbox 3195 1348 3421 1405; x_wconf 87' lang='lat' dir='ltr'><strong>celebris</strong></span> <span class='ocrx_word' id='word_1_568' title='bbox 3464 1367 3757 1425; x_wconf 65' lang='lat' dir='ltr'><strong>congrega-</strong></span> 
     </span>
    </p>
   </div>
   <div class='ocr_carea' id='block_1_74' title="bbox 2171 1426 3756 1515">
    <p class='ocr_par' dir='ltr' id='par_1_74' title="bbox 2171 1426 3756 1515">
     <span class='ocr_line' id='line_1_74' title="bbox 2171 1426 3756 1515; baseline 0.015 -36"><span class='ocrx_word' id='word_1_569' title='bbox 2171 1426 2334 1482; x_wconf 90' lang='lat' dir='ltr'><strong>tionis</strong></span> <span class='ocrx_word' id='word_1_570' title='bbox 2375 1439 2608 1500; x_wconf 67' lang='lat' dir='ltr'><strong>nostrae,</strong></span> <span class='ocrx_word' id='word_1_571' title='bbox 2659 1433 2844 1490; x_wconf 87' lang='lat' dir='ltr'><strong>Natale</strong></span> <span class='ocrx_word' id='word_1_572' title='bbox 2887 1446 2970 1492; x_wconf 90' lang='lat' dir='ltr'><strong>est</strong></span> <span class='ocrx_word' id='word_1_573' title='bbox 3012 1438 3232 1494; x_wconf 89' lang='lat' dir='ltr'><strong>Joannis</strong></span> <span class='ocrx_word' id='word_1_574' title='bbox 3272 1441 3554 1512; x_wconf 73' lang='lat' dir='ltr'><strong>Baptistae,</strong></span> <span class='ocrx_word' id='word_1_575' title='bbox 3600 1448 3756 1515; x_wconf 89' lang='lat' dir='ltr'><strong>cujus</strong></span> 
     </span>
    </p>
   </div>
   <div class='ocr_carea' id='block_1_75' title="bbox 2166 1517 3754 1606">
    <p class='ocr_par' dir='ltr' id='par_1_75' title="bbox 2166 1517 3754 1606">
     <span class='ocr_line' id='line_1_75' title="bbox 2166 1517 3754 1606; baseline 0.015 -37"><span class='ocrx_word' id='word_1_576' title='bbox 2166 1517 2464 1574; x_wconf 82' lang='lat' dir='ltr'><strong>mirabilem</strong></span> <span class='ocrx_word' id='word_1_577' title='bbox 2504 1534 2823 1594; x_wconf 91' lang='lat' dir='ltr'><strong>conceptum</strong></span> <span class='ocrx_word' id='word_1_578' title='bbox 2869 1535 2924 1582; x_wconf 89' lang='lat' dir='ltr'><strong>et</strong></span> <span class='ocrx_word' id='word_1_579' title='bbox 2971 1540 3214 1597; x_wconf 90' lang='lat' dir='ltr'><strong>partum,</strong></span> <span class='ocrx_word' id='word_1_580' title='bbox 3257 1548 3378 1587; x_wconf 90' lang='lat' dir='ltr'><strong>cum</strong></span> <span class='ocrx_word' id='word_1_581' title='bbox 3408 1535 3754 1606; x_wconf 84' lang='lat' dir='ltr'><strong>Evangelium</strong></span> 
     </span>
    </p>
   </div>
   <div class='ocr_carea' id='block_1_76' title="bbox 2165 1609 3755 1695">
    <p class='ocr_par' dir='ltr' id='par_1_76' title="bbox 2165 1609 3755 1695">
     <span class='ocr_line' id='line_1_76' title="bbox 2165 1609 3755 1695; baseline 0.014 -32"><span class='ocrx_word' id='word_1_582' title='bbox 2165 1609 2470 1682; x_wconf 79' lang='lat' dir='ltr'><strong>legeretur,</strong></span> <span class='ocrx_word' id='word_1_583' title='bbox 2519 1616 2840 1674; x_wconf 88' lang='lat' dir='ltr'><strong>audivimus.</strong></span> <span class='ocrx_word' id='word_1_584' title='bbox 2895 1620 3141 1691; x_wconf 84' lang='lat' dir='ltr'><strong>Magnum</strong></span> <span class='ocrx_word' id='word_1_585' title='bbox 3173 1627 3518 1695; x_wconf 83' lang='lat' dir='ltr'><strong>mysterium,</strong></span> <span class='ocrx_word' id='word_1_586' title='bbox 3561 1628 3755 1686; x_wconf 87' lang='lat' dir='ltr'><strong>fratres</strong></span> 
     </span>
    </p>
   </div>
   <div class='ocr_carea' id='block_1_77' title="bbox 2165 1702 3755 1792">
    <p class='ocr_par' dir='ltr' id='par_1_77' title="bbox 2165 1702 3755 1792">
     <span class='ocr_line' id='line_1_77' title="bbox 2165 1702 3755 1792; baseline 0.015 -37"><span class='ocrx_word' id='word_1_587' title='bbox 2165 1702 2270 1757; x_wconf 90' lang='lat' dir='ltr'><strong>mei</strong></span> <span class='ocrx_word' id='word_1_588' title='bbox 2305 1721 2317 1755; x_wconf 89' lang='lat'><strong>:</strong></span> <span class='ocrx_word' id='word_1_589' title='bbox 2352 1715 2522 1761; x_wconf 89' lang='lat' dir='ltr'><strong>mater</strong></span> <span class='ocrx_word' id='word_1_590' title='bbox 2549 1708 2770 1766; x_wconf 89' lang='lat' dir='ltr'><strong>Joannis</strong></span> <span class='ocrx_word' id='word_1_591' title='bbox 2805 1721 2859 1766; x_wconf 89' lang='lat' dir='ltr'><strong>et</strong></span> <span class='ocrx_word' id='word_1_592' title='bbox 2907 1715 3104 1770; x_wconf 88' lang='lat' dir='ltr'><strong>sterilis</strong></span> <span class='ocrx_word' id='word_1_593' title='bbox 3137 1726 3255 1772; x_wconf 89' lang='lat' dir='ltr'><strong>erat</strong></span> <span class='ocrx_word' id='word_1_594' title='bbox 3291 1728 3345 1774; x_wconf 90' lang='lat' dir='ltr'><strong>et</strong></span> <span class='ocrx_word' id='word_1_595' title='bbox 3389 1735 3558 1786; x_wconf 88' lang='lat' dir='ltr'><strong>anus,</strong></span> <span class='ocrx_word' id='word_1_596' title='bbox 3602 1731 3755 1792; x_wconf 91' lang='lat' dir='ltr'><strong>pater</strong></span> 
     </span>
    </p>
   </div>
   <div class='ocr_carea' id='block_1_78' title="bbox 2165 1800 3754 1879">
    <p class='ocr_par' dir='ltr' id='par_1_78' title="bbox 2165 1800 3754 1879">
     <span class='ocr_line' id='line_1_78' title="bbox 2165 1800 3754 1879; baseline 0.016 -33"><span class='ocrx_word' id='word_1_597' title='bbox 2165 1807 2358 1860; x_wconf 86' lang='lat' dir='ltr'><strong>senex;</strong></span> <span class='ocrx_word' id='word_1_598' title='bbox 2393 1812 2612 1866; x_wconf 85' lang='lat' dir='ltr'><strong>prorsus</strong></span> <span class='ocrx_word' id='word_1_599' title='bbox 2651 1800 2705 1856; x_wconf 90' lang='lat' dir='ltr'><strong>in</strong></span> <span class='ocrx_word' id='word_1_600' title='bbox 2741 1810 2965 1872; x_wconf 88' lang='lat' dir='ltr'><strong>utroque</strong></span> <span class='ocrx_word' id='word_1_601' title='bbox 2989 1805 3274 1877; x_wconf 89' lang='lat' dir='ltr'><strong>desperata</strong></span> <span class='ocrx_word' id='word_1_602' title='bbox 3306 1813 3605 1879; x_wconf 86' lang='lat' dir='ltr'><strong>posteritas.</strong></span> <span class='ocrx_word' id='word_1_603' title='bbox 3647 1814 3754 1870; x_wconf 89' lang='lat' dir='ltr'><strong>Sed</strong></span> 
     </span>
    </p>
   </div>
   <div class='ocr_carea' id='block_1_79' title="bbox 2163 1887 3754 1969">
    <p class='ocr_par' dir='ltr' id='par_1_79' title="bbox 2163 1887 3754 1969">
     <span class='ocr_line' id='line_1_79' title="bbox 2163 1887 3754 1969; baseline 0.014 -29"><span class='ocrx_word' id='word_1_604' title='bbox 2163 1887 2286 1956; x_wconf 89' lang='lat' dir='ltr'><strong>quia</strong></span> <span class='ocrx_word' id='word_1_605' title='bbox 2319 1889 2428 1944; x_wconf 92' lang='lat' dir='ltr'><strong>Deo</strong></span> <span class='ocrx_word' id='word_1_606' title='bbox 2457 1891 2785 1962; x_wconf 82' lang='lat' dir='ltr'><strong>impossibile</strong></span> <span class='ocrx_word' id='word_1_607' title='bbox 2832 1896 2960 1950; x_wconf 90' lang='lat' dir='ltr'><strong>nihil</strong></span> <span class='ocrx_word' id='word_1_608' title='bbox 2989 1908 3100 1964; x_wconf 90' lang='lat' dir='ltr'><strong>est,</strong></span> <span class='ocrx_word' id='word_1_609' title='bbox 3153 1903 3449 1969; x_wconf 90' lang='lat' dir='ltr'><strong>promissus</strong></span> <span class='ocrx_word' id='word_1_610' title='bbox 3484 1914 3568 1959; x_wconf 91' lang='lat' dir='ltr'><strong>est</strong></span> <span class='ocrx_word' id='word_1_611' title='bbox 3610 1905 3754 1962; x_wconf 90' lang='lat' dir='ltr'><strong>ﬁlius</strong></span> 
     </span>
    </p>
   </div>
   <div class='ocr_carea' id='block_1_80' title="bbox 2165 1981 3753 2059">
    <p class='ocr_par' dir='ltr' id='par_1_80' title="bbox 2165 1981 3753 2059">
     <span class='ocr_line' id='line_1_80' title="bbox 2165 1981 3753 2059; baseline 0.013 -27"><span class='ocrx_word' id='word_1_612' title='bbox 2165 1994 2270 2033; x_wconf 89' lang='lat' dir='ltr'><strong>non</strong></span> <span class='ocrx_word' id='word_1_613' title='bbox 2299 1981 2561 2037; x_wconf 90' lang='lat' dir='ltr'><strong>credenti.</strong></span> <span class='ocrx_word' id='word_1_614' title='bbox 2615 1983 2731 2038; x_wconf 81' lang='lat' dir='ltr'><strong>Vox</strong></span> <span class='ocrx_word' id='word_1_615' title='bbox 2760 1985 2935 2042; x_wconf 88' lang='lat' dir='ltr'><strong>ablata</strong></span> <span class='ocrx_word' id='word_1_616' title='bbox 2962 1999 3045 2042; x_wconf 89' lang='lat' dir='ltr'><strong>est</strong></span> <span class='ocrx_word' id='word_1_617' title='bbox 3071 1991 3242 2059; x_wconf 89' lang='lat' dir='ltr'><strong>patri,</strong></span> <span class='ocrx_word' id='word_1_618' title='bbox 3271 1993 3356 2047; x_wconf 88' lang='lat' dir='ltr'><strong>cui</strong></span> <span class='ocrx_word' id='word_1_619' title='bbox 3383 1994 3550 2050; x_wconf 82' lang='lat' dir='ltr'><strong>defuit</strong></span> <span class='ocrx_word' id='word_1_620' title='bbox 3576 1996 3709 2052; x_wconf 88' lang='lat' dir='ltr'><strong>ﬁdes</strong></span> <span class='ocrx_word' id='word_1_621' title='bbox 3736 2015 3753 2052; x_wconf 88' lang='lat'><strong>:</strong></span> 
     </span>
    </p>
   </div>
   <div class='ocr_carea' id='block_1_81' title="bbox 2159 2069 3752 2158">
    <p class='ocr_par' dir='ltr' id='par_1_81' title="bbox 2159 2069 3752 2158">
     <span class='ocr_line' id='line_1_81' title="bbox 2159 2069 3752 2158; baseline 0.014 -36"><span class='ocrx_word' id='word_1_622' title='bbox 2159 2069 2268 2140; x_wconf 89' lang='lat' dir='ltr'><strong>jam</strong></span> <span class='ocrx_word' id='word_1_623' title='bbox 2297 2073 2437 2127; x_wconf 92' lang='lat' dir='ltr'><strong>enim</strong></span> <span class='ocrx_word' id='word_1_624' title='bbox 2468 2075 2639 2130; x_wconf 87' lang='lat' dir='ltr'><strong>fuerat</strong></span> <span class='ocrx_word' id='word_1_625' title='bbox 2664 2079 2920 2149; x_wconf 85' lang='lat' dir='ltr'><strong>scriptum</strong></span> <span class='ocrx_word' id='word_1_626' title='bbox 2947 2122 2962 2146; x_wconf 94' lang='lat'><strong>,</strong></span> <span class='ocrx_word' id='word_1_627' title='bbox 2997 2079 3236 2150; x_wconf 87' lang='lat' dir='ltr'><strong>Credidi,</strong></span> <span class='ocrx_word' id='word_1_628' title='bbox 3282 2097 3487 2156; x_wconf 88' lang='lat' dir='ltr'><strong>propter</strong></span> <span class='ocrx_word' id='word_1_629' title='bbox 3509 2091 3645 2158; x_wconf 81' lang='lat' dir='ltr'><strong>quod</strong></span> <span class='ocrx_word' id='word_1_630' title='bbox 3675 2091 3752 2144; x_wconf 83' lang='lat' dir='ltr'><strong>lo-</strong></span> 
     </span>
    </p>
   </div>
   <div class='ocr_carea' id='block_1_82' title="bbox 2163 2163 3752 2250">
    <p class='ocr_par' dir='ltr' id='par_1_82' title="bbox 2163 2163 3752 2250">
     <span class='ocr_line' id='line_1_82' title="bbox 2163 2163 3752 2250; baseline 0.015 -37"><span class='ocrx_word' id='word_1_631' title='bbox 2163 2169 2308 2215; x_wconf 87' lang='lat' dir='ltr'><strong>cutus</strong></span> <span class='ocrx_word' id='word_1_632' title='bbox 2333 2179 2446 2216; x_wconf 88' lang='lat' dir='ltr'><strong>sum</strong></span> <span class='ocrx_word' id='word_1_633' title='bbox 2476 2163 2647 2236; x_wconf 90' lang='lat' dir='ltr'><strong>(Psal.</strong></span> <span class='ocrx_word' id='word_1_634' title='bbox 2675 2183 2796 2236; x_wconf 87' lang='lat' dir='ltr'><strong>cxv,</strong></span> <span class='ocrx_word' id='word_1_635' title='bbox 2829 2169 2938 2241; x_wconf 79' lang='lat' dir='ltr'><strong>l0).</strong></span> <span class='ocrx_word' id='word_1_636' title='bbox 2964 2171 3080 2227; x_wconf 86' lang='lat' dir='ltr'><strong>Non</strong></span> <span class='ocrx_word' id='word_1_637' title='bbox 3113 2175 3354 2250; x_wconf 87' lang='lat' dir='ltr'><strong>credidit,</strong></span> <span class='ocrx_word' id='word_1_638' title='bbox 3385 2187 3437 2233; x_wconf 91' lang='lat' dir='ltr'><strong>et</strong></span> <span class='ocrx_word' id='word_1_639' title='bbox 3463 2194 3569 2234; x_wconf 91' lang='lat' dir='ltr'><strong>non</strong></span> <span class='ocrx_word' id='word_1_640' title='bbox 3598 2180 3752 2236; x_wconf 85' lang='lat' dir='ltr'><strong>locu-</strong></span> 
     </span>
    </p>
   </div>
   <div class='ocr_carea' id='block_1_83' title="bbox 2167 2254 3750 2335">
    <p class='ocr_par' dir='ltr' id='par_1_83' title="bbox 2167 2254 3750 2335">
     <span class='ocr_line' id='line_1_83' title="bbox 2167 2254 3750 2335; baseline 0.015 -31"><span class='ocrx_word' id='word_1_641' title='bbox 2167 2259 2249 2305; x_wconf 92' lang='lat' dir='ltr'><strong>tus</strong></span> <span class='ocrx_word' id='word_1_642' title='bbox 2276 2261 2377 2306; x_wconf 87' lang='lat' dir='ltr'><strong>est.</strong></span> <span class='ocrx_word' id='word_1_643' title='bbox 2411 2254 2620 2312; x_wconf 86' lang='lat' dir='ltr'><strong>Interea</strong></span> <span class='ocrx_word' id='word_1_644' title='bbox 2642 2259 2802 2314; x_wconf 88' lang='lat' dir='ltr'><strong>etiam</strong></span> <span class='ocrx_word' id='word_1_645' title='bbox 2823 2261 2974 2332; x_wconf 85' lang='lat' dir='ltr'><strong>virgo</strong></span> <span class='ocrx_word' id='word_1_646' title='bbox 2999 2267 3276 2335; x_wconf 88' lang='lat' dir='ltr'><strong>concepit,</strong></span> <span class='ocrx_word' id='word_1_647' title='bbox 3309 2277 3364 2323; x_wconf 89' lang='lat' dir='ltr'><strong>et</strong></span> <span class='ocrx_word' id='word_1_648' title='bbox 3391 2269 3492 2325; x_wconf 92' lang='lat' dir='ltr'><strong>hoc</strong></span> <span class='ocrx_word' id='word_1_649' title='bbox 3519 2272 3750 2328; x_wconf 88' lang='lat' dir='ltr'><strong>sublime</strong></span> 
     </span>
    </p>
   </div>
   <div class='ocr_carea' id='block_1_84' title="bbox 2165 2343 3756 2432">
    <p class='ocr_par' dir='ltr' id='par_1_84' title="bbox 2165 2343 3756 2432">
     <span class='ocr_line' id='line_1_84' title="bbox 2165 2343 3756 2432; baseline 0.017 -38"><span class='ocrx_word' id='word_1_650' title='bbox 2165 2343 2478 2400; x_wconf 91' lang='lat' dir='ltr'><strong>miraculum</strong></span> <span class='ocrx_word' id='word_1_651' title='bbox 2522 2347 2786 2421; x_wconf 85' lang='lat' dir='ltr'><strong>longeque</strong></span> <span class='ocrx_word' id='word_1_652' title='bbox 2832 2357 3194 2422; x_wconf 58' lang='lat' dir='ltr'><strong>praestantius.</strong></span> <span class='ocrx_word' id='word_1_653' title='bbox 3266 2360 3509 2432; x_wconf 89' lang='lat' dir='ltr'><strong>Concipit</strong></span> <span class='ocrx_word' id='word_1_654' title='bbox 3555 2365 3756 2420; x_wconf 88' lang='lat' dir='ltr'><strong>sterilis</strong></span> 
     </span>
    </p>
   </div>
   <div class='ocr_carea' id='block_1_85' title="bbox 2165 2439 3756 2511">
    <p class='ocr_par' dir='ltr' id='par_1_85' title="bbox 2165 2439 3756 2511">
     <span class='ocr_line' id='line_1_85' title="bbox 2165 2439 3756 2511; baseline 0.016 -26"><span class='ocrx_word' id='word_1_655' title='bbox 2165 2446 2503 2501; x_wconf 83' lang='lat' dir='ltr'><strong>praeconem,</strong></span> <span class='ocrx_word' id='word_1_656' title='bbox 2537 2439 2686 2510; x_wconf 84' lang='lat' dir='ltr'><strong>virgo</strong></span> <span class='ocrx_word' id='word_1_657' title='bbox 2727 2441 2982 2511; x_wconf 90' lang='lat' dir='ltr'><strong>judicem.</strong></span> <span class='ocrx_word' id='word_1_658' title='bbox 3034 2445 3271 2504; x_wconf 90' lang='lat' dir='ltr'><strong>Joannes</strong></span> <span class='ocrx_word' id='word_1_659' title='bbox 3309 2451 3377 2506; x_wconf 92' lang='lat' dir='ltr'><strong>de</strong></span> <span class='ocrx_word' id='word_1_660' title='bbox 3417 2455 3658 2510; x_wconf 90' lang='lat' dir='ltr'><strong>masculo</strong></span> <span class='ocrx_word' id='word_1_661' title='bbox 3698 2464 3756 2510; x_wconf 89' lang='lat' dir='ltr'><strong>et</strong></span> 
     </span>
    </p>
   </div>
   <div class='ocr_carea' id='block_1_86' title="bbox 2168 2524 3757 2613">
    <p class='ocr_par' dir='ltr' id='par_1_86' title="bbox 2168 2524 3757 2613">
     <span class='ocr_line' id='line_1_86' title="bbox 2168 2524 3757 2613; baseline 0.015 -36"><span class='ocrx_word' id='word_1_662' title='bbox 2168 2524 2399 2593; x_wconf 81' lang='lat' dir='ltr'><strong>femina,</strong></span> <span class='ocrx_word' id='word_1_663' title='bbox 2447 2527 2690 2587; x_wconf 90' lang='lat' dir='ltr'><strong>Christus</strong></span> <span class='ocrx_word' id='word_1_664' title='bbox 2719 2533 2786 2588; x_wconf 88' lang='lat' dir='ltr'><strong>de</strong></span> <span class='ocrx_word' id='word_1_665' title='bbox 2813 2536 2924 2590; x_wconf 91' lang='lat' dir='ltr'><strong>sola</strong></span> <span class='ocrx_word' id='word_1_666' title='bbox 2969 2536 3186 2594; x_wconf 90' lang='lat' dir='ltr'><strong>femina.</strong></span> <span class='ocrx_word' id='word_1_667' title='bbox 3234 2540 3632 2613; x_wconf 88' lang='lat' dir='ltr'><strong>Comparandus</strong></span> <span class='ocrx_word' id='word_1_668' title='bbox 3670 2556 3757 2601; x_wconf 91' lang='lat' dir='ltr'><strong>est</strong></span> 
     </span>
    </p>
   </div>
   <div class='ocr_carea' id='block_1_87' title="bbox 2168 2617 3754 2691">
    <p class='ocr_par' dir='ltr' id='par_1_87' title="bbox 2168 2617 3754 2691">
     <span class='ocr_line' id='line_1_87' title="bbox 2168 2617 3754 2691; baseline 0.014 -21"><span class='ocrx_word' id='word_1_669' title='bbox 2168 2617 2306 2672; x_wconf 88' lang='lat' dir='ltr'><strong>forte</strong></span> <span class='ocrx_word' id='word_1_670' title='bbox 2333 2618 2567 2676; x_wconf 91' lang='lat' dir='ltr'><strong>Joannes</strong></span> <span class='ocrx_word' id='word_1_671' title='bbox 2596 2621 2842 2680; x_wconf 89' lang='lat' dir='ltr'><strong>Christo?</strong></span> <span class='ocrx_word' id='word_1_672' title='bbox 2869 2627 3041 2683; x_wconf 86' lang='lat' dir='ltr'><strong>Absit.</strong></span> <span class='ocrx_word' id='word_1_673' title='bbox 3069 2629 3183 2684; x_wconf 89' lang='lat' dir='ltr'><strong>Non</strong></span> <span class='ocrx_word' id='word_1_674' title='bbox 3215 2639 3391 2689; x_wconf 84' lang='lat' dir='ltr'><strong>tamen</strong></span> <span class='ocrx_word' id='word_1_675' title='bbox 3420 2634 3611 2690; x_wconf 87' lang='lat' dir='ltr'><strong>frustra</strong></span> <span class='ocrx_word' id='word_1_676' title='bbox 3636 2646 3754 2691; x_wconf 87' lang='lat' dir='ltr'><strong>tan-</strong></span> 
     </span>
    </p>
   </div>
   <div class='ocr_carea' id='block_1_88' title="bbox 2173 2715 3751 2792">
    <p class='ocr_par' dir='ltr' id='par_1_88' title="bbox 2173 2715 3751 2792">
     <span class='ocr_line' id='line_1_88' title="bbox 2173 2715 3751 2792; baseline 0.014 -31"><span class='ocrx_word' id='word_1_677' title='bbox 2173 2717 2258 2762; x_wconf 88' lang='lat' dir='ltr'><strong>tus</strong></span> <span class='ocrx_word' id='word_1_678' title='bbox 2299 2719 2500 2764; x_wconf 89' lang='lat' dir='ltr'><strong>tantum</strong></span> <span class='ocrx_word' id='word_1_679' title='bbox 2532 2715 2827 2784; x_wconf 60' lang='lat' dir='ltr'><strong>praecessit.</strong></span> <span class='ocrx_word' id='word_1_680' title='bbox 2877 2718 2934 2774; x_wconf 90' lang='lat' dir='ltr'><strong>Si</strong></span> <span class='ocrx_word' id='word_1_681' title='bbox 2974 2720 3151 2787; x_wconf 90' lang='lat' dir='ltr'><strong>enim,</strong></span> <span class='ocrx_word' id='word_1_682' title='bbox 3191 2732 3510 2792; x_wconf 90' lang='lat' dir='ltr'><strong>potestatem</strong></span> <span class='ocrx_word' id='word_1_683' title='bbox 3536 2731 3751 2784; x_wconf 88' lang='lat' dir='ltr'><strong>conatui</strong></span> 
     </span>
    </p>
   </div>
   <div class='ocr_carea' id='block_1_89' title="bbox 2167 2801 3750 2881">
    <p class='ocr_par' dir='ltr' id='par_1_89' title="bbox 2167 2801 3750 2881">
     <span class='ocr_line' id='line_1_89' title="bbox 2167 2801 3750 2881; baseline 0.013 -28"><span class='ocrx_word' id='word_1_684' title='bbox 2167 2815 2289 2855; x_wconf 91' lang='lat' dir='ltr'><strong>meo</strong></span> <span class='ocrx_word' id='word_1_685' title='bbox 2323 2801 2437 2870; x_wconf 88' lang='lat' dir='ltr'><strong>ipso</strong></span> <span class='ocrx_word' id='word_1_686' title='bbox 2458 2802 2708 2873; x_wconf 83' lang='lat' dir='ltr'><strong>dignante</strong></span> <span class='ocrx_word' id='word_1_687' title='bbox 2733 2813 2892 2877; x_wconf 88' lang='lat' dir='ltr'><strong>atque</strong></span> <span class='ocrx_word' id='word_1_688' title='bbox 2907 2808 3138 2866; x_wconf 89' lang='lat' dir='ltr'><strong>donante</strong></span> <span class='ocrx_word' id='word_1_689' title='bbox 3164 2812 3390 2869; x_wconf 90' lang='lat' dir='ltr'><strong>Domino</strong></span> <span class='ocrx_word' id='word_1_690' title='bbox 3407 2813 3516 2869; x_wconf 90' lang='lat' dir='ltr'><strong>Deo</strong></span> <span class='ocrx_word' id='word_1_691' title='bbox 3539 2824 3750 2881; x_wconf 89' lang='lat' dir='ltr'><strong>nostro,</strong></span> 
     </span>
    </p>
   </div>
   <div class='ocr_carea' id='block_1_90' title="bbox 2166 2893 3750 2964">
    <p class='ocr_par' dir='ltr' id='par_1_90' title="bbox 2166 2893 3750 2964">
     <span class='ocr_line' id='line_1_90' title="bbox 2166 2893 3750 2964; baseline 0.014 -23"><span class='ocrx_word' id='word_1_692' title='bbox 2166 2899 2390 2958; x_wconf 89' lang='lat' dir='ltr'><strong>potuero</strong></span> <span class='ocrx_word' id='word_1_693' title='bbox 2416 2893 2684 2962; x_wconf 86' lang='lat' dir='ltr'><strong>explicare</strong></span> <span class='ocrx_word' id='word_1_694' title='bbox 2711 2896 2853 2964; x_wconf 91' lang='lat' dir='ltr'><strong>quod</strong></span> <span class='ocrx_word' id='word_1_695' title='bbox 2881 2899 3056 2953; x_wconf 89' lang='lat' dir='ltr'><strong>sentio</strong></span> <span class='ocrx_word' id='word_1_696' title='bbox 3073 2941 3087 2964; x_wconf 94' lang='lat'><strong>,</strong></span> <span class='ocrx_word' id='word_1_697' title='bbox 3116 2915 3219 2956; x_wconf 91' lang='lat' dir='ltr'><strong>nec</strong></span> <span class='ocrx_word' id='word_1_698' title='bbox 3245 2917 3364 2957; x_wconf 90' lang='lat' dir='ltr'><strong>mea</strong></span> <span class='ocrx_word' id='word_1_699' title='bbox 3390 2903 3562 2960; x_wconf 89' lang='lat' dir='ltr'><strong>vilitas</strong></span> <span class='ocrx_word' id='word_1_700' title='bbox 3590 2905 3750 2962; x_wconf 87' lang='lat' dir='ltr'><strong>dese-</strong></span> 
     </span>
    </p>
   </div>
   <div class='ocr_carea' id='block_1_91' title="bbox 2165 2988 3750 3056">
    <p class='ocr_par' dir='ltr' id='par_1_91' title="bbox 2165 2988 3750 3056">
     <span class='ocr_line' id='line_1_91' title="bbox 2165 2988 3750 3056; baseline 0.011 -20"><span class='ocrx_word' id='word_1_701' title='bbox 2165 2992 2316 3038; x_wconf 87' lang='lat' dir='ltr'><strong>retur</strong></span> <span class='ocrx_word' id='word_1_702' title='bbox 2339 3023 2354 3046; x_wconf 88' lang='lat'><strong>,</strong></span> <span class='ocrx_word' id='word_1_703' title='bbox 2405 3000 2505 3040; x_wconf 91' lang='lat' dir='ltr'><strong>nec</strong></span> <span class='ocrx_word' id='word_1_704' title='bbox 2531 2988 2862 3056; x_wconf 80' lang='lat' dir='ltr'><strong>exspectatio</strong></span> <span class='ocrx_word' id='word_1_705' title='bbox 2892 2999 3068 3045; x_wconf 89' lang='lat' dir='ltr'><strong>vestra</strong></span> <span class='ocrx_word' id='word_1_706' title='bbox 3099 2991 3446 3049; x_wconf 88' lang='lat' dir='ltr'><strong>fraudabitur.</strong></span> <span class='ocrx_word' id='word_1_707' title='bbox 3491 2995 3545 3051; x_wconf 91' lang='lat' dir='ltr'><strong>Si</strong></span> <span class='ocrx_word' id='word_1_708' title='bbox 3572 3007 3750 3053; x_wconf 84' lang='lat' dir='ltr'><strong>autem</strong></span> 
     </span>
    </p>
   </div>
   <div class='ocr_carea' id='block_1_92' title="bbox 2165 3075 3751 3156">
    <p class='ocr_par' dir='ltr' id='par_1_92' title="bbox 2165 3075 3751 3156">
     <span class='ocr_line' id='line_1_92' title="bbox 2165 3075 3751 3156; baseline 0.011 -29"><span class='ocrx_word' id='word_1_709' title='bbox 2165 3075 2339 3130; x_wconf 90' lang='lat' dir='ltr'><strong>minus</strong></span> <span class='ocrx_word' id='word_1_710' title='bbox 2367 3087 2588 3146; x_wconf 83' lang='lat' dir='ltr'><strong>powero</strong></span> <span class='ocrx_word' id='word_1_711' title='bbox 2606 3079 2874 3148; x_wconf 82' lang='lat' dir='ltr'><strong>explicare</strong></span> <span class='ocrx_word' id='word_1_712' title='bbox 2895 3082 3038 3152; x_wconf 91' lang='lat' dir='ltr'><strong>quod</strong></span> <span class='ocrx_word' id='word_1_713' title='bbox 3063 3085 3257 3153; x_wconf 90' lang='lat' dir='ltr'><strong>sentio,</strong></span> <span class='ocrx_word' id='word_1_714' title='bbox 3272 3086 3536 3156; x_wconf 90' lang='lat' dir='ltr'><strong>supplebit</strong></span> <span class='ocrx_word' id='word_1_715' title='bbox 3559 3089 3611 3143; x_wconf 93' lang='lat' dir='ltr'><strong>in</strong></span> <span class='ocrx_word' id='word_1_716' title='bbox 3629 3105 3751 3144; x_wconf 84' lang='lat' dir='ltr'><strong>cor-</strong></span> 
     </span>
    </p>
   </div>
   <div class='ocr_carea' id='block_1_93' title="bbox 2164 3164 3752 3248">
    <p class='ocr_par' dir='ltr' id='par_1_93' title="bbox 2164 3164 3752 3248">
     <span class='ocr_line' id='line_1_93' title="bbox 2164 3164 3752 3248; baseline 0.011 -29"><span class='ocrx_word' id='word_1_717' title='bbox 2164 3164 2318 3221; x_wconf 89' lang='lat' dir='ltr'><strong>dibus</strong></span> <span class='ocrx_word' id='word_1_718' title='bbox 2344 3165 2536 3223; x_wconf 85' lang='lat' dir='ltr'><strong>v&#39;estris</strong></span> <span class='ocrx_word' id='word_1_719' title='bbox 2568 3168 2828 3248; x_wconf 83' lang='lat' dir='ltr'><strong>Dominus</strong></span> <span class='ocrx_word' id='word_1_720' title='bbox 2859 3173 2998 3228; x_wconf 90' lang='lat' dir='ltr'><strong>Deus</strong></span> <span class='ocrx_word' id='word_1_721' title='bbox 3025 3184 3241 3242; x_wconf 89' lang='lat' dir='ltr'><strong>noster,</strong></span> <span class='ocrx_word' id='word_1_722' title='bbox 3274 3177 3414 3247; x_wconf 91' lang='lat' dir='ltr'><strong>quod</strong></span> <span class='ocrx_word' id='word_1_723' title='bbox 3451 3179 3578 3234; x_wconf 87' lang='lat' dir='ltr'><strong>mihi</strong></span> <span class='ocrx_word' id='word_1_724' title='bbox 3612 3180 3752 3238; x_wconf 78' lang='lat' dir='ltr'><strong>forte</strong></span> 
     </span>
    </p>
   </div>
   <div class='ocr_carea' id='block_1_94' title="bbox 2166 3255 3754 3340">
    <p class='ocr_par' dir='ltr' id='par_1_94' title="bbox 2166 3255 3754 3340">
     <span class='ocr_line' id='line_1_94' title="bbox 2166 3255 3754 3340; baseline 0.011 -32"><span class='ocrx_word' id='word_1_725' title='bbox 2166 3269 2262 3324; x_wconf 92' lang='lat' dir='ltr'><strong>pro</strong></span> <span class='ocrx_word' id='word_1_726' title='bbox 2308 3255 2616 3313; x_wconf 85' lang='lat' dir='ltr'><strong>inﬁrmitate</strong></span> <span class='ocrx_word' id='word_1_727' title='bbox 2667 3275 2789 3316; x_wconf 91' lang='lat' dir='ltr'><strong>mea</strong></span> <span class='ocrx_word' id='word_1_728' title='bbox 2837 3262 3186 3320; x_wconf 90' lang='lat' dir='ltr'><strong>subtraxerit.</strong></span> <span class='ocrx_word' id='word_1_729' title='bbox 3237 3266 3349 3322; x_wconf 81' lang='lat' dir='ltr'><strong>Hoc</strong></span> <span class='ocrx_word' id='word_1_730' title='bbox 3391 3267 3512 3324; x_wconf 92' lang='lat' dir='ltr'><strong>ideo</strong></span> <span class='ocrx_word' id='word_1_731' title='bbox 3560 3271 3754 3340; x_wconf 71' lang='lat' dir='ltr'><strong>prtelo-</strong></span> 
     </span>
    </p>
   </div>
   <div class='ocr_carea' id='block_1_95' title="bbox 2164 3353 3747 3435">
    <p class='ocr_par' dir='ltr' id='par_1_95' title="bbox 2164 3353 3747 3435">
     <span class='ocr_line' id='line_1_95' title="bbox 2164 3353 3747 3435; baseline 0.013 -35"><span class='ocrx_word' id='word_1_732' title='bbox 2164 3357 2317 3402; x_wconf 89' lang='lat' dir='ltr'><strong>cutus</strong></span> <span class='ocrx_word' id='word_1_733' title='bbox 2345 3364 2498 3418; x_wconf 92' lang='lat' dir='ltr'><strong>sum,</strong></span> <span class='ocrx_word' id='word_1_734' title='bbox 2547 3353 2796 3422; x_wconf 91' lang='lat' dir='ltr'><strong>quoniam</strong></span> <span class='ocrx_word' id='word_1_735' title='bbox 2844 3355 2976 3425; x_wconf 91' lang='lat' dir='ltr'><strong>quid</strong></span> <span class='ocrx_word' id='word_1_736' title='bbox 3022 3358 3183 3412; x_wconf 86' lang='lat' dir='ltr'><strong>velim</strong></span> <span class='ocrx_word' id='word_1_737' title='bbox 3221 3358 3433 3427; x_wconf 87' lang='lat' dir='ltr'><strong>dicere,</strong></span> <span class='ocrx_word' id='word_1_738' title='bbox 3482 3377 3581 3435; x_wconf 87' lang='lat' dir='ltr'><strong>ego</strong></span> <span class='ocrx_word' id='word_1_739' title='bbox 3613 3365 3747 3432; x_wconf 90' lang='lat' dir='ltr'><strong>scio,</strong></span> 
     </span>
    </p>
   </div>
   <div class='ocr_carea' id='block_1_96' title="bbox 2165 3441 3749 3528">
    <p class='ocr_par' dir='ltr' id='par_1_96' title="bbox 2165 3441 3749 3528">
     <span class='ocr_line' id='line_1_96' title="bbox 2165 3441 3749 3528; baseline 0.015 -38"><span class='ocrx_word' id='word_1_740' title='bbox 2165 3453 2259 3493; x_wconf 88' lang='lat' dir='ltr'><strong>vos</strong></span> <span class='ocrx_word' id='word_1_741' title='bbox 2289 3441 2506 3495; x_wconf 90' lang='lat' dir='ltr'><strong>nescitis</strong></span> <span class='ocrx_word' id='word_1_742' title='bbox 2530 3457 2544 3504; x_wconf 87' lang='lat'><strong>;</strong></span> <span class='ocrx_word' id='word_1_743' title='bbox 2588 3453 2644 3498; x_wconf 92' lang='lat' dir='ltr'><strong>et</strong></span> <span class='ocrx_word' id='word_1_744' title='bbox 2669 3459 2787 3514; x_wconf 66' lang='lat' dir='ltr'><strong>qua:</strong></span> <span class='ocrx_word' id='word_1_745' title='bbox 2813 3446 2882 3500; x_wconf 90' lang='lat' dir='ltr'><strong>sit</strong></span> <span class='ocrx_word' id='word_1_746' title='bbox 2910 3446 3196 3504; x_wconf 88' lang='lat' dir='ltr'><strong>difﬁcultas</strong></span> <span class='ocrx_word' id='word_1_747' title='bbox 3223 3451 3276 3506; x_wconf 90' lang='lat' dir='ltr'><strong>in</strong></span> <span class='ocrx_word' id='word_1_748' title='bbox 3303 3456 3620 3525; x_wconf 79' lang='lat' dir='ltr'><strong>exponendo</strong></span> <span class='ocrx_word' id='word_1_749' title='bbox 3647 3472 3749 3528; x_wconf 82' lang='lat' dir='ltr'><strong>ego</strong></span> 
     </span>
    </p>
   </div>
   <div class='ocr_carea' id='block_1_97' title="bbox 2157 3532 3748 3617">
    <p class='ocr_par' dir='ltr' id='par_1_97' title="bbox 2157 3532 3748 3617">
     <span class='ocr_line' id='line_1_97' title="bbox 2157 3532 3748 3617; baseline 0.013 -31"><span class='ocrx_word' id='word_1_750' title='bbox 2157 3532 2266 3601; x_wconf 88' lang='lat' dir='ltr'><strong>jam</strong></span> <span class='ocrx_word' id='word_1_751' title='bbox 2295 3536 2487 3590; x_wconf 88' lang='lat' dir='ltr'><strong>sentio.</strong></span> <span class='ocrx_word' id='word_1_752' title='bbox 2533 3536 3022 3596; x_wconf 90' lang='lat' dir='ltr'><strong>Commendandum</strong></span> <span class='ocrx_word' id='word_1_753' title='bbox 3053 3552 3232 3599; x_wconf 90' lang='lat' dir='ltr'><strong>autem</strong></span> <span class='ocrx_word' id='word_1_754' title='bbox 3257 3557 3374 3601; x_wconf 91' lang='lat' dir='ltr'><strong>erat</strong></span> <span class='ocrx_word' id='word_1_755' title='bbox 3397 3548 3545 3603; x_wconf 87' lang='lat' dir='ltr'><strong>vobis</strong></span> <span class='ocrx_word' id='word_1_756' title='bbox 3566 3591 3582 3617; x_wconf 95' lang='lat'><strong>,</strong></span> <span class='ocrx_word' id='word_1_757' title='bbox 3613 3551 3748 3607; x_wconf 89' lang='lat' dir='ltr'><strong>utin</strong></span> 
     </span>
    </p>
   </div>
   <div class='ocr_carea' id='block_1_98' title="bbox 2164 3627 3558 3708">
    <p class='ocr_par' dir='ltr' id='par_1_98' title="bbox 2164 3627 3558 3708">
     <span class='ocr_line' id='line_1_98' title="bbox 2164 3627 3558 3708; baseline 0.009 -26"><span class='ocrx_word' id='word_1_758' title='bbox 2164 3627 2276 3697; x_wconf 89' lang='lat' dir='ltr'><strong>ipsa</strong></span> <span class='ocrx_word' id='word_1_759' title='bbox 2304 3627 2599 3686; x_wconf 89' lang='lat' dir='ltr'><strong>intentione</strong></span> <span class='ocrx_word' id='word_1_760' title='bbox 2626 3641 2806 3687; x_wconf 88' lang='lat' dir='ltr'><strong>vestra</strong></span> <span class='ocrx_word' id='word_1_761' title='bbox 2833 3634 3048 3703; x_wconf 87' lang='lat' dir='ltr'><strong>possitis</strong></span> <span class='ocrx_word' id='word_1_762' title='bbox 3077 3651 3232 3692; x_wconf 90' lang='lat' dir='ltr'><strong>orare</strong></span> <span class='ocrx_word' id='word_1_763' title='bbox 3261 3654 3357 3708; x_wconf 93' lang='lat' dir='ltr'><strong>pro</strong></span> <span class='ocrx_word' id='word_1_764' title='bbox 3383 3640 3558 3697; x_wconf 88' lang='lat' dir='ltr'><strong>nobis.</strong></span> 
     </span>
    </p>
   </div>
   <div class='ocr_carea' id='block_1_99' title="bbox 2231 3719 3744 3796">
    <p class='ocr_par' dir='ltr' id='par_1_99' title="bbox 2231 3719 3744 3796">
     <span class='ocr_line' id='line_1_99' title="bbox 2231 3719 3744 3796; baseline 0.011 -22"><span class='ocrx_word' id='word_1_765' title='bbox 2231 3719 2285 3775; x_wconf 77' lang='grc'><strong>2.</strong></span> <span class='ocrx_word' id='word_1_766' title='bbox 2325 3720 2550 3777; x_wconf 87' lang='lat' dir='ltr'><strong>Joannes</strong></span> <span class='ocrx_word' id='word_1_767' title='bbox 2591 3724 2742 3779; x_wconf 87' lang='lat' dir='ltr'><strong>homo</strong></span> <span class='ocrx_word' id='word_1_768' title='bbox 2779 3735 3004 3796; x_wconf 88' lang='lat' dir='ltr'><strong>tantum,</strong></span> <span class='ocrx_word' id='word_1_769' title='bbox 3053 3727 3282 3785; x_wconf 86' lang='lat' dir='ltr'><strong>Christus</strong></span> <span class='ocrx_word' id='word_1_770' title='bbox 3320 3731 3459 3788; x_wconf 86' lang='lat' dir='ltr'><strong>Deus</strong></span> <span class='ocrx_word' id='word_1_771' title='bbox 3489 3745 3535 3789; x_wconf 87' lang='lat' dir='ltr'><strong>et</strong></span> <span class='ocrx_word' id='word_1_772' title='bbox 3575 3736 3744 3790; x_wconf 88' lang='lat' dir='ltr'><strong>homo.</strong></span> 
     </span>
    </p>
   </div>
   <div class='ocr_carea' id='block_1_100' title="bbox 2161 3808 3744 3885">
    <p class='ocr_par' dir='ltr' id='par_1_100' title="bbox 2161 3808 3744 3885">
     <span class='ocr_line' id='line_1_100' title="bbox 2161 3808 3744 3885; baseline 0.011 -22"><span class='ocrx_word' id='word_1_773' title='bbox 2161 3808 2440 3866; x_wconf 89' lang='lat' dir='ltr'><strong>llomincm</strong></span> <span class='ocrx_word' id='word_1_774' title='bbox 2469 3815 2714 3884; x_wconf 92' lang='lat' dir='ltr'><strong>concepit</strong></span> <span class='ocrx_word' id='word_1_775' title='bbox 2741 3816 3014 3872; x_wconf 88' lang='lat' dir='ltr'><strong>Elisabcth</strong></span> <span class='ocrx_word' id='word_1_776' title='bbox 3036 3859 3052 3885; x_wconf 95' lang='lat'><strong>,</strong></span> <span class='ocrx_word' id='word_1_777' title='bbox 3096 3819 3366 3878; x_wconf 90' lang='lat' dir='ltr'><strong>hominem</strong></span> <span class='ocrx_word' id='word_1_778' title='bbox 3396 3824 3557 3880; x_wconf 80' lang='lat' dir='ltr'><strong>Maria</strong></span> <span class='ocrx_word' id='word_1_779' title='bbox 3590 3844 3602 3879; x_wconf 92' lang='lat'><strong>:</strong></span> <span class='ocrx_word' id='word_1_780' title='bbox 3633 3827 3744 3881; x_wconf 83' lang='lat' dir='ltr'><strong>Eli-</strong></span> 
     </span>
    </p>
   </div>
   <div class='ocr_carea' id='block_1_101' title="bbox 2161 3901 3748 3975">
    <p class='ocr_par' dir='ltr' id='par_1_101' title="bbox 2161 3901 3748 3975">
     <span class='ocr_line' id='line_1_101' title="bbox 2161 3901 3748 3975; baseline 0.012 -21"><span class='ocrx_word' id='word_1_781' title='bbox 2161 3901 2348 3956; x_wconf 88' lang='lat' dir='ltr'><strong>sabeth</strong></span> <span class='ocrx_word' id='word_1_782' title='bbox 2378 3912 2550 3959; x_wconf 90' lang='lat' dir='ltr'><strong>mater</strong></span> <span class='ocrx_word' id='word_1_783' title='bbox 2575 3904 2831 3975; x_wconf 90' lang='lat' dir='ltr'><strong>Joannis,</strong></span> <span class='ocrx_word' id='word_1_784' title='bbox 2863 3907 3024 3963; x_wconf 83' lang='lat' dir='ltr'><strong>Maria</strong></span> <span class='ocrx_word' id='word_1_785' title='bbox 3052 3919 3226 3966; x_wconf 90' lang='lat' dir='ltr'><strong>mater</strong></span> <span class='ocrx_word' id='word_1_786' title='bbox 3251 3911 3444 3969; x_wconf 90' lang='lat' dir='ltr'><strong>Christi</strong></span> <span class='ocrx_word' id='word_1_787' title='bbox 3477 3933 3491 3969; x_wconf 90' lang='lat'>:</span> <span class='ocrx_word' id='word_1_788' title='bbox 3519 3917 3613 3972; x_wconf 87' lang='lat' dir='ltr'><strong>sed</strong></span> <span class='ocrx_word' id='word_1_789' title='bbox 3640 3919 3748 3973; x_wconf 83' lang='lat' dir='ltr'><strong>Eli-</strong></span> 
     </span>
    </p>
   </div>
   <div class='ocr_carea' id='block_1_102' title="bbox 2159 3992 3743 4068">
    <p class='ocr_par' dir='ltr' id='par_1_102' title="bbox 2159 3992 3743 4068">
     <span class='ocr_line' id='line_1_102' title="bbox 2159 3992 3743 4068; baseline 0.013 -23"><span class='ocrx_word' id='word_1_790' title='bbox 2159 3992 2346 4047; x_wconf 91' lang='lat' dir='ltr'><strong>sabeth</strong></span> <span class='ocrx_word' id='word_1_791' title='bbox 2387 3996 2560 4050; x_wconf 91' lang='lat' dir='ltr'><strong>solum</strong></span> <span class='ocrx_word' id='word_1_792' title='bbox 2601 3996 2909 4068; x_wconf 90' lang='lat' dir='ltr'><strong>hominem,</strong></span> <span class='ocrx_word' id='word_1_793' title='bbox 2961 4001 3124 4058; x_wconf 83' lang='lat' dir='ltr'><strong>Maria</strong></span> <span class='ocrx_word' id='word_1_794' title='bbox 3165 4002 3331 4059; x_wconf 90' lang='lat' dir='ltr'><strong>Deum</strong></span> <span class='ocrx_word' id='word_1_795' title='bbox 3360 4014 3414 4062; x_wconf 88' lang='lat' dir='ltr'><strong>et</strong></span> <span class='ocrx_word' id='word_1_796' title='bbox 3449 4006 3743 4066; x_wconf 88' lang='lat' dir='ltr'><strong>hominem.</strong></span> 
     </span>
    </p>
   </div>
   <div class='ocr_carea' id='block_1_103' title="bbox 2158 4082 3745 4168">
    <p class='ocr_par' dir='ltr' id='par_1_103' title="bbox 2158 4082 3745 4168">
     <span class='ocr_line' id='line_1_103' title="bbox 2158 4082 3745 4168; baseline 0.013 -32"><span class='ocrx_word' id='word_1_797' title='bbox 2158 4082 2287 4138; x_wconf 83' lang='lat' dir='ltr'><strong>Mira</strong></span> <span class='ocrx_word' id='word_1_798' title='bbox 2314 4099 2402 4140; x_wconf 90' lang='lat' dir='ltr'><strong>res</strong></span> <span class='ocrx_word' id='word_1_799' title='bbox 2427 4095 2544 4155; x_wconf 91' lang='lat' dir='ltr'><strong>est,</strong></span> <span class='ocrx_word' id='word_1_800' title='bbox 2593 4090 2862 4158; x_wconf 91' lang='lat' dir='ltr'><strong>quomodo</strong></span> <span class='ocrx_word' id='word_1_801' title='bbox 2907 4095 3140 4162; x_wconf 88' lang='lat' dir='ltr'><strong>potuerit</strong></span> <span class='ocrx_word' id='word_1_802' title='bbox 3175 4097 3456 4168; x_wconf 91' lang='lat' dir='ltr'><strong>concipere</strong></span> <span class='ocrx_word' id='word_1_803' title='bbox 3498 4109 3745 4157; x_wconf 88' lang='lat' dir='ltr'><strong>creatura</strong></span> 
     </span>
    </p>
   </div>
   <div class='ocr_carea' id='block_1_104' title="bbox 2157 4171 3742 4257">
    <p class='ocr_par' dir='ltr' id='par_1_104' title="bbox 2157 4171 3742 4257">
     <span class='ocr_line' id='line_1_104' title="bbox 2157 4171 3742 4257; baseline 0.013 -30"><span class='ocrx_word' id='word_1_804' title='bbox 2157 4171 2485 4231; x_wconf 88' lang='lat' dir='ltr'><strong>Creatorem.</strong></span> <span class='ocrx_word' id='word_1_805' title='bbox 2511 4177 2646 4244; x_wconf 89' lang='lat' dir='ltr'><strong>Quid</strong></span> <span class='ocrx_word' id='word_1_806' title='bbox 2671 4189 2749 4235; x_wconf 87' lang='lat' dir='ltr'><strong>est</strong></span> <span class='ocrx_word' id='word_1_807' title='bbox 2778 4196 2905 4254; x_wconf 87' lang='lat' dir='ltr'><strong>ergo</strong></span> <span class='ocrx_word' id='word_1_808' title='bbox 2929 4183 3324 4256; x_wconf 88' lang='lat' dir='ltr'><strong>intelligendum</strong></span> <span class='ocrx_word' id='word_1_809' title='bbox 3349 4229 3363 4253; x_wconf 91' lang='lat'><strong>,</strong></span> <span class='ocrx_word' id='word_1_810' title='bbox 3395 4189 3582 4246; x_wconf 88' lang='lat' dir='ltr'><strong>fratres</strong></span> <span class='ocrx_word' id='word_1_811' title='bbox 3610 4193 3742 4257; x_wconf 88' lang='lat' dir='ltr'><strong>mei,</strong></span> 
     </span>
    </p>
   </div>
   <div class='ocr_carea' id='block_1_105' title="bbox 2159 4263 3743 4352">
    <p class='ocr_par' dir='ltr' id='par_1_105' title="bbox 2159 4263 3743 4352">
     <span class='ocr_line' id='line_1_105' title="bbox 2159 4263 3743 4352; baseline 0.015 -36"><span class='ocrx_word' id='word_1_812' title='bbox 2159 4263 2260 4318; x_wconf 91' lang='lat' dir='ltr'><strong>nisi</strong></span> <span class='ocrx_word' id='word_1_813' title='bbox 2297 4265 2420 4335; x_wconf 88' lang='lat' dir='ltr'><strong>quia</strong></span> <span class='ocrx_word' id='word_1_814' title='bbox 2462 4266 2576 4336; x_wconf 90' lang='lat' dir='ltr'><strong>ipse</strong></span> <span class='ocrx_word' id='word_1_815' title='bbox 2619 4269 2720 4324; x_wconf 92' lang='lat' dir='ltr'><strong>sibi</strong></span> <span class='ocrx_word' id='word_1_816' title='bbox 2747 4270 2873 4327; x_wconf 88' lang='lat' dir='ltr'><strong>fecit</strong></span> <span class='ocrx_word' id='word_1_817' title='bbox 2911 4287 3126 4330; x_wconf 90' lang='lat' dir='ltr'><strong>carnem</strong></span> <span class='ocrx_word' id='word_1_818' title='bbox 3165 4276 3233 4332; x_wconf 91' lang='lat' dir='ltr'><strong>de</strong></span> <span class='ocrx_word' id='word_1_819' title='bbox 3261 4278 3371 4332; x_wconf 90' lang='lat' dir='ltr'><strong>sola</strong></span> <span class='ocrx_word' id='word_1_820' title='bbox 3397 4291 3564 4336; x_wconf 88' lang='lat' dir='ltr'><strong>matre</strong></span> <span class='ocrx_word' id='word_1_821' title='bbox 3589 4321 3604 4346; x_wconf 87' lang='lat'><em>.</em></span> <span class='ocrx_word' id='word_1_822' title='bbox 3651 4285 3743 4352; x_wconf 88' lang='lat' dir='ltr'><strong>qui</strong></span> 
     </span>
    </p>
   </div>
   <div class='ocr_carea' id='block_1_106' title="bbox 2160 4353 3744 4436">
    <p class='ocr_par' dir='ltr' id='par_1_106' title="bbox 2160 4353 3744 4436">
     <span class='ocr_line' id='line_1_106' title="bbox 2160 4353 3744 4436; baseline 0.013 -27"><span class='ocrx_word' id='word_1_823' title='bbox 2160 4353 2285 4410; x_wconf 90' lang='lat' dir='ltr'><strong>fecit</strong></span> <span class='ocrx_word' id='word_1_824' title='bbox 2311 4357 2538 4427; x_wconf 86' lang='lat' dir='ltr'><strong>primum</strong></span> <span class='ocrx_word' id='word_1_825' title='bbox 2565 4359 2837 4418; x_wconf 89' lang='lat' dir='ltr'><strong>hominem</strong></span> <span class='ocrx_word' id='word_1_826' title='bbox 2863 4363 2978 4420; x_wconf 90' lang='lat' dir='ltr'><strong>sine</strong></span> <span class='ocrx_word' id='word_1_827' title='bbox 3008 4374 3158 4436; x_wconf 91' lang='lat' dir='ltr'><strong>patre</strong></span> <span class='ocrx_word' id='word_1_828' title='bbox 3195 4376 3249 4424; x_wconf 90' lang='lat' dir='ltr'><strong>et</strong></span> <span class='ocrx_word' id='word_1_829' title='bbox 3272 4371 3486 4426; x_wconf 89' lang='lat' dir='ltr'><strong>matre?</strong></span> <span class='ocrx_word' id='word_1_830' title='bbox 3531 4372 3744 4430; x_wconf 88' lang='lat' dir='ltr'><strong>Primus</strong></span> 
     </span>
    </p>
   </div>
   <div class='ocr_carea' id='block_1_107' title="bbox 2159 4445 3746 4534">
    <p class='ocr_par' dir='ltr' id='par_1_107' title="bbox 2159 4445 3746 4534">
     <span class='ocr_line' id='line_1_107' title="bbox 2159 4445 3746 4534; baseline 0.015 -36"><span class='ocrx_word' id='word_1_831' title='bbox 2159 4445 2249 4500; x_wconf 90' lang='lat' dir='ltr'><strong>ille</strong></span> <span class='ocrx_word' id='word_1_832' title='bbox 2276 4457 2459 4503; x_wconf 91' lang='lat' dir='ltr'><strong>noster</strong></span> <span class='ocrx_word' id='word_1_833' title='bbox 2486 4464 2642 4506; x_wconf 89' lang='lat' dir='ltr'><strong>casus</strong></span> <span class='ocrx_word' id='word_1_834' title='bbox 2664 4452 2799 4522; x_wconf 91' lang='lat' dir='ltr'><strong>fuit,</strong></span> <span class='ocrx_word' id='word_1_835' title='bbox 2831 4456 3040 4526; x_wconf 89' lang='lat' dir='ltr'><strong>quando</strong></span> <span class='ocrx_word' id='word_1_836' title='bbox 3068 4457 3262 4514; x_wconf 90' lang='lat' dir='ltr'><strong>femina</strong></span> <span class='ocrx_word' id='word_1_837' title='bbox 3293 4476 3389 4530; x_wconf 92' lang='lat' dir='ltr'><strong>per</strong></span> <span class='ocrx_word' id='word_1_838' title='bbox 3414 4479 3573 4534; x_wconf 91' lang='lat' dir='ltr'><strong>quam</strong></span> <span class='ocrx_word' id='word_1_839' title='bbox 3603 4482 3746 4522; x_wconf 87' lang='lat' dir='ltr'><strong>mor-</strong></span> 
     </span>
    </p>
   </div>
   <div class='ocr_carea' id='block_1_108' title="bbox 2159 4538 3742 4624">
    <p class='ocr_par' dir='ltr' id='par_1_108' title="bbox 2159 4538 3742 4624">
     <span class='ocr_line' id='line_1_108' title="bbox 2159 4538 3742 4624; baseline 0.013 -30"><span class='ocrx_word' id='word_1_840' title='bbox 2159 4538 2234 4594; x_wconf 91' lang='lat' dir='ltr'><strong>tui</strong></span> <span class='ocrx_word' id='word_1_841' title='bbox 2266 4555 2482 4610; x_wconf 87' lang='lat' dir='ltr'><strong>sumus,</strong></span> <span class='ocrx_word' id='word_1_842' title='bbox 2513 4541 2574 4618; x_wconf 45' lang='lat' dir='ltr'><strong>in.</strong></span> <span class='ocrx_word' id='word_1_843' title='bbox 2607 4544 2769 4600; x_wconf 90' lang='lat' dir='ltr'><strong>corde</strong></span> <span class='ocrx_word' id='word_1_844' title='bbox 2796 4549 3040 4619; x_wconf 90' lang='lat' dir='ltr'><strong>concepit</strong></span> <span class='ocrx_word' id='word_1_845' title='bbox 3063 4565 3266 4606; x_wconf 89' lang='lat' dir='ltr'><strong>venena</strong></span> <span class='ocrx_word' id='word_1_846' title='bbox 3292 4557 3581 4624; x_wconf 89' lang='lat' dir='ltr'><strong>serpentis.</strong></span> <span class='ocrx_word' id='word_1_847' title='bbox 3611 4557 3742 4613; x_wconf 86' lang='lat' dir='ltr'><strong>Per-</strong></span> 
     </span>
    </p>
   </div>
   <div class='ocr_carea' id='block_1_109' title="bbox 2155 4631 3744 4709">
    <p class='ocr_par' dir='ltr' id='par_1_109' title="bbox 2155 4631 3744 4709">
     <span class='ocr_line' id='line_1_109' title="bbox 2155 4631 3744 4709; baseline 0.013 -24"><span class='ocrx_word' id='word_1_848' title='bbox 2155 4631 2324 4685; x_wconf 91' lang='lat' dir='ltr'><strong>suasit</strong></span> <span class='ocrx_word' id='word_1_849' title='bbox 2360 4633 2502 4687; x_wconf 91' lang='lat' dir='ltr'><strong>enim</strong></span> <span class='ocrx_word' id='word_1_850' title='bbox 2541 4649 2763 4705; x_wconf 89' lang='lat' dir='ltr'><strong>serpens</strong></span> <span class='ocrx_word' id='word_1_851' title='bbox 2796 4649 3092 4709; x_wconf 85' lang='lat' dir='ltr'><strong>peccatum,</strong></span> <span class='ocrx_word' id='word_1_852' title='bbox 3125 4651 3178 4698; x_wconf 88' lang='lat' dir='ltr'><strong>et</strong></span> <span class='ocrx_word' id='word_1_853' title='bbox 3205 4643 3472 4701; x_wconf 87' lang='lat' dir='ltr'><strong>admissus</strong></span> <span class='ocrx_word' id='word_1_854' title='bbox 3497 4657 3581 4704; x_wconf 88' lang='lat' dir='ltr'><strong>est</strong></span> <span class='ocrx_word' id='word_1_855' title='bbox 3607 4652 3744 4707; x_wconf 90' lang='lat' dir='ltr'><strong>male</strong></span> 
     </span>
    </p>
   </div>
   <div class='ocr_carea' id='block_1_110' title="bbox 2155 4721 3742 4802">
    <p class='ocr_par' dir='ltr' id='par_1_110' title="bbox 2155 4721 3742 4802">
     <span class='ocr_line' id='line_1_110' title="bbox 2155 4721 3742 4802; baseline 0.014 -29"><span class='ocrx_word' id='word_1_856' title='bbox 2155 4721 2404 4776; x_wconf 91' lang='lat' dir='ltr'><strong>suadens.</strong></span> <span class='ocrx_word' id='word_1_857' title='bbox 2456 4722 2513 4779; x_wconf 90' lang='lat' dir='ltr'><strong>Si</strong></span> <span class='ocrx_word' id='word_1_858' title='bbox 2561 4725 2764 4794; x_wconf 88' lang='lat' dir='ltr'><strong>primus</strong></span> <span class='ocrx_word' id='word_1_859' title='bbox 2802 4736 2986 4785; x_wconf 86' lang='lat' dir='ltr'><strong>noster</strong></span> <span class='ocrx_word' id='word_1_860' title='bbox 3021 4746 3181 4788; x_wconf 91' lang='lat' dir='ltr'><strong>casus</strong></span> <span class='ocrx_word' id='word_1_861' title='bbox 3219 4731 3351 4802; x_wconf 86' lang='lat' dir='ltr'><strong>fuit,</strong></span> <span class='ocrx_word' id='word_1_862' title='bbox 3397 4751 3517 4791; x_wconf 89' lang='lat' dir='ltr'><strong>cum</strong></span> <span class='ocrx_word' id='word_1_863' title='bbox 3546 4739 3742 4796; x_wconf 86' lang='lat' dir='ltr'><strong>femina</strong></span> 
     </span>
    </p>
   </div>
   <div class='ocr_carea' id='block_1_111' title="bbox 2153 4815 3740 4894">
    <p class='ocr_par' dir='ltr' id='par_1_111' title="bbox 2153 4815 3740 4894">
     <span class='ocr_line' id='line_1_111' title="bbox 2153 4815 3740 4894; baseline 0.013 -26"><span class='ocrx_word' id='word_1_864' title='bbox 2153 4820 2400 4884; x_wconf 87' lang='lat' dir='ltr'><strong>concepit</strong></span> <span class='ocrx_word' id='word_1_865' title='bbox 2441 4815 2606 4874; x_wconf 90' lang='lat' dir='ltr'><strong>corde</strong></span> <span class='ocrx_word' id='word_1_866' title='bbox 2650 4835 2855 4876; x_wconf 89' lang='lat' dir='ltr'><strong>venena</strong></span> <span class='ocrx_word' id='word_1_867' title='bbox 2919 4825 3216 4894; x_wconf 89' lang='lat' dir='ltr'><strong>serpentis;</strong></span> <span class='ocrx_word' id='word_1_868' title='bbox 3276 4843 3380 4884; x_wconf 90' lang='lat' dir='ltr'><strong>non</strong></span> <span class='ocrx_word' id='word_1_869' title='bbox 3433 4832 3740 4889; x_wconf 90' lang='lat' dir='ltr'><strong>mirandum</strong></span> 
     </span>
    </p>
   </div>
   <div class='ocr_carea' id='block_1_112' title="bbox 2153 4905 3745 4995">
    <p class='ocr_par' dir='ltr' id='par_1_112' title="bbox 2153 4905 3745 4995">
     <span class='ocr_line' id='line_1_112' title="bbox 2153 4905 3745 4995; baseline 0.014 -36"><span class='ocrx_word' id='word_1_870' title='bbox 2153 4905 2294 4976; x_wconf 92' lang='lat' dir='ltr'><strong>quod</strong></span> <span class='ocrx_word' id='word_1_871' title='bbox 2326 4909 2472 4964; x_wconf 80' lang='lat' dir='ltr'><strong>salus</strong></span> <span class='ocrx_word' id='word_1_872' title='bbox 2515 4919 2696 4966; x_wconf 89' lang='lat' dir='ltr'><strong>nostra</strong></span> <span class='ocrx_word' id='word_1_873' title='bbox 2739 4913 2872 4968; x_wconf 91' lang='lat' dir='ltr'><strong>facta</strong></span> <span class='ocrx_word' id='word_1_874' title='bbox 2925 4923 3045 4984; x_wconf 89' lang='lat' dir='ltr'><strong>est,</strong></span> <span class='ocrx_word' id='word_1_875' title='bbox 3087 4932 3210 4974; x_wconf 90' lang='lat' dir='ltr'><strong>cum</strong></span> <span class='ocrx_word' id='word_1_876' title='bbox 3256 4919 3450 4976; x_wconf 89' lang='lat' dir='ltr'><strong>femina</strong></span> <span class='ocrx_word' id='word_1_877' title='bbox 3495 4927 3745 4995; x_wconf 88' lang='lat' dir='ltr'><strong>concepit</strong></span> 
     </span>
    </p>
   </div>
   <div class='ocr_carea' id='block_1_113' title="bbox 2153 4995 3743 5083">
    <p class='ocr_par' dir='ltr' id='par_1_113' title="bbox 2153 4995 3743 5083">
     <span class='ocr_line' id='line_1_113' title="bbox 2153 4995 3743 5083; baseline 0.014 -34"><span class='ocrx_word' id='word_1_878' title='bbox 2153 4995 2207 5050; x_wconf 92' lang='lat' dir='ltr'><strong>in</strong></span> <span class='ocrx_word' id='word_1_879' title='bbox 2253 5005 2404 5053; x_wconf 92' lang='lat' dir='ltr'><strong>utero</strong></span> <span class='ocrx_word' id='word_1_880' title='bbox 2451 5015 2667 5056; x_wconf 91' lang='lat' dir='ltr'><strong>carnem</strong></span> <span class='ocrx_word' id='word_1_881' title='bbox 2717 5002 3130 5074; x_wconf 88' lang='lat' dir='ltr'><strong>Omnipotcntis.</strong></span> <span class='ocrx_word' id='word_1_882' title='bbox 3187 5010 3422 5083; x_wconf 87' lang='lat' dir='ltr'><strong>Uterque</strong></span> <span class='ocrx_word' id='word_1_883' title='bbox 3470 5016 3743 5071; x_wconf 90' lang='lat' dir='ltr'><strong>ceciderat</strong></span> 
     </span>
    </p>
   </div>
   <div class='ocr_carea' id='block_1_114' title="bbox 2152 5092 3738 5167">
    <p class='ocr_par' dir='ltr' id='par_1_114' title="bbox 2152 5092 3738 5167">
     <span class='ocr_line' id='line_1_114' title="bbox 2152 5092 3738 5167; baseline 0.013 -27"><span class='ocrx_word' id='word_1_884' title='bbox 2152 5101 2311 5142; x_wconf 84' lang='lat' dir='ltr'><strong>sexus</strong></span> <span class='ocrx_word' id='word_1_885' title='bbox 2331 5129 2346 5155; x_wconf 93' lang='lat'><strong>,</strong></span> <span class='ocrx_word' id='word_1_886' title='bbox 2384 5098 2611 5161; x_wconf 86' lang='lat' dir='ltr'><strong>uterque</strong></span> <span class='ocrx_word' id='word_1_887' title='bbox 2643 5092 2814 5148; x_wconf 89' lang='lat' dir='ltr'><strong>fuerat</strong></span> <span class='ocrx_word' id='word_1_888' title='bbox 2843 5098 3192 5167; x_wconf 89' lang='lat' dir='ltr'><strong>rcparandus.</strong></span> <span class='ocrx_word' id='word_1_889' title='bbox 3245 5101 3346 5156; x_wconf 84' lang='lat' dir='ltr'><strong>Per</strong></span> <span class='ocrx_word' id='word_1_890' title='bbox 3375 5106 3654 5160; x_wconf 87' lang='lat' dir='ltr'><strong>mulierem</strong></span> <span class='ocrx_word' id='word_1_891' title='bbox 3687 5107 3738 5161; x_wconf 90' lang='lat' dir='ltr'><strong>in</strong></span> 
     </span>
    </p>
   </div>
   <div class='ocr_carea' id='block_1_115' title="bbox 2151 5175 3737 5257">
    <p class='ocr_par' dir='ltr' id='par_1_115' title="bbox 2151 5175 3737 5257">
     <span class='ocr_line' id='line_1_115' title="bbox 2151 5175 3737 5257; baseline 0.013 -27"><span class='ocrx_word' id='word_1_892' title='bbox 2151 5175 2423 5233; x_wconf 89' lang='lat' dir='ltr'><strong>interitum</strong></span> <span class='ocrx_word' id='word_1_893' title='bbox 2446 5182 2593 5237; x_wconf 92' lang='lat' dir='ltr'><strong>missi</strong></span> <span class='ocrx_word' id='word_1_894' title='bbox 2623 5197 2864 5254; x_wconf 89' lang='lat' dir='ltr'><strong>eramus,</strong></span> <span class='ocrx_word' id='word_1_895' title='bbox 2915 5201 3012 5257; x_wconf 90' lang='lat' dir='ltr'><strong>per</strong></span> <span class='ocrx_word' id='word_1_896' title='bbox 3048 5191 3324 5247; x_wconf 88' lang='lat' dir='ltr'><strong>mulierem</strong></span> <span class='ocrx_word' id='word_1_897' title='bbox 3352 5195 3504 5250; x_wconf 86' lang='lat' dir='ltr'><strong>nobis</strong></span> <span class='ocrx_word' id='word_1_898' title='bbox 3530 5197 3737 5252; x_wconf 87' lang='lat' dir='ltr'><strong>reddita</strong></span> 
     </span>
    </p>
   </div>
   <div class='ocr_carea' id='block_1_116' title="bbox 2149 5271 2422 5326">
    <p class='ocr_par' dir='ltr' id='par_1_116' title="bbox 2149 5271 2422 5326">
     <span class='ocr_line' id='line_1_116' title="bbox 2149 5271 2422 5326; baseline 0.011 -3"><span class='ocrx_word' id='word_1_899' title='bbox 2149 5277 2232 5324; x_wconf 86' lang='lat' dir='ltr'><strong>est</strong></span> <span class='ocrx_word' id='word_1_900' title='bbox 2259 5271 2422 5326; x_wconf 90' lang='lat' dir='ltr'><strong>salus.</strong></span> 
     </span>
    </p>
   </div>
   <div class='ocr_carea' id='block_1_117' title="bbox 2220 5362 3737 5450">
    <p class='ocr_par' dir='ltr' id='par_1_117' title="bbox 2220 5362 3737 5450">
     <span class='ocr_line' id='line_1_117' title="bbox 2220 5362 3737 5450; baseline 0.012 -33"><span class='ocrx_word' id='word_1_901' title='bbox 2220 5363 2271 5417; x_wconf 82' lang='grc'><strong>5.</strong></span> <span class='ocrx_word' id='word_1_902' title='bbox 2301 5362 2526 5420; x_wconf 82' lang='lat' dir='ltr'><strong>Joannes</strong></span> <span class='ocrx_word' id='word_1_903' title='bbox 2567 5376 2667 5420; x_wconf 88' lang='lat' dir='ltr'><strong>tam</strong></span> <span class='ocrx_word' id='word_1_904' title='bbox 2695 5371 2940 5425; x_wconf 76' lang='lat' dir='ltr'><strong>excellens</strong></span> <span class='ocrx_word' id='word_1_905' title='bbox 2967 5374 3117 5429; x_wconf 85' lang='lat' dir='ltr'><strong>homo</strong></span> <span class='ocrx_word' id='word_1_906' title='bbox 3137 5417 3151 5441; x_wconf 96' lang='lat'><strong>,</strong></span> <span class='ocrx_word' id='word_1_907' title='bbox 3182 5387 3237 5432; x_wconf 88' lang='lat' dir='ltr'><strong>ut</strong></span> <span class='ocrx_word' id='word_1_908' title='bbox 3265 5376 3492 5435; x_wconf 87' lang='lat' dir='ltr'><strong>Christus</strong></span> <span class='ocrx_word' id='word_1_909' title='bbox 3532 5393 3737 5450; x_wconf 77' lang='lat' dir='ltr'><strong>putare-</strong></span> 
     </span>
    </p>
   </div>
   <div class='ocr_carea' id='block_1_118' title="bbox 2148 5456 3734 5543">
    <p class='ocr_par' dir='ltr' id='par_1_118' title="bbox 2148 5456 3734 5543">
     <span class='ocr_line' id='line_1_118' title="bbox 2148 5456 3734 5543; baseline 0.016 -34"><span class='ocrx_word' id='word_1_910' title='bbox 2148 5463 2247 5510; x_wconf 85' lang='lat' dir='ltr'><strong>tur.</strong></span> <span class='ocrx_word' id='word_1_911' title='bbox 2275 5456 2493 5513; x_wconf 84' lang='lat' dir='ltr'><strong>Joannis</strong></span> <span class='ocrx_word' id='word_1_912' title='bbox 2520 5460 2582 5514; x_wconf 92' lang='lat' dir='ltr'><strong>de</strong></span> <span class='ocrx_word' id='word_1_913' title='bbox 2608 5478 2663 5516; x_wconf 86' lang='lat' dir='ltr'><strong>se</strong></span> <span class='ocrx_word' id='word_1_914' title='bbox 2689 5463 2798 5534; x_wconf 87' lang='lat' dir='ltr'><strong>ipso</strong></span> <span class='ocrx_word' id='word_1_915' title='bbox 2819 5481 2880 5518; x_wconf 87' lang='lat' dir='ltr'><strong>ac</strong></span> <span class='ocrx_word' id='word_1_916' title='bbox 2896 5467 2960 5521; x_wconf 81' lang='lat' dir='ltr'><strong>de</strong></span> <span class='ocrx_word' id='word_1_917' title='bbox 2983 5466 3180 5524; x_wconf 84' lang='lat' dir='ltr'><strong>Christo</strong></span> <span class='ocrx_word' id='word_1_918' title='bbox 3205 5473 3560 5532; x_wconf 66' lang='lat' dir='ltr'><strong>testinmniur...</strong></span> <span class='ocrx_word' id='word_1_919' title='bbox 3594 5477 3734 5543; x_wconf 82' lang='lat' dir='ltr'><strong>Quid</strong></span> 
     </span>
    </p>
   </div>
   <div class='ocr_carea' id='block_1_119' title="bbox 2208 5588 3234 5669">
    <p class='ocr_par' dir='ltr' id='par_1_119' title="bbox 2208 5588 3234 5669">
     <span class='ocr_line' id='line_1_119' title="bbox 2208 5588 3234 5669; baseline 0.019 -32"><span class='ocrx_word' id='word_1_920' title='bbox 2208 5588 2502 5669; x_wconf 57' lang='lat' dir='ltr'><strong>:corrcctus</strong></span> <span class='ocrx_word' id='word_1_921' title='bbox 2523 5592 2648 5669; x_wconf 75' lang='lat' dir='ltr'><strong>add.</strong></span> <span class='ocrx_word' id='word_1_922' title='bbox 2675 5593 2737 5669; x_wconf 81' lang='lat' dir='ltr'><strong>cl.</strong></span> <span class='ocrx_word' id='word_1_923' title='bbox 2761 5609 2850 5646; x_wconf 89' lang='lat' dir='ltr'><strong>rm.</strong></span> <span class='ocrx_word' id='word_1_924' title='bbox 2879 5605 2912 5648; x_wconf 94' lang='lat' dir='ltr'><strong>t.</strong></span> <span class='ocrx_word' id='word_1_925' title='bbox 2941 5607 2992 5651; x_wconf 90' lang='lat' dir='ltr'><strong>et</strong></span> <span class='ocrx_word' id='word_1_926' title='bbox 3024 5603 3082 5653; x_wconf 87' lang='lat' dir='ltr'><strong>ad</strong></span> <span class='ocrx_word' id='word_1_927' title='bbox 3105 5606 3234 5669; x_wconf 84' lang='lat' dir='ltr'><strong>\igu.</strong></span> 
     </span>
    </p>
   </div>
   <div class='ocr_carea' id='block_1_120' title="bbox 2208 5650 2771 5713">
    <p class='ocr_par' dir='ltr' id='par_1_120' title="bbox 2208 5650 2771 5713">
     <span class='ocr_line' id='line_1_120' title="bbox 2208 5650 2771 5713; baseline 0.012 -14"><span class='ocrx_word' id='word_1_928' title='bbox 2208 5650 2280 5713; x_wconf 74' lang='grc' dir='ltr'><strong>(α)</strong></span> <span class='ocrx_word' id='word_1_929' title='bbox 2313 5659 2468 5713; x_wconf 78' lang='lat' dir='ltr'><strong>Forte,</strong></span> <span class='ocrx_word' id='word_1_930' title='bbox 2490 5655 2771 5706; x_wconf 71' lang='lat' dir='ltr'><strong>exstinctus.</strong></span> 
     </span>
    </p>
   </div>
   <div class='ocr_carea' id='block_1_121' title="bbox 2207 5711 3008 5780">
    <p class='ocr_par' dir='ltr' id='par_1_121' title="bbox 2207 5711 3008 5780">
     <span class='ocr_line' id='line_1_121' title="bbox 2207 5711 3008 5780; baseline 0.022 -21"><span class='ocrx_word' id='word_1_931' title='bbox 2207 5711 2280 5770; x_wconf 73' lang='grc' dir='ltr'><em>(ιτ)</em></span> <span class='ocrx_word' id='word_1_932' title='bbox 2311 5711 2506 5772; x_wconf 50' lang='grc' dir='ltr'><em>,ιιιειδζδ</em></span> <span class='ocrx_word' id='word_1_933' title='bbox 2532 5718 2659 5768; x_wconf 87' lang='lat' dir='ltr'><strong>inter</strong></span> <span class='ocrx_word' id='word_1_934' title='bbox 2685 5720 3008 5780; x_wconf 70' lang='lat' dir='ltr'><strong>\ignerianos.</strong></span> 
     </span>
    </p>
   </div>
  </div>
