4036 6440
544 278 672 337 ιδη

539 410 846 466 cuii-suram,
882 406 939 454 ut
982 416 1191 472 quaeras
1226 403 1495 474 judicem;
1531 406 1611 464 sic
1645 408 1769 464 audi
1807 425 2125 481 praeconem,

541 496 601 541 ut
626 490 812 546 timeas
832 493 1088 562 judicem.
1119 496 1310 552 Missus
1335 507 1436 564 est,
1467 501 1710 569 praedixit
1735 511 2034 559 venturum.
2060 505 2127 560 Et

537 582 692 649 quale
707 583 1064 641 testimonium
1081 587 1312 646 Joannes
1333 591 1573 662 perhibet
1593 592 1844 650 Christo?
1858 596 2025 665 Quale
2039 613 2127 653 au-

535 671 590 726 di
617 690 628 726 :
655 672 813 747 Cujus
837 694 937 733 non
951 697 1062 735 sum
1088 681 1271 753 dignus
1296 685 1562 757 corrigiam
1588 689 1911 744 calceantenti
1934 692 2125 747 solvere

536 763 556 829 (
580 762 717 818 Joan
745 782 793 834 ι,
816 768 886 823 27
908 768 948 840 ).
976 771 1308 841 intellexisti,
1332 775 1511 842 homo,
1536 779 1660 849 quid
1681 783 1905 849 ageres?
1946 782 2125 841 Omnis

533 856 624 923 qui
661 873 715 911 se
750 859 1001 928 humiliat,
1045 866 1348 921 exaltabitur
1383 868 1533 940 (Luc.
1568 889 1677 940 xlv,
1713 873 1822 947 il).
1861 876 1995 944 Quid
2024 878 2121 949 igi-

535 956 621 1002 tur
634 948 703 1005 de
712 950 963 1009 Christo?
986 954 1097 1011 Nos
1116 974 1286 1012 omnes
1303 961 1365 1014 de
1381 962 1689 1031 plenitudine
1706 968 1816 1038 ejus
1835 970 2120 1040 accepimus

533 1040 713 1109 (Joan.
738 1060 776 1111 ι,
806 1046 918 1117 i6).
950 1047 1084 1116 Quid
1109 1058 1212 1112 est,
1245 1050 1358 1107 Nos
1378 1058 1588 1111 omnes?
1613 1058 1753 1129 Ergo
1771 1060 2113 1131 Patriarchte,

531 1138 587 1185 et
608 1131 890 1204 PrOphetae
913 1140 1218 1209 ctApostoli
1242 1145 1430 1209 sancti,
1454 1147 1534 1201 vel
1556 1157 1679 1204 ante
1700 1150 2119 1208 incarnationem

532 1224 814 1292 prtemissi,
847 1227 931 1281 vel
956 1227 1024 1282 ab
1053 1229 1330 1287 incarnato
1355 1234 1524 1303 missi,
1553 1254 1724 1294 omnes
1756 1257 1847 1296 nos
1871 1243 1934 1297 de
1955 1243 2118 1314 pleni-

529 1311 703 1366 tudine
736 1315 847 1383 ejus
875 1319 1175 1388 accepimus.
1217 1321 1325 1377 Nos
1350 1339 1477 1381 vasa
1507 1342 1718 1395 sumus,
1752 1330 1842 1387 ille
1868 1333 1993 1388 lons'
2010 1345 2112 1389 est.

529 1403 673 1475 Ergo
695 1413 739 1461 sl
766 1408 1124 1470 intelleximus
1151 1420 1481 1488 mysterium,
1516 1424 1704 1479 fratres
1728 1425 1853 1492 mei,
1882 1425 2115 1483 Joannes

527 1495 690 1553 homo
732 1509 841 1568 est,
878 1502 1123 1562 Cbrisms
1160 1508 1300 1566 Deus
1338 1522 1457 1568 est:
1488 1512 1795 1572 humilietur
1836 1518 2028 1586 homo,
2060 1528 2116 1577 et

526 1588 790 1646 exaltetur
818 1594 976 1651 Deus.
1011 1598 1082 1654 Ut
1110 1599 1414 1660 humilietur
1441 1606 1623 1675 homo,
1653 1626 1718 1666 eo
1742 1611 1828 1666 die
1853 1622 2007 1669 natus
2032 1625 2114 1672 est

525 1677 757 1737 Joannes
776 1724 791 1748 ,
821 1699 927 1754 quo
965 1686 1081 1744 dies
1110 1690 1366 1763 incipiunt
1395 1697 1726 1757 decrescere.
1758 1702 1827 1759 Ut
1850 1705 2118 1775 exaltetur

525 1768 700 1838 Deus,
730 1788 796 1829 eo
822 1775 910 1831 die
938 1788 1093 1836 natus
1120 1792 1204 1838 est
1227 1784 1506 1856 Christus,
1552 1807 1658 1862 quo
1700 1792 1813 1850 dies
1857 1771 2114 1868 incipiunt

523 1874 787 1919 crescere.
841 1866 1087 1940 Magnum
1134 1889 1548 1936 sacramentum.
1607 1883 1731 1939 ideo
1776 1888 2111 1946 celebramus

522 1949 766 2010 Natalem
785 1956 1025 2027 Joannis,
1049 1963 1190 2021 sicut
1207 1966 1428 2037 Christi,
1455 1974 1702 2043 quoniam
1730 1977 1841 2047 ipsa
1863 1982 2111 2039 nativitas

521 2040 678 2108 plena
705 2053 789 2101 est
810 2052 1087 2120 mysterio.
1111 2055 1227 2123 Quo
1248 2040 1540 2131 mysterio?
1564 2040 1869 2126 Altitudinis
1891 2082 2105 2129 llOSll’tB.

522 2129 578 2187 In
620 2134 836 2195 homine
872 2142 1202 2216 minuamur,
1244 2150 1299 2205 in
1339 2153 1451 2209 Deo
1488 2170 1810 2215 crescamus.
1856 2162 1914 2218 ln
1956 2166 2108 2223 nobis

522 2222 895 2295 humillemur,
926 2242 983 2289 ut
1012 2235 1064 2291 in
1092 2237 1185 2292 illo
1208 2243 1522 2305 exaltemur.
1554 2247 1832 2319 impletum
1870 2263 1952 2311 est
1989 2272 2111 2328 pas-

519 2313 757 2372 sionlbus
793 2321 1072 2381 amborum
1106 2328 1264 2399 hujus
1295 2340 1452 2389 tanta:
1479 2337 1554 2392 rei
1585 2313 2004 2401 sacramentum:
2039 2348 2109 2404 Ut

517 2404 848 2466 minueretur
873 2413 1055 2485 homo,
1080 2431 1237 2490 caput
1265 2425 1497 2493 perdidit
1519 2428 1751 2489 Joannes
1779 2451 1794 2488 :
1822 2444 1880 2491 ut
1903 2441 2106 2497 exalta-

518 2506 668 2554 retur
686 2500 850 2569 Deus,
876 2505 1120 2567 Christus
1143 2512 1287 2585 ligno
1313 2532 1604 2589 suspensus
1628 2534 1728 2581 est.
1755 2526 1837 2583 Ad
1859 2528 1959 2587 hoc
1979 2534 2107 2589 mis-

519 2603 610 2645 sus
635 2601 718 2648 est
741 2594 994 2665 Joannes,
1027 2612 1085 2657 ut
1109 2619 1234 2663 eum
1259 2608 1545 2680 imitemur,
1575 2624 1629 2670 et
1653 2617 1719 2672 ad
1747 2618 1982 2678 Verbum
2007 2641 2104 2681 nos

518 2688 815 2742 teneamus.
847 2688 1342 2769 Quantumcumque
1377 2716 1436 2758 se
1469 2704 1634 2773 jactct
1663 2707 1891 2768 humana
1917 2718 2104 2786 super-

516 2771 634 2841 hia,
661 2774 730 2832 de
758 2784 945 2847 quavis
972 2787 1288 2847 excellentia
1318 2771 1643 2868 sanctitatis,
1685 2805 1803 2873 quis
1831 2808 1933 2863 erit
1959 2771 2100 2880 ducti

515 2861 788 2922 Joannes?
813 2871 1064 2944 Quisquis
1092 2893 1151 2933 es
1178 2883 1270 2952 qui
1303 2892 1354 2940 te
1382 2861 1640 2959 magnum.
1658 2861 1830 2964 putas,
1860 2861 2101 2958 non’eris

514 2955 655 3021 quod
675 2956 925 3018 Joannes.
948 2964 1196 3025 Nondum
1219 2983 1373 3032 natus
1396 2955 1529 3046 erat,
1559 2990 1612 3037 et
1633 2955 1743 3056 jam
1772 2991 2097 3049 nasciturum

515 3043 795 3102 Dominum
825 3055 1097 3113 exsultans
1125 3059 1175 3114 in
1227 3072 1380 3121 utero
1404 3043 1811 3138 praenunliabat.
1843 3080 1977 3147 Quid
2006 3100 2101 3141 ex-

512 3136 791 3193 cellentius
817 3142 915 3197 ista
941 3149 1259 3207 sanctitate?
1285 3136 1496 3214 Imitare
1527 3176 1543 3217 :
1569 3166 1690 3219 audi
1715 3170 1840 3238 quid
1854 3136 2007 3229 dicat
2029 3177 2098 3234 de

511 3223 743 3282 Christo.
769 3229 880 3286 Nos
899 3234 962 3287 de
982 3237 1293 3305 plenitudine
1316 3248 1423 3315 ejus
1449 3223 1748 3324 accepimus:
1781 3260 2014 3321 Lucerna
2043 3267 2094 3323 in

510 3325 667 3373 nocte
694 3317 894 3377 fontem
925 3325 1020 3380 tibi
1064 3333 1330 3401 ostendit,
1377 3338 1500 3395 inde
1536 3317 1590 3397 et
1620 3345 1739 3415 ipse
1774 3349 1907 3407 bibit
1940 3373 1953 3409 ε
1983 3355 2095 3413 Nos

509 3407 659 3475 enim,
693 3411 881 3481 inquit,
909 3415 972 3471 de
995 3419 1306 3487 plenitudine
1330 3428 1441 3497 ejus
1460 3447 1628 3489 omnes
1643 3407 1949 3511 necepimus.
1980 3446 2094 3503 Nos

507 3515 678 3555 omnes
705 3517 725 3555 :
751 3502 840 3558 ille
878 3504 1029 3573 fons,
1061 3525 1161 3567 nos
1189 3528 1311 3569 vasa
1342 3536 1356 3573 :
1385 3520 1472 3578 ille
1510 3524 1653 3590 dies,
1700 3545 1799 3587 nos
1834 3533 2086 3597 lucernae.

504 3590 690 3662 Magna
733 3595 1014 3655 inﬁrmitas
1058 3602 1331 3664 hominum
1372 3629 1386 3665 :
1432 3629 1528 3684 per
1570 3618 1843 3681 lucernam
1890 3590 2089 3699 quaeri-

506 3691 591 3737 tur
619 3684 753 3741 dies.

572 3775 626 3828 6.
664 3774 786 3832 Non
810 3779 1035 3842 Ioannes
1058 3790 1212 3858 solus,
1243 3795 1334 3848 sed
1361 3805 1407 3851 et
1433 3799 1663 3871 Apostoli
1687 3796 1921 3870 lucernae.
1952 3813 2087 3871 Can-

500 3863 759 3923 delabrum
788 3872 1005 3930 lucerme
1022 3920 1036 3945 ,
1066 3897 1191 3937 crux
1217 3883 1423 3943 Christi.
1455 3863 1561 3948 Sed
1590 3903 1644 3951 et
1666 3863 1941 3973 Apostoliv,

462 4028 465 4033 _
500 3963 608 4010 tres
627 3960 752 4026 mei,
776 3961 1005 4022 lucerna:
1025 3981 1148 4026 sunt
1167 3973 1293 4030 diei.
1310 3977 1485 4036 Nolite
1507 3993 1691 4052 putare
1711 3960 1832 4059 quia
1850 3960 2083 4056 Joannes

498 4047 644 4103 solus
668 4059 750 4106 est
776 4053 1024 4127 lucerna,
1055 4073 1110 4118 et
1136 4064 1374 4135 Apostoli
1406 4047 1522 4130 non
1541 4087 1683 4133 sunt.
1718 4047 1807 4139 hit
1839 4086 1946 4143 illis
1973 4091 2080 4145 Do-
2143 4122 2149 4127 -

496 4138 673 4195 minus
703 4160 717 4195 :
754 4143 854 4202 Vos
876 4153 992 4205 estis
1018 4153 1108 4208 tua:
1130 4162 1324 4216 mundis
1358 4163 1426 4220 Et
1448 4183 1515 4222 ne
1542 4181 1789 4239 putarent
1813 4179 1935 4249 quia
1960 4184 2079 4239 talis

496 4226 587 4282 lux
620 4240 806 4302 erant,
838 4240 1010 4307 qualis
1035 4244 1205 4303 dictus
1234 4261 1315 4306 est
1345 4254 1432 4310 lux
1452 4299 1467 4322 ,
1494 4226 1562 4315 de
1598 4278 1703 4332 quo
1743 4226 1942 4326 diuitum
1974 4284 2074 4343 cst,

504 4316 624 4343 τ’--.
652 4321 750 4343 ι-.---
768 4341 795 4343 __
1192 4338 1203 4343 -
1230 4341 1238 4343 Α
1255 4341 1279 4343 _,

1454 4316 1464 4322 ν
1614 4316 1695 4332 ιη
1748 4316 1941 4326 ν-ν--ω-
1975 4316 2074 4343 ’τυ-ν

493 4316 624 4373 Erat
646 4321 816 4379 lumen
841 4343 1008 4384 verum
1023 4376 1038 4399 ,
1067 4338 1203 4407 quod
1222 4341 1476 4400 illuminat
1499 4366 1695 4408 omnem
1721 4358 1970 4417 hominem
1994 4381 2078 4421 ve-

492 4409 709 4465 nientem
732 4413 785 4468 in
810 4417 943 4472 hunc
963 4427 1239 4491 mundum:
1264 4437 1518 4495 continuo
1544 4443 1719 4501 docuit
1749 4449 1870 4506 illos
1892 4470 2071 4513 veram

456 4496 459 4497 ⁷
490 4501 660 4572 ipsam
686 4508 879 4566 lucem.
910 4514 1040 4572 Cum
1070 4520 1319 4594 dixisset,
1364 4531 1463 4590 Vos
1483 4540 1598 4595 estis
1627 4543 1718 4599 tua:
1741 4551 1953 4619 mundi;
1979 4556 2074 4611 ad-

1306 4591 1313 4594 _
1562 4591 1592 4595 ν,
1628 4591 1714 4599 ---π
1741 4591 1947 4619 nus-sunt,
1979 4591 2071 4611 au-

483 4591 657 4663 junxit
677 4640 692 4663 ,
722 4608 776 4654 et
802 4604 912 4672 ait,
952 4607 1117 4665 Nemo
1144 4622 1373 4676 accendit
1411 4626 1698 4703 lucernam,
1727 4650 1775 4695 et
1800 4645 1937 4711 ponit
1960 4664 2071 4707 eam

491 4684 577 4711 -..Ι-
606 4690 770 4711 ...Α-ΙΒΑ
822 4693 863 4711 Λ
955 4698 970 4711 “
1150 4705 1184 4711 “”
1228 4708 1237 4711 ’
1268 4710 1277 4711 ί

1568 4684 1661 4688 μην,
1682 4684 1698 4703 ν
1727 4684 1771 4695 ν.
1835 4684 1936 4699 va".
1960 4684 2066 4707 ιιυη

486 4684 577 4738 sub
605 4690 793 4745 modio.
820 4693 971 4761 Quod
1009 4716 1103 4757 vos
1132 4705 1239 4761 dixi
1267 4710 1467 4780 lucem,
1498 4719 1764 4784 lucernam
1792 4684 1886 4790 illos
1915 4737 2023 4795 dixi
2052 4762 2066 4799 :

486 4776 644 4799 ..ΑΙΞι-
693 4796 731 4799 AA
760 4796 771 4799 κ
819 4785 851 4799 Ἀ
987 4791 999 4799 ⁵

485 4776 648 4833 nolite
684 4785 951 4843 exsultare
985 4791 1037 4845 in
1065 4799 1310 4865 superbia
1339 4816 1514 4863 vestra
1535 4853 1551 4878 ,
1579 4830 1648 4870 ne
1681 4817 1946 4883 ﬂammula
1976 4846 2067 4889 ex-

1537 4867 1550 4878 ,
1586 4867 1590 4868 ,
1626 4867 1643 4870 -
1681 4867 1946 4883 _--.--....u.u
1976 4867 2060 4889 uA-

483 4867 805 4941 stinguatnr.
830 4874 942 4935 Nan
964 4899 1059 4940 vos
1092 4902 1233 4957 pono
1261 4895 1360 4950 sub
1385 4902 1600 4960 modio:
1625 4910 1719 4966 sed
1747 4922 1802 4970 ut
1823 4918 2060 4994 lucentis,

483 4957 532 4994 ίη
558 4962 876 4994 ,ιηηΑηιηιι-υ.
911 4974 1049 4994 ητις-
1111 4979 1150 4994 η
1243 4983 1258 4994 ·
1516 4992 1523 4994 λ

1541 4957 1549 4958 κ
1589 4957 1599 4960 -
1625 4957 1719 4966 --.ι
1747 4957 1802 4970 νυ
1823 4957 2040 4979 Ιυυυαιιδ

480 4957 532 5010 in
558 4962 878 5023 candelabro
905 4974 1073 5030 eritis.
1108 4979 1258 5046 Quod
1284 4995 1367 5042 est
1393 4992 1767 5060 candelabrum
1795 4970 2063 5073 lucernas;

487 5049 665 5073 Α...Ιξι-
715 5070 759 5073 -ς
826 5059 839 5073 ¹
879 5061 891 5073 ¹
930 5062 943 5073 “

477 5049 670 5107 Audite
706 5059 1080 5123 candelabrum
1123 5091 1137 5127 :
1179 5084 1348 5134 estote
1390 5081 1655 5159 lucerna},
1697 5105 1753 5152 et
1799 5049 2059 5165 habebitis

477 5141 757 5165 -..—.I-|-l~
902 5153 938 5165 "'
1071 5160 1120 5165 ”“’

1579 5141 1618 5145 η
1641 5141 1655 5159 ,
1699 5141 1752 5152 ν-
1799 5141 2054 5165 "usuusu":

473 5141 874 5205 candelabrum.
897 5153 1040 5212 Crux
1060 5160 1255 5221 Christi
1280 5179 1361 5226 est
1387 5188 1632 5246 magnum
1656 5189 2054 5257 candelabrum.

473 5231 569 5257 n..:
597 5236 704 5257 ..--1.
733 5237 782 5257 ις-
800 5254 812 5257 -

470 5231 569 5295 Qui
597 5236 707 5291 vult
733 5237 941 5311 lucere,
978 5263 1082 5305 non
1113 5257 1389 5316 erubescat
1415 5231 1687 5340 deuligneo
1713 5231 2051 5347 candeldb‘rz:

480 5322 609 5347 ius:
1104 5342 1116 5347 _

468 5322 632 5436 fundi,
664 5336 724 5383 ut
746 5328 1007 5405 intelligas
1026 5342 1148 5410 quia
1174 5322 1705 5421 candelabrumucrux
1731 5368 1924 5431 Christi

1048 5409 1055 5410 ί
1467 5409 1549 5415 η---
1577 5409 1621 5417 ..-
1639 5409 1705 5421 ιυ-
1734 5409 1825 5425 vus
1840 5409 1924 5431 ιῠιι
1949 5409 2047 5436 65l-

471 5409 638 5468 Nemo
667 5422 895 5477 accendit
919 5426 1202 5502 lucernam,
1231 5448 1279 5493 et
1316 5447 1460 5513 ponit
1486 5467 1596 5507 eam
1621 5457 1711 5511 sub
1733 5465 1900 5519 modio
1917 5509 1932 5533 ,
1962 5474 2051 5527 sed

471 5517 619 5533 ριιιιιι-
645 5509 921 5533 ----'ALL*'
1088 5532 1091 5533 '
1127 5524 1138 5533 ’

467 5517 619 5618 semper
640 5509 1016 5586 candelabrum,
1037 5532 1092 5576 ut
1116 5524 1280 5584 luceat
1303 5509 1533 5596 omnibus
1555 5509 1715 5614 qui
1741 5553 1888 5611 domo

1406 5589 1457 5592 η-
1474 5589 1530 5596 ..ν
1590 5589 1637 5601 κ.
1665 5589 1715 5604 υ.
1741 5589 1888 5611 ισυιηυ
1908 5589 2042 5618 aut".

467 5589 559 5646 Sic
588 5593 749 5654 luceat
775 5602 946 5662 lumen
972 5620 1187 5670 vestrum
1215 5636 1385 5679 coram
1412 5589 1695 5695 hominibus
1712 5682 1727 5709 ,
1758 5653 1812 5700 ut
1847 5649 2045 5712 videant

468 5679 596 5712 ιη..-
630 5689 758 5712 α-.-
788 5709 812 5712 ,Α
874 5707 885 5712 -
1133 5706 1143 5712 ·
1208 5710 1217 5712 ξ
1245 5710 1253 5712 Α

1414 5679 1693 5695 ν-,--..,..νκσ
1758 5679 1811 5700 us
1850 5679 2040 5712 υιαυαηι

465 5679 596 5740 bona
622 5689 758 5761 facta
785 5707 976 5773 vestra,
1004 5713 1052 5759 et
1085 5706 1366 5781 gloriﬁcent
1395 5734 1416 5775 :
1444 5736 1551 5782 non
1589 5682 1727 5792 sicui
1756 5742 1812 5794 tu
1846 5744 2040 5810 quaeris

1802 294 1862 350 S.
1903 294 2040 351 AUC
2050 291 2267 350 USTINI
2312 297 2615 362 EPISCOPI

2148 5703 2260 5753 ιον.

3690 337 3826 398 15Ιὲ

2237 411 2553 485 gloriﬁcari,
2592 422 2784 491 qureris
2827 427 3090 501 exstingui
3133 450 3148 490 :
3188 437 3471 509 gloriﬁcent
3503 443 3710 505 Patrem
3740 471 3825 509 ve-

2235 513 2397 560 strum
2440 511 2527 578 qui
2561 523 2634 567 est
2674 515 2727 570 in
2769 519 2906 573 caelis
2951 521 3160 592 (Matth.
3188 544 3239 594 v,
3274 532 3514 609 i4-l6).
3554 539 3659 598 Per
3685 543 3825 603 bona

2234 607 2397 664 opera
2426 610 2602 658 vestra
2641 604 2940 675 gloriﬁcent
2965 613 3175 672 Patrem
3207 604 3562 685 vestrumsUt
3590 631 3825 693 lucerna:

2233 702 2356 744 esse
2382 694 2616 761 possitis,
2646 700 2943 759 accendere
2968 720 3064 762 vos
3087 724 3191 765 non
3215 716 3480 786 potuistis,
3510 736 3708 790 ponere
3731 743 3825 783 vos

2230 792 2390 848 supra
2413 783 2790 844 candelabrum
2816 807 2920 846 non
2944 799 3189 865 potuistis
3214 820 3228 855 :
3252 804 3340 861 ille
3360 783 3708 883 gloriiicetur,
3732 821 3824 889 qui

2228 871 2380 929 vobis
2428 876 2527 934 hoc
2570 884 2839 950 praestitit.
2879 887 3017 944 Audi
3054 908 3182 964 ergo
3217 871 3438 955 Pauhim
3476 871 3818 979 Apostoluin,

2226 966 2351 1023 audi
2391 969 2658 1030 lucernam
2701 977 2754 1031 in
2794 981 3113 1040 candelabro
3148 990 3524 1050 exsultantem.
3560 998 3696 1055 Mihi
3722 1021 3822 1057 au-

2226 1068 2356 1126 tem,
2385 1062 2458 1117 ait
2489 1064 2756 1134 (clamant
2779 1071 2870 1142 qui
2897 1087 3164 1133 noverunt
3189 1081 3316 1150 quid
3344 1087 3614 1161 sequitur)
3634 1133 3651 1158 ,
3686 1093 3822 1149 Mihi

2223 1159 2437 1206 autem:
2463 1155 2586 1225 quid
2627 1157 2719 1213 tibi
2758 1164 2975 1217 autem?
3011 1165 3396 1239 Absit,gloriari
3438 1178 3536 1231 uisi
3671 1200 3820 1239 cruce

2222 1238 2432 1297 Domini
2466 1248 2624 1301 nostri
2647 1246 2773 1304 Jesu
2800 1251 3005 1308 Christi.
3047 1254 3105 1311 ln
3146 1238 3463 1319 candelabro
3495 1268 3699 1341 glorior
3729 1292 3742 1328 :
3769 1276 3817 1329 si

2223 1344 2285 1387 ω
2309 1334 2686 1393 candelabrum
2718 1342 3013 1412 subtrahat,
3049 1348 3202 1403 cado.
3234 1352 3374 1407 Absit
3401 1334 3614 1427 gloriari
3637 1340 3737 1417 nisi
3761 1367 3815 1420 in

2217 1439 2368 1479 cruce
2389 1425 2595 1484 Domini
2619 1435 2776 1487 nostri
2794 1435 2826 1489 ,Ι
2833 1453 2919 1490 esu
2939 1437 3145 1506 Christi,
3173 1461 3262 1514 per
3281 1425 3424 1516 quem
3450 1451 3576 1504 mihi
3596 1457 3813 1513 niundus

2220 1517 2493 1585 cruci/imus
2512 1530 2605 1588 est,
2634 1533 2680 1577 et
2705 1541 2795 1595 ego
2819 1528 3007 1583 mundo
3036 1529 3230 1600 (Galat.
3258 1551 3310 1591 γι
3327 1577 3341 1601 ,
3368 1538 3479 1610 Η).
3506 1541 3809 1618 Laudastis,

2219 1613 2274 1659 et
2301 1605 2525 1664 favistis.
2559 1611 2910 1685 Cruciligatur
2943 1620 3093 1676 vobis
3127 1626 3355 1682 mundus
3376 1671 3392 1696 ,
3436 1605 3809 1706 cruciﬁgimini

2218 1697 2438 1753 mundo.
2488 1700 2625 1768 Quid
2672 1715 2755 1760 est
2791 1705 2931 1764 hoc?
2969 1711 3296 1772 Felicitatem
3326 1735 3430 1775 non
3462 1697 3714 1793 quaeratis
3740 1729 3809 1786 de

2217 1789 2419 1846 mundo
2450 1809 2465 1847 :
2494 1794 2757 1854 abstinete
2786 1815 2881 1856 vos
2920 1816 2951 1858 a
2995 1803 3246 1865 felicitate
3279 1789 3493 1870 mundi:
3529 1818 3808 1881 Blanditut'

2216 1881 2478 1951 mundus,
2508 1897 2759 1944 caveatur
2782 1904 3064 1966 corruptor
3097 1917 3112 1954 :
3142 1902 3374 1960 minatur
3400 1909 3630 1966 mundus
3650 1954 3666 1978 ,
3699 1929 3804 1970 non

2216 1974 2467 2032 timeatur
2491 1994 2842 2055 oppugnator.
2872 1987 2927 2045 Si
2955 1991 3093 2048 bona
3121 1997 3305 2053 mundi
3336 2016 3442 2055 non
3471 2011 3522 2058 te
3551 2020 3806 2078 corrupe-

2213 2070 2340 2137 rint,
2369 2073 2415 2127 si
2441 2075 2578 2131 mala
2607 2080 2792 2135 mundi
2820 2098 2924 2139 non
2955 2093 3007 2141 te
3033 2092 3386 2160 corruperint,
3412 2097 3700 2156 cruciﬁxus
3721 2111 3805 2161 est

2215 2159 2308 2215 tibi
2350 2164 2613 2233 mundus,
2643 2170 2929 2229 cruciﬁxus
2961 2190 3020 2231 es
3054 2181 3273 2237 mundo.
3306 2183 3549 2243 Cloriare
3585 2189 3638 2244 in
3669 2207 3800 2249 can-

2211 2250 2430 2309 delabro
2456 2274 2470 2311 :
2492 2271 2665 2326 serva,
2695 2261 2933 2333 lucerna,
2962 2268 3015 2323 in
3040 2272 3360 2331 candelabro
3388 2293 3604 2350 semper
3627 2283 3802 2346 humi-

2211 2344 2436 2416 litatem,
2467 2360 2522 2405 ut
2552 2359 2735 2409 teneas
2757 2358 3095 2428 splendorem
3127 2383 3141 2421 :
3168 2364 3422 2436 observa,
3454 2387 3525 2428 ne
3552 2377 3798 2445 superbia

2208 2440 2581 2511 exstinguaris.
2621 2444 2890 2505 Conserva
2921 2454 3063 2523 quod
3094 2454 3263 2513 factus
3292 2475 3385 2528 es,
3419 2472 3477 2517 ut
3503 2464 3572 2521 de
3599 2440 3808 2526 factore

2207 2530 2470 2599 glorieris.
2498 2535 2637 2604 Quid
2661 2541 2803 2596 enim
2829 2558 2970 2611 eras,
2996 2546 3191 2604 homo?
3219 2552 3405 2610 Omnis
3430 2555 3612 2627 homo,
3632 2570 3798 2621 atten-

2208 2620 2275 2675 dc
2301 2624 2428 2693 quid
2456 2636 2613 2685 natus
2638 2645 2698 2685 es
2729 2650 2742 2685 :
2770 2634 2870 2688 etsi
2913 2636 3105 2694 nobilis
3136 2650 3288 2697 natus
3315 2659 3407 2712 es,
3437 2648 3613 2705 nudus
3641 2663 3797 2709 nauis

2204 2727 2284 2768 es.
2316 2715 2452 2784 Quid
2495 2730 2578 2775 est
2618 2722 2907 2781 nobilitas?
2934 2728 3191 2787 Nativitas
3229 2739 3478 2807 pauperis
3520 2751 3577 2796 et
3618 2744 3795 2803 divitis

2205 2806 2422 2874 aequalis
2449 2816 2533 2863 est
2564 2810 2795 2869 nuditas.
2830 2817 2910 2870 An
2956 2817 3092 2875 forte
3129 2824 3248 2891 quia
3290 2806 3481 2885 uchilis
3520 2841 3677 2888 natus
3712 2852 3793 2902 es,

2203 2905 2459 2965 quantum
2485 2900 2567 2956 vis
2588 2902 2760 2960 vivis?
2784 2905 3007 2975 Quando
3035 2916 3272 2980 nescisti,
3303 2919 3508 2978 intrasti
3539 2943 3552 2978 :
3582 2900 3795 2997 quando

2204 3000 2309 3040 non
2333 2987 2432 3055 vis,
2460 2990 2595 3046 exis.
2622 2991 2903 3052 Postremo
2931 3002 3171 3071 sepulcra
3202 3007 3564 3082 inspiciuntur,
3597 3027 3651 3073 et
3671 3034 3790 3077 ossa

2202 3075 2422 3133 divitum
2454 3094 2828 3153 agnoscantur.

2680 3197 2910 3258 sunno
2946 3205 3125 3265 ccxc
3150 3215 3169 3234 ο
3202 3212 3299 3285 (α).

2579 3313 2629 3356 ω
2660 3310 2805 3362 natali
2835 3317 3030 3366 Joannis
3061 3322 3299 3385 Baptista},
3332 3340 3394 3377 tv.

2266 3403 2493 3463 CAPUT
2533 3410 2817 3471 PRIMUM.
2860 3449 2933 3460 -—-
2978 3423 3030 3476 1.
3064 3422 3429 3486 Testimonium
3466 3434 3685 3493 Joannis
3723 3443 3788 3497 de

2197 3494 2415 3562 Christo,
2446 3510 2492 3553 et
2521 3501 2709 3559 Christi
2729 3507 2792 3561 de
2819 3508 3040 3569 Joanne.
3086 3516 3313 3575 Sanctus
3340 3523 3575 3583 Joannes
3604 3532 3642 3597 ⁸,
3675 3547 3781 3588 non

2196 3584 2567 3660 Evangelista,
2607 3597 2702 3651 sed
2744 3599 3011 3671 Baptista,
3058 3608 3252 3667 missus
3296 3625 3377 3670 est
3419 3629 3546 3675 ante
3594 3622 3779 3681 faciem

2193 3676 2387 3734 Christi
2427 3698 2731 3754 praeparare
2767 3692 2881 3746 vias
2909 3695 3043 3766 ejus.
3078 3699 3460 3764 Testimonium
3489 3712 3687 3770 Christi
3713 3717 3782 3773 de

2190 3771 2396 3830 Joanne
2415 3786 2517 3843 est,
2545 3778 2612 3834 In
2637 3784 2769 3839 natis
2794 3788 3062 3845 mulierum
3081 3811 3180 3849 non
3199 3804 3414 3855 surrexit
3431 3807 3599 3875 major
3616 3808 3782 3866 Joan—

2190 3879 2253 3917 ne
2277 3862 2507 3935 Baptista
2537 3868 2745 3941 (Matth.
2775 3891 2825 3930 xl
2846 3918 2860 3941 ,
2896 3879 3005 3949 il).
3047 3881 3428 3944 Testimonium
3459 3862 3778 3956 Joannisde

2188 3954 2400 4025 Christo
2422 3968 2523 4027 est,
2554 3962 2654 4029 Qui
2678 3968 2810 4021 venit
2835 3980 2948 4038 post
2972 3990 3069 4040 me,
3094 3979 3258 4049 major
3282 3998 3361 4035 me
3382 3995 3475 4050 est,
3504 3990 3650 4058 cujus
3675 4009 3777 4047 non

2185 4062 2297 4100 sum
2320 4048 2503 4118 dignus
2526 4055 2797 4126 corrigiam
2822 4061 3145 4121 calccainenti
3165 4048 3355 4127 soluere
3386 4048 3627 4147 (laenis,
3653 4081 3772 4147 27).

2186 4134 2482 4208 Utrumque
2510 4145 2868 4205 testimonium
2895 4155 3312 4224 consideremus.
3339 4134 3480 4233 quod
3503 4134 3776 4239 perhibuit

2183 4225 2438 4284 Dominus
2479 4246 2669 4300 servo,
2714 4248 2770 4293 et
2811 4243 2952 4311 quod
2993 4248 3258 4313 perhibuit
3296 4225 3768 4322 servus'Domino.

2182 4317 2330 4383 Quod
2357 4329 2442 4376 est
2472 4325 2833 4385 testimonium
2860 4334 3068 4391 Domini
3095 4339 3160 4394 de
3184 4346 3378 4401 servo?
3404 4347 3473 4404 In
3499 4354 3635 4408 natis
3658 4374 3773 4411 mu-

2180 4407 2359 4463 lierum
2397 4427 2498 4467 non
2536 4420 2754 4473 surrexit
2795 4425 2960 4493 major
2990 4426 3192 4486 Joanne
3222 4432 3474 4507 Baptista.
3505 4442 3659 4510 Quod
3684 4458 3772 4504 est

2179 4499 2541 4559 testimonium
2588 4510 2731 4564 servi
2775 4512 2844 4568 de
2885 4515 3145 4575 Domino?
3186 4499 3462 4591 Qui-uenit
3505 4499 3620 4604 post
3665 4522 3764 4607 me,

2176 4592 2342 4663 major
2368 4611 2449 4649 me
2470 4606 2560 4652 est.
2592 4597 2649 4654 Si
2684 4616 2813 4673 ergo
2840 4605 2892 4659 in
2921 4611 3059 4665 natis
3087 4614 3366 4673 mulierum
3399 4637 3505 4678 non
3531 4632 3770 4685 surrexit

2175 4683 2344 4752 major
2371 4684 2575 4744 Joanne
2600 4690 2869 4762 Baptista;
2901 4700 2991 4768 qui
3032 4704 3201 4775 major
3229 4708 3320 4765 illo
3343 4721 3457 4782 est,
3488 4720 3618 4788 quid
3647 4725 3767 4779 est?

2171 4770 2402 4830 Joannes
2439 4793 2660 4851 magnus
2697 4784 2894 4855 homo,
2928 4793 3021 4846 sed
3054 4793 3212 4852 homo
3242 4818 3256 4855 :
3284 4802 3528 4863 Christus
3553 4811 3766 4873 Joanne

2171 4866 2375 4934 major,
2419 4872 2540 4939 quia
2582 4874 2720 4932 Deus
2748 4887 2803 4934 et
2831 4880 3010 4939 homo.
3058 4889 3232 4947 Ambo
3271 4866 3752 4975 mirabiliternati,

2169 4969 2346 5022 praeco
2374 4967 2428 5012 et
2450 4960 2642 5032 iudex,
2666 4968 2881 5025 lucerna
2906 4984 2961 5030 et
2984 4977 3119 5047 dies,
3146 4998 3251 5037 vox
3279 4995 3334 5041 et
3365 4988 3619 5061 Verbum,
3642 4960 3759 5054 ser:

2164 5061 2264 5103 vus
2284 5058 2340 5104 et
2359 5050 2629 5111 Dominus.
2655 5059 2730 5115 De
2750 5065 2915 5119 sterili
2938 5082 3144 5139 servus,
3164 5073 3231 5129 de
3250 5077 3453 5149 virgine
3472 5085 3750 5147 Dominus.

2166 5135 2282 5205 ipse
2302 5139 2559 5199 Dominus
2581 5144 2707 5203 fecit
2724 5152 2824 5208 sibi
2846 5169 3059 5214 servum
3081 5163 3131 5217 in
3154 5173 3302 5222 utero
3322 5174 3516 5241 sterili,
3535 5179 3605 5235 de
3623 5196 3753 5238 sene

2163 5236 2313 5296 patre
2332 5273 2346 5296 ,
2372 5241 2428 5288 et
2451 5234 2520 5290 de
2543 5238 2748 5296 anicula
2774 5255 2980 5303 matre:
3004 5260 3060 5308 et
3086 5252 3223 5311 idem
3254 5258 3369 5328 ipse
3392 5234 3648 5325 Dominus
3668 5234 3758 5327 tc-

2160 5318 2233 5374 cit
2259 5321 2359 5378 sibi
2386 5339 2603 5384 carnem
2633 5332 2690 5387 in
2722 5344 2872 5395 utero
2898 5340 3148 5413 virginis,
3179 5348 3294 5406 sine
3324 5352 3542 5413 homine
3569 5372 3749 5429 mire,

2221 5455 3098 5551 initi‘tlittt‘mesesesesese
3129 5493 3140 5527 =
3169 5486 3221 5529 ει
3242 5492 3382 5551 certe.
3412 5491 3657 5551 ιιριιηυιιίε
3697 5498 3749 5551 εει

2512 5520 3751 5607 migratum,j.meminit:trg‘ujaiswg‘gigazi

2152 5583 2482 5652 sintsAnatalem
2512 5583 2638 5652 diem
2660 5583 2977 5652 preecursoris
3006 5583 3212 5652 homini.

2215 5639 2521 5737 :Castigatus
2541 5646 2599 5695 ad
2626 5639 2728 5700 tr'cs
2749 5639 2897 5703 ctua—ii
2910 5639 3233 5720 'g'EfrfinzTi.
3261 5674 3310 5720 ct
3329 5670 3390 5720 ad
3414 5680 3513 5723 Am.
3533 5681 3606 5727 Er.
3630 5686 3742 5737 Par.

2158 5828 2175 5833 _
2194 5762 2283 5819 ‘(al
2315 5762 2457 5823 Alias.
2491 5768 2548 5819 «Η
2580 5771 2709 5825 inter
2740 5778 2962 5833 Homilies
2992 5784 3070 5836 50.
