4102 6326
376 295 504 354 1515

369 411 458 477 qui
486 409 606 462 fecit
633 408 856 477 primum
885 406 1152 461 hominem
1179 407 1293 458 sine
1317 409 1462 472 patre
1487 408 1540 453 et
1563 405 1749 452 matre.
1783 394 1948 448 Nemo

368 501 584 556 surrexit
610 501 662 554 in
689 501 819 555 natis
845 500 1110 554 mulierum
1131 498 1294 567 major
1313 495 1512 548 Joanne
1537 491 1785 562 Baptista.
1819 489 1948 543 Tam

374 607 592 662 magnus
620 593 764 646 visus
793 600 875 646 est
902 591 1154 654 Joannes,
1185 596 1241 641 ut
1267 602 1295 640 a
1323 585 1587 640 nonnullis
1611 583 1771 637 etiam
1797 579 1950 636 Chri-

372 694 486 737 stus
517 690 810 752 putaretur.
838 681 948 736 Nec
978 683 1028 734 in
1057 678 1301 748 superbia
1325 692 1418 731 sua
1439 675 1666 728 alienum
1694 682 1776 727 est
1799 686 1951 726 secu-

354 781 458 824 'tus
477 787 735 835 errorem,
768 786 866 826 nec
890 785 1050 825 ausus
1075 777 1156 824 est
1181 769 1375 833 dicere,
1403 767 1528 821 Sum
1555 764 1695 834 quod
1724 762 1946 833 putatis:

370 865 486 931 sed,
518 864 658 934 quod
684 864 878 919 bonum
904 871 1020 918 erat
1042 862 1111 925 ei,
1140 876 1198 916 se
1223 859 1454 930 agnovit,
1483 866 1538 911 ut
1565 856 1629 911 ad
1660 855 1823 925 pedes
1849 855 1953 907 Do-

373 955 524 1020 mini,
541 965 593 1008 et
613 953 681 1008 ad
701 953 981 1023 corrigiam
999 950 1344 1007 calceamenti
1361 962 1544 1003 servus
1561 946 1950 1012 humiliaretur,

373 1060 439 1098 ne
465 1052 623 1099 vento
654 1043 914 1112 superbia:
944 1043 1156 1097 lucerna
1187 1041 1628 1109 exstinguerctur.

443 1134 671 1190 CAPUT
703 1133 765 1188 ll.
787 1164 858 1174 —
880 1133 935 1188 ἓ.
965 1132 1172 1187 Natalis
1198 1131 1383 1186 Christi
1407 1139 1451 1184 et
1476 1128 1692 1182 Joannis
1717 1142 1807 1179 cur
1826 1125 1953 1178 cele-

374 1226 572 1293 bretur,
604 1242 704 1279 non
746 1226 980 1279 aliorum.
1017 1223 1250 1290 Denique
1284 1222 1404 1290 quia
1451 1220 1502 1272 in
1542 1233 1732 1288 magno
1769 1231 1950 1270 sacra-

376 1327 556 1372 mento
587 1328 741 1370 natus
770 1324 850 1370 est
873 1315 1120 1375 Joannes,
1155 1313 1320 1380 ipsius
1343 1311 1506 1364 solius
1528 1309 1655 1377 justi
1680 1310 1694 1338 ²
1722 1307 1952 1360 natalem

373 1407 516 1461 diem
543 1405 775 1461 celebrat
801 1403 1058 1458 Ecclesia.
1091 1402 1160 1456 Et
1179 1401 1377 1456 Natalis
1398 1400 1603 1453 Domini
1631 1398 1948 1463 celebratur,

373 1498 466 1552 sed
500 1507 747 1567 tanquam
774 1495 998 1550 Domini.
1031 1494 1163 1547 Date
1189 1492 1315 1546 mihi
1338 1491 1497 1544 alium
1525 1504 1734 1544 servum
1759 1495 1953 1556 praeter

373 1590 630 1645 Joannem
673 1588 810 1642 inter
849 1585 1216 1648 Patriarehas,
1262 1583 1400 1637 inter
1444 1580 1771 1649 Prophetas,
1815 1580 1953 1632 inter

374 1680 680 1750 Apostolos,
704 1678 854 1748 cujus
874 1676 1102 1730 natalem
1130 1674 1270 1729 diem
1297 1673 1532 1727 celebret
1554 1670 1788 1724 Ecclesia
1808 1667 1955 1723 Chri-

375 1772 462 1825 sti.
495 1771 807 1825 Passionum
835 1768 973 1822 diem
1003 1766 1172 1821 servis
1196 1764 1434 1834 plurimis
1463 1763 1792 1816 celebramus
1821 1777 1834 1813 :
1863 1774 1955 1813 ua-

375 1861 592 1914 tivitatis
633 1859 773 1914 diem
814 1856 1047 1921 nemini,
1092 1855 1191 1911 nisi
1230 1853 1441 1908 Joanni.
1479 1850 1714 1905 Audistis
1742 1847 1954 1918 quando

378 1949 721 2018 Evangelium
759 1946 1059 2016 legebatur,
1092 1945 1182 2014 qui
1211 1943 1341 1997 ordo
1367 1941 1524 1995 fuerit
1549 1940 1823 1994 amborum
1854 1952 1952 1991 na-

377 2041 654 2104 sccntium,
688 2036 1030 2107 praecursoris
1059 2043 1112 2090 et
1142 2033 1516 2097 Dominatoris,
1547 2041 1602 2085 ct
1629 2031 1768 2100 quod
1799 2031 1954 2100 paulo

376 2138 498 2184 ante
519 2128 648 2195 dixi,
671 2127 932 2198 praeconis
952 2135 1004 2180 et
1023 2124 1246 2191 Judicis,
1273 2123 1418 2176 vocis
1444 2131 1497 2176 et
1517 2121 1695 2176 Verbi.
1721 2121 1955 2190 Angelus

376 2220 588 2277 Gabriel
629 2219 836 2273 nuntiat
863 2217 1153 2281 Joannem,
1186 2213 1324 2270 idem
1356 2214 1468 2284 ipse
1496 2212 1713 2282 angelus
1743 2210 1954 2266 Gabriel

377 2313 584 2368 nuntiat
613 2311 894 2366 Dominum
919 2308 1098 2363 Jesum
1127 2307 1417 2362 Christum.
1450 2302 1708 2358 Prmcedit
1738 2302 1841 2366 illc,
1873 2315 1957 2355 se-

377 2407 556 2474 quitur
598 2403 686 2457 ille
727 2420 741 2455 :
783 2400 873 2455 ille
909 2397 1164 2469 praecedit
1198 2395 1573 2466 obsequendo,
1603 2395 1841 2464 sequitur
1869 2393 1958 2448 ille

380 2493 610 2566 regendo
629 2495 672 2547 '.
703 2490 953 2560 Sequitur
981 2489 1122 2544 enim
1149 2487 1438 2556 nascendo,
1465 2486 1732 2542 antecedit
1763 2501 1956 2555 regen-

378 2587 448 2640 do
479 2603 492 2638 :
525 2584 647 2654 quia
683 2591 740 2638 et
781 2583 952 2652 ipsum
995 2579 1255 2634 Joannem
1298 2578 1494 2634 creavit
1531 2578 1808 2642 Christus,
1840 2587 1960 2645 post

378 2693 537 2748 quem
556 2684 767 2734 creatus
789 2682 870 2729 est
893 2672 1156 2736 Christus,
1179 2681 1233 2726 et
1251 2679 1458 2726 creator
1476 2679 1530 2725 et
1548 2678 1790 2734 creatus;
1812 2683 1960 2724 crea-

381 2775 464 2820 tor
484 2774 605 2821 ante
627 2774 872 2828 matrem,
900 2771 1108 2817 creator
1133 2760 1336 2827 matris,
1367 2768 1575 2815 creatus
1602 2760 1653 2813 in
1677 2768 1865 2813 matre.
1894 2759 1961 2812 Et

379 2858 505 2926 quid
530 2857 699 2911 dicam
716 2894 732 2921 ,
761 2863 969 2909 creator
995 2861 1118 2907 ante
1147 2852 1412 2907 matrem?
1437 2851 1566 2905 Ante
1593 2851 1846 2904 Abraham
1869 2866 1960 2922 ego

381 2965 514 3012 sum,
534 2947 647 3018 ipse
675 2946 827 3009 dixit,
860 2944 1202 3014 Evangelium
1234 2943 1464 3012 loquitur
1481 2941 1657 3014 (Jaan.
1686 2957 1796 3008 \‘lll,
1829 2941 1957 3010 58):

381 3040 578 3104 audite,
611 3038 693 3093 vel
722 3037 898 3107 legite.
927 3035 1033 3092 Sed
1058 3050 1238 3105 parum
1260 3043 1361 3101 est,
1383 3042 1506 3088 ante
1528 3033 1794 3088 Abraham
1814 3049 1962 3090 creao

385 3141 467 3183 tor
491 3147 503 3183 :
532 3137 653 3182 ante
679 3127 848 3182 Adam
878 3135 1106 3190 creator,
1137 3133 1262 3179 ante
1287 3124 1482 3180 coelum
1512 3131 1568 3178 ct
1594 3132 1786 3178 terram
1813 3137 1962 3177 crea-

383 3232 494 3286 tor,
538 3228 660 3274 ante
704 3233 890 3272 omnes
932 3216 1165 3287 Angelos
1209 3216 1615 3284 universamque
1663 3222 1960 3267 creaturam

381 3312 740 3388 spiritualem,
772 3309 1052 3374 Thronos,
1094 3306 1519 3371 Dominationes,
1550 3305 1880 3373 Principatus
1909 3312 1964 3358 et

382 3409 696 3471 Potestates,
729 3413 853 3461 ante
873 3401 1048 3454 omnia
1071 3408 1297 3453 creator.
1329 3397 1461 3463 Quia
1484 3397 1538 3448 in
1565 3395 1832 3466 principio,
1856 3410 1960 3447 non

382 3509 464 3555 est.
491 3499 684 3552 factum
715 3496 980 3560 Verbum,
1007 3489 1101 3549 sed
1130 3496 1236 3547 erat
1268 3487 1514 3557 lerbam,
1544 3497 1589 3540 et
1620 3485 1832 3544 Verbum
1857 3494 1961 3542 erat

383 3589 522 3660 apud
548 3587 731 3653 Deum,
761 3595 806 3641 et
826 3585 963 3639 Deus
989 3595 1094 3640 erat
1123 3583 1338 3637 Verbum
1361 3601 1378 3636 :
1400 3583 1492 3636 hoc
1512 3593 1615 3636 erat
1641 3583 1691 3636 in
1715 3583 1962 3651 principio

384 3682 522 3750 apud
541 3679 726 3734 Deum.
753 3677 937 3732 Omnia
962 3692 1048 3747 per
1070 3676 1235 3746 ipsum
1257 3674 1391 3742 facta
1411 3683 1525 3728 sunt
1554 3672 1730 3744 (Joan.
1756 3689 1793 3739 t,
1818 3671 1962 3744 1-5).

385 3775 442 3827 Si
473 3772 680 3836 omnia,
713 3768 936 3822 visibilia
967 3776 1021 3821 et
1049 3765 1328 3819 invisibilia
1349 3805 1364 3830 ,
1396 3764 1588 3818 caelum
1619 3772 1673 3817 et
1711 3771 1879 3827 terra,
1911 3769 1966 3816 ct

388 3866 534 3935 virgo
559 3862 717 3916 Maria
745 3859 900 3929 :quia
926 3866 980 3911 ct
1003 3858 1150 3926 virgo
1175 3856 1333 3910 Maria
1362 3855 1430 3909 de
1459 3865 1620 3919 terra,
1649 3863 1702 3909 et
1725 3853 1965 3908 Christus

389 3961 556 4013 factor
586 3965 742 4010 terra:
773 3953 939 4007 factus
966 3959 1049 4006 est
1075 3950 1143 4005 de
1172 3959 1354 4016 terra,
1381 3949 1504 4020 quia
1522 3949 1718 4003 veritas
1747 3949 1808 4004 de
1835 3957 1966 4001 terra

388 4059 498 4106 orta
523 4059 594 4102 est
625 4045 792 4117 (Psal.
820 4059 1038 4110 Lxxxw,
1068 4043 1177 4114 12).

457 4138 683 4195 CAPUT
707 4136 942 4191 lli.—5.
973 4135 1196 4189 Joannes
1222 4134 1335 4190 ideo
1364 4142 1528 4190 tantus
1552 4136 1722 4200 homo,
1741 4144 1796 4190 ut
1822 4134 1966 4190 Clari-

389 4242 464 4286 sto
485 4247 537 4285 se
579 4229 849 4283 humilians
870 4268 886 4294 ,
917 4243 1031 4280 eum
1069 4225 1184 4297 plus
1207 4242 1356 4296 quam
1381 4226 1631 4280 hominem
1664 4243 1768 4282 esse
1805 4235 1969 4281 osten-

389 4325 495 4377 dat.
541 4321 780 4377 Breviter
807 4333 935 4388 ergo
967 4317 1283 4372 commendo
1317 4317 1569 4372 Charitati
1612 4327 1800 4373 vestra:
1852 4334 1969 4372 ma-

388 4429 549 4485 guum
572 4419 984 4468 sacramentum.
1010 4407 1268 4475 Quoniam
1296 4408 1446 4462 multi
1471 4408 1629 4462 futuri
1667 4417 1819 4463 erant
1837 4449 1852 4475 ,
1879 4410 1968 4479 qui

391 4510 635 4572 putarent
661 4499 931 4556 Christum
955 4513 1062 4553 non
1091 4511 1210 4554 esse
1248 4498 1348 4552 nisi
1377 4497 1671 4566 hominem,
1696 4497 1824 4553 nihil
1849 4515 1969 4555 esse

391 4596 616 4665 amplius
655 4609 813 4664 quam
849 4592 1122 4647 hominem
1153 4609 1167 4646 :
1196 4590 1316 4646 ideo
1356 4605 1580 4661 magnus
1619 4591 1813 4656 homo,
1864 4607 1969 4662 quo

391 4686 560 4755 major
595 4685 648 4740 in
689 4683 990 4738 hominibus
1033 4697 1140 4737 non
1167 4680 1298 4746 fuit,
1324 4681 1596 4751 perhibuit
1635 4682 1686 4736 ei
1725 4681 1968 4736 testimo-

392 4779 538 4833 nium
581 4775 844 4838 Joannes,
880 4771 1122 4828 subditus
1146 4812 1160 4838 ,
1202 4772 1498 4840 inclinatus,
1543 4771 1870 4826 humiliatus.
1909 4769 1966 4825 lu

391 4876 645 4938 quantum
689 4878 748 4920 se
793 4863 1048 4917 humilem
1091 4860 1510 4928 reddidisset,si
1550 4861 1758 4916 solvere
1805 4862 1972 4917 corri-

391 4960 532 5030 giam
573 4953 916 5011 calceamcnti
943 4955 1088 5022 ejus,
1114 4951 1330 5021 dignum
1358 4965 1418 5006 se
1445 4964 1566 5006 esse
1603 4951 1858 5006 dixisset?
1877 4952 1971 5006 At-

397 5050 596 5106 tendite
620 5049 672 5104 in
698 5061 890 5117 magno
909 5051 1244 5099 sacramento
1265 5043 1286 5074 ³
1302 5043 1580 5113 corrigiam
1601 5045 1967 5100 calceamenti.

391 5147 657 5210 Quantum
691 5137 902 5193 humilis
940 5136 1268 5202 exstitisset,
1301 5144 1354 5190 et
1379 5136 1424 5190 si
1457 5149 1518 5190 se
1539 5134 1771 5192 Joannes
1801 5137 1969 5192 dixis-

393 5242 475 5289 set
500 5230 750 5303 dignum?
774 5228 911 5296 Quid
939 5227 1062 5284 fecit
1084 5268 1099 5292 ,
1127 5226 1351 5282 dicendo
1375 5241 1434 5282 se
1462 5226 1734 5298 indignum
1754 5227 1812 5284 “ll
1836 5229 1970 5285 Pro-

462 5409 477 5440 ί
499 5409 572 5457 sic
592 5415 697 5457 Mss.
721 5406 842 5456 Εόίιὶ
870 5418 1007 5465 vero,
1027 5405 1174 5465 juste.

457 5470 595 5579 :ct’ilgc
631 5468 736 5518 loco
759 5476 862 5518 tres
882 5463 1208 5528 manuscripti,
1230 5463 1477 5528 regnando
1487 5478 1508 5528 ;
1528 5465 1618 5516 sed
1639 5476 1808 5518 omnes
1829 5466 1971 5530 intra,

497 5565 504 5573 .
574 5543 604 5579 ο

352 5593 354 5596 ’
395 5542 705 5663 rcgcggares'
726 5589 968 5663 ωδε--.11111
986 5596 1155 5663 autem
1178 5601 1287 5660 cum
1312 5589 1475 5663 editis,
1488 5587 1732 5663 ntagno
1753 5589 1955 5663 qni-isto.

458 5653 488 5722 ἦ
503 5653 574 5700 sic
597 5651 1036 5722 ineliot'es..\tss.lAli_i
1055 5665 1188 5722 vero,
1201 5650 1280 5714 qui
1290 5649 1480 5722 adfecit
1494 5649 1971 5718 dicendoindignwn.

396 5721 452 5762 at
476 5720 604 5770 t.ov..
629 5711 753 5769 quod
779 5713 983 5764 diremta
1005 5716 1064 5769 [ἒς
1080 5706 1188 5765 isset
1211 5706 1260 5764 s3
1283 5706 1550 5768 indignum.
1811 5706 1822 5718 ’

1745 273 1977 334 SERMO
2016 274 2212 334 CCXC.

3501 285 3633 340 15H

2058 403 2234 460 pterea
2262 405 2472 453 notatus
2501 407 2584 454 est
2609 399 2720 454 dies
2751 400 3044 456 nativitatis
3066 401 3199 471 ejus,
3224 407 3275 454 et
3295 399 3635 454 celebrationi

2057 485 2309 539 Ecclesiae
2339 489 2760 544 commendatus.

2123 573 2346 630 CAPUT
2385 579 2470 632 IV.
2486 582 2619 634 -—-4.
2639 581 2902 634 Zachariae
2926 591 2972 635 et
2994 581 3175 634 Maria:
3203 580 3372 634 eadem
3399 579 3501 648 fere
3525 596 3638 632 ver-

2056 662 2139 729 ba,
2167 682 2268 719 non
2293 668 2464 722 eadem
2493 672 2837 725 incredulitas.
2865 672 3060 726 Verum
3089 672 3310 726 interest
3329 670 3634 740 plurimum,

2058 770 2164 810 non
2193 757 2362 811 solum
2403 759 2455 812 in
2485 761 2774 826 matribus,
2805 764 2948 830 quod
2983 763 3067 816 illa
3106 762 3254 830 virgo
3279 803 3294 828 ,
3327 760 3413 814 illa
3445 759 3638 814 mulier

2058 845 2216 901 fuerit
2261 849 2490 915 sterilis;
2516 851 2601 904 illa
2631 851 2699 906 de
2740 852 2938 920 Spiritu
2982 862 3166 908 sancto
3200 855 3413 922 pariens
3443 853 3636 906 Filium

2059 938 2152 993 Dei
2176 939 2454 994 Dominum
2477 950 2716 995 nostrum
2741 984 2755 1007 ,
2782 943 2873 996 illa
2901 943 2967 998 de
2995 943 3110 998 viro
3143 959 3241 998 suo
3269 959 3397 998 sene
3424 942 3637 1012 pariens

2056 1045 2439 1100 praecursorem
2481 1034 2709 1088 Domini.
2743 1035 2810 1089 Et
2840 1035 2966 1089 illud
2993 1037 3269 1091 attendite.
3316 1036 3433 1090 Non
3458 1036 3634 1091 credi-

2056 1123 2134 1177 dit
2171 1124 2473 1180 Zacharias.
2518 1125 2794 1194 Quomodo
2829 1143 2934 1181 non
2975 1129 3235 1183 credidit?
3276 1129 3530 1194 Quaesivit
3568 1129 3636 1182 ab

2057 1216 2244 1285 angelo
2268 1232 2364 1286 per
2386 1217 2511 1286 quid
2545 1229 2889 1288 cognosceret
2929 1220 3065 1288 quod
3099 1221 3474 1289 promittebat,
3501 1237 3637 1290 quo-

2059 1308 2199 1362 niam
2223 1309 2334 1378 ipse
2362 1319 2478 1364 erat
2499 1325 2688 1376 senex,
2719 1317 2773 1364 et
2797 1325 2930 1364 uxor
2951 1311 3065 1378 ejus
3092 1319 3421 1380 processerat
3443 1311 3494 1366 in
3523 1311 3638 1367 dic-

2004 1473 2006 1476 _
2057 1396 2158 1452 bus
2185 1400 2316 1453 suis.
2349 1400 2414 1454 Et
2435 1400 2571 1454 dixit
2594 1401 2668 1454 illi
2691 1401 2909 1470 angelus
2940 1418 2951 1452 :
2984 1399 3115 1454 Ecce
3140 1403 3235 1455 eris
3262 1413 3448 1467 tacens,
3472 1414 3516 1455 et
3538 1420 3639 1456 non

2058 1491 2246 1560 poteris
2275 1492 2411 1560 loqui
2441 1509 2596 1562 usque
2619 1493 2672 1546 in
2701 1491 2834 1544 diem
2859 1507 2956 1561 quo
2984 1491 3090 1544 lucc
3115 1480 3258 1558 ﬁant,
3282 1501 3486 1563 propter
3503 1492 3639 1562 quod

2057 1597 2157 1634 non
2183 1584 2440 1637 credidisti
2465 1584 2622 1638 verbis
2653 1584 2772 1637 meis
2791 1625 2804 1648 ,
2834 1599 2946 1653 qua:
2965 1583 3300 1652 implebantur
3333 1585 3384 1637 in
3420 1594 3640 1654 tempore

2055 1688 2166 1725 suo.
2199 1673 2340 1728 idem
2368 1674 2482 1742 ipse
2508 1675 2724 1744 angelus
2752 1675 2894 1727 venit
2913 1673 2978 1726 ad
3002 1673 3239 1738 Mariam,
3265 1674 3468 1727 nuntiat
3486 1673 3639 1727 Chri-

2057 1772 2197 1817 stum
2227 1765 2552 1820 nasciturum
2580 1781 2645 1819 ex
2672 1780 2733 1818 ea
2765 1765 2816 1818 in
2847 1780 3025 1829 carne,
3052 1773 3105 1818 et
3126 1763 3285 1816 Maria
3314 1763 3415 1817 tale
3440 1754 3639 1832 aliquid

2060 1854 2201 1908 dicit.
2231 1855 2323 1909 ille
2359 1856 2499 1909 cnim
2536 1857 2667 1910 dixit
2695 1875 2707 1909 :
2743 1855 2845 1909 Per
2874 1856 2994 1927 quid
3026 1871 3322 1924 cognoscam
3369 1855 3500 1908 hoc?
3529 1855 3640 1925 Ego

2059 1947 2189 2000 enim
2218 1964 2329 2000 sum
2351 1964 2502 2001 senex
2522 1990 2534 2011 ,
2563 1958 2608 2000 et
2642 1964 2771 2002 uxor
2798 1964 2909 2001 mea
2947 1951 3186 2015 processit
3221 1946 3273 1999 in
3307 1943 3480 2000 diebus
3514 1947 3636 2000 suis.

2059 2039 2129 2092 Et
2156 2038 2352 2094 dicitur
2377 2040 2424 2093 ei
2461 2057 2473 2093 :
2506 2037 2639 2092 Ecce
2683 2039 2782 2092 eris
2821 2049 2991 2092 tacens
3017 2055 3035 2091 :
3060 2048 3106 2091 et
3137 2055 3235 2092 non
3280 2038 3468 2108 poteris
3508 2038 3643 2106 loqui

2058 2145 2216 2200 usque
2243 2132 2295 2184 in
2325 2130 2456 2186 diem
2498 2148 2595 2200 quo
2621 2132 2726 2185 litvo
2767 2131 3124 2200 implebantur,
3160 2139 3360 2200 prapter
3384 2129 3517 2200 quod
3542 2147 3644 2184 non

2060 2221 2317 2275 credidisti
2340 2222 2497 2274 verbis
2527 2223 2668 2275 meis.
2711 2222 2777 2276 Et
2805 2222 3009 2290 accepit
3034 2221 3347 2289 supplicium
3376 2220 3646 2274 taciturni-

2063 2314 2217 2377 tatis,
2252 2313 2442 2366 merito
2478 2311 2823 2366 inﬁdelitatis.
2857 2311 2994 2379 Quid
3037 2311 3244 2364 dixerat
3290 2309 3548 2379 propheta
3579 2309 3645 2364 de

2060 2400 2295 2456 Joanne?
2340 2401 2445 2456 νοω
2481 2403 2746 2456 clamantis
2779 2403 2831 2455 in
2851 2418 3013 2455 eremo
3037 2399 3187 2473 (Isai.
3222 2416 3294 2454 xx.
3316 2439 3331 2464 ,
3361 2400 3436 2470 '5).
3483 2398 3646 2454 Tacet

2061 2493 2342 2547 Zacharias
2371 2502 2716 2562 generaturus
2746 2505 2952 2546 vocem.
2982 2490 3114 2559 Quia
3139 2505 3244 2545 non
3282 2487 3539 2555 credidit,
3567 2497 3643 2541 ta-

2061 2587 2205 2640 cuit:
2239 2587 2430 2641 merito
2454 2586 2716 2642 obmutuit
2757 2599 3032 2655 quousque
3071 2599 3174 2638 vox
3214 2574 3540 2638 nasceretur.
3587 2580 3645 2636 Si

2061 2679 2204 2732 enim
2241 2688 2385 2733 recte
2420 2677 2619 2732 dictum
2645 2686 2762 2745 est,
2793 2677 2900 2732 imo
2937 2676 3061 2746 quia
3090 2675 3244 2730 valde
3277 2684 3421 2730 recte
3447 2674 3646 2728 dictum

2063 2768 2221 2824 estin
2252 2777 2438 2824 sancto
2484 2768 2688 2838 psalmo
2712 2809 2728 2834 ,
2759 2766 2997 2832 Credidi,
3045 2774 3247 2836 propter
3278 2766 3413 2833 quod
3453 2763 3648 2818 locutus

2063 2877 2173 2916 sum
2199 2859 2370 2931 (Psal.
2412 2875 2535 2927 cxv,
2572 2858 2658 2931 10)
2691 2877 2702 2915 :
2736 2859 2856 2930 quia
2883 2874 2990 2913 non
3020 2857 3289 2921 credebat,
3321 2855 3511 2911 merito
3541 2870 3648 2910 non

2065 2955 2398 3024 loquebatur.
2432 2955 2537 3010 Sed
2563 2970 2692 3024 rogo
2711 2995 2727 3019 ,
2762 2955 2984 3008 Domine
3005 2993 3020 3019 ,
3051 2967 3172 3007 cum
3201 2948 3538 3007 audientibus
3563 2965 3650 3006 tuo

2068 3046 2264 3114 pariter
2289 3046 2462 3114 pulso,
2491 3046 2636 3115 aperi
2665 3045 2840 3111 nobis,
2874 3058 3082 3113 expone
3112 3041 3265 3096 nobis
3289 3041 3414 3112 quid
3435 3041 3535 3096 sibi
3561 3055 3650 3095 ve-

2066 3137 2128 3191 lit
2153 3137 2268 3191 lncc
2294 3137 2541 3206 qumstio.
2574 3136 2773 3190 Causas
2797 3136 2988 3204 qumrit
3025 3133 3311 3188 Zacharias
3335 3134 3401 3188 ab
3427 3133 3614 3201 angelo
3631 3173 3647 3197 ,

2067 3242 2165 3297 per
2184 3226 2308 3296 quid
2333 3234 2680 3295 cognosceret
2707 3225 2851 3294 quod
2874 3225 2948 3277 illi
2984 3225 3352 3278 annuntiatum
3382 3233 3481 3288 est,
3513 3238 3650 3293 quo-

2067 3320 2210 3373 niam
2255 3333 2420 3372 sencx
2443 3325 2588 3381 erat,
2621 3326 2675 3370 et
2718 3331 2851 3370 uxor
2885 3314 3001 3384 ejus
3037 3328 3318 3386 progressa
3367 3315 3420 3369 iu
3462 3315 3651 3369 diebus

2067 3410 2176 3464 suis
2206 3426 2217 3460 :
2251 3408 2446 3461 dicitur
2468 3408 2515 3462 ei
2543 3447 2556 3469 ,
2600 3395 2852 3472 Quoniam
2896 3422 2998 3459 non
3028 3406 3320 3471 credidisti,
3343 3406 3440 3458 eris
3462 3415 3648 3461 tacens.

2064 3500 2344 3558 Nuntiatur
2368 3497 2607 3550 Christus
2630 3495 2819 3565 virgini
2845 3495 3043 3560 Mai-ise,
3071 3505 3124 3550 et
3145 3497 3256 3564 ipsa
3277 3509 3488 3550 causam
3509 3511 3651 3564 quae-

2065 3607 2155 3664 rit,
2187 3604 2243 3651 et
2265 3597 2390 3650 dicit
2418 3595 2626 3662 angelo,
2654 3586 2917 3660 Quomodo
2937 3587 3023 3658 [iet
3042 3585 3177 3640 istud
3193 3585 3465 3654 Maeniam
3490 3586 3651 3639 virum

2067 3704 2167 3742 non
2197 3703 2458 3757 cognosco.
2492 3686 2558 3739 Et
2598 3685 2714 3748 ille,
2747 3683 2848 3738 Per
2884 3683 3005 3755 quid
3043 3693 3340 3754 cognoscam
3385 3676 3512 3729 hoc?
3538 3675 3650 3746 Ego

2068 3779 2200 3832 enim
2223 3793 2333 3830 sum
2357 3793 2528 3843 senex,
2553 3784 2596 3829 et
2612 3791 2738 3829 uxor
2755 3791 2863 3828 mea
2878 3790 3140 3844 progressa
3167 3775 3220 3826 in
3243 3773 3415 3827 diebus
3437 3767 3559 3827 suis.
3588 3767 3652 3820 Et

2069 3872 2178 3939 illa,
2226 3871 2491 3938 Quomodo
2540 3871 2623 3938 [iet
2684 3868 2863 3923 istud?
2912 3868 3160 3934 Quoniam
3213 3867 3374 3918 virum
3422 3883 3521 3919 non
3568 3883 3651 3920 co-

2069 3980 2276 4036 gnosco.
2302 3963 2379 4017 illi
2408 3961 2624 4026 dicitur,
2646 3959 2890 4023 Tacebis,
2921 3959 3042 4028 quia
3069 3973 3173 4012 non
3218 3957 3392 4011 credis
3425 3974 3437 4009 :
3465 3957 3537 4010 illi
3559 3973 3651 4010 au-

2073 4066 2176 4112 tem
2206 4070 2364 4110 causa
2389 4053 2672 4122 exponitur
2694 4094 2709 4118 ,
2732 4051 3001 4104 silentium
3027 4065 3130 4104 non
3171 4049 3480 4118 imponitur.
3511 4048 3651 4112 Quo-

2071 4148 2220 4203 modo
2245 4147 2330 4217 ﬁet
2356 4145 2491 4198 istud
2513 4146 2538 4198 ?
2569 4143 2821 4208 Quoniam
2847 4143 3005 4195 virum
3031 4156 3130 4194 non
3168 4155 3432 4209 cognosco.
3463 4139 3530 4192 Et
3550 4153 3650 4192 an-

2073 4240 2222 4310 gelus
2252 4256 2264 4292 :
2299 4237 2526 4307 Spiritus
2550 4245 2752 4289 sanctus
2787 4232 3096 4304 superveniet
3124 4231 3176 4283 in
3197 4240 3276 4295 te,
3301 4238 3346 4283 et
3373 4230 3526 4282 virtus
3555 4228 3651 4282 Al-

2073 4330 2252 4385 tissimi
2274 4327 2587 4382 obambrabit
2625 4326 2730 4378 tibi.
2762 4324 2902 4378 Ecce
2927 4320 3192 4391 quomodo
3223 4319 3310 4374 ﬁet
3338 4318 3478 4389 quod
3503 4334 3651 4388 quac-

2071 4423 2146 4477 ris
2167 4463 2181 4486 ,
2212 4434 2338 4475 ecce
2373 4417 2639 4488 quomodo
2677 4417 2846 4469 virum
2877 4428 2982 4466 non
3027 4411 3302 4481 cognoscis
3342 4420 3396 4464 et
3441 4408 3650 4478 paries,

2074 4527 2197 4580 ecce
2219 4508 2487 4580 quomodo
2512 4527 2524 4562 :
2549 4508 2672 4577 quia
2704 4505 2927 4575 Spiritus
2948 4511 3147 4559 sanctus
3173 4501 3479 4572 superveniet
3503 4501 3554 4553 in
3584 4510 3649 4564 te,

2074 4613 2118 4658 et
2141 4603 2296 4655 virtus
2315 4599 2561 4654 Altissimi
2597 4596 2906 4652 obambrabit
2935 4593 3042 4646 tibi.
3086 4593 3200 4646 Non
3249 4591 3432 4645 timeas
3461 4599 3649 4644 aestum

2075 4694 2333 4760 libidinis,
2356 4692 2456 4748 sub
2479 4699 2637 4746 tanta:
2660 4688 2967 4744 umbraculo
2991 4683 3304 4742 sanctitatis.
3327 4683 3499 4750 Quare
3516 4682 3652 4738 hoc?

2074 4787 2131 4843 Si
2173 4786 2333 4842 verba
2385 4783 2758 4848 attendamus,
2801 4789 2894 4834 aut
2932 4779 3087 4833 ambo
3133 4775 3512 4841 crediderunt,
3558 4783 3650 4829 aut

2073 4879 2232 4933 ambo
2269 4876 2660 4942 dubitaverunt,
2717 4871 2996 4926 Zacharias
3049 4877 3102 4922 et
3159 4867 3340 4921 Maria.
3393 4866 3498 4922 Sed
3554 4881 3651 4922 nos

2075 4969 2236 5024 verba
2277 4967 2515 5022 valemus
2555 4965 2743 5020 audire
2775 4980 2788 5016 :
2821 4963 2962 5016 Deus
2988 4966 3164 5029 potest
3190 4966 3246 5014 et
3281 4957 3441 5012 corda
3482 4958 3652 5011 inter-

2073 5075 2287 5131 rogare.

2146 5146 2370 5206 CAPUT
2407 5148 2473 5204 γ.
2498 5178 2572 5189 —
2596 5149 2650 5204 5.
2678 5143 2956 5200 Zacharias
2992 5141 3302 5213 desperando
3341 5141 3646 5210 interrogat,

2078 5243 2254 5297 Maria
2272 5240 2592 5312 inquirendo.
2630 5236 2807 5292 Gratia
2835 5233 2931 5287 Dei
2960 5249 3112 5302 quam
3139 5232 3360 5286 maxima
3387 5231 3439 5283 in
3485 5231 3652 5282 incaro

2077 5333 2275 5387 natione
2309 5327 2478 5387 Verbi.
2509 5325 2882 5394 intelligimus,
2913 5320 3243 5388 charissimi,
3271 5318 3518 5389 quoniam
3553 5317 3652 5370 Ζει-

2077 5424 2292 5479 chariau
2314 5419 2524 5492 quando
2549 5419 2643 5480 ait,
2666 5415 2770 5469 Per
2790 5413 2910 5484 quid
2935 5428 3232 5483 cognoscam
3255 5411 3346 5464 hoc
3360 5411 3386 5462 .9
3407 5426 3496 5479 ego
3517 5409 3651 5461 enim

2077 5535 2188 5574 sum
2215 5531 2367 5571 senex
2385 5556 2398 5579 ,
2429 5522 2474 5566 et
2502 5528 2629 5566 uxor
2666 5526 2774 5563 mea
2816 5524 3077 5579 progressa
3101 5507 3154 5559 in
3183 5504 3354 5558 diebus
3392 5503 3522 5566 suis,
3553 5501 3649 5556 de-

2079 5607 2342 5680 sperando
2371 5605 2539 5669 dixit,
2571 5619 2676 5657 non
2716 5599 3030 5670 inquirendo
3061 5617 3072 5652 :
3099 5597 3260 5652 Maria
3287 5611 3414 5650 vero
3441 5591 3650 5663 quando

2083 5720 2113 5762 e
2145 5711 2328 5759 contra
2357 5698 2449 5764 ait,
2480 5697 2740 5764 Quomodo
2767 5695 2850 5763 ﬁet
2877 5693 3012 5748 istud
3033 5694 3055 5747 ?
3081 5693 3314 5758 quoniam
3341 5689 3498 5741 virum
3540 5699 3646 5737 non
