4102 6326
491 305 632 368 {Sis

490 437 757 496 cognosco,
785 413 1098 489 inquirendo
1127 414 1280 478 dixit,
1306 427 1410 466 non
1440 409 1796 480 desperando.
1839 409 1970 462 Dum
1998 409 2069 461 iu-

490 512 798 583 terrogavit,
827 523 932 563 non
959 506 1026 561 de
1054 504 1407 576 promissione
1431 500 1710 556 dubitavit.
1737 499 1782 555 Ο
1805 515 1930 554 vere
1949 513 2070 570 gra-

487 606 559 660 tia
588 603 744 674 plena
771 603 784 656 !
817 598 908 655 Sic
931 605 1016 654 est
1038 595 1181 652 enim
1206 594 1274 649 ab
1293 593 1483 664 angelo
1513 593 1761 658 salutata,
1792 590 1913 657 Ave,
1946 606 2067 660 gra-

483 698 554 748 tia
593 693 762 764 plena.
815 688 944 757 Quis
995 687 1132 742 hanc
1187 685 1419 755 explicet
1460 683 1722 753 gratiam?
1763 681 1893 749 Quis
1947 679 2070 734 huic

481 785 667 855 gratia:
691 783 891 854 gratias
916 780 1120 852 agendo
1135 775 1398 833 sufﬁciat?
1421 774 1506 831 Fit
1525 775 1707 842 homo,
1725 782 1780 831 et
1807 789 1904 844 per
1931 772 2068 827 libe-

481 893 600 932 rum
629 876 906 932 arbitrium
933 874 1070 944 perit
1093 873 1253 927 homo
1273 913 1288 939 ,
1319 881 1374 926 et
1400 870 1668 925 invenitur
1702 869 1863 924 homo
1898 867 2068 921 lactus

483 969 572 1039 qui
602 968 747 1035 fecit,
780 982 848 1023 ne
874 967 1070 1037 periret
1098 979 1254 1036 quem
1282 963 1425 1020 fecit.
1453 961 1509 1018 In
1545 963 1805 1034 principio
1833 959 2066 1016 Verbum

482 1062 625 1117 Deus
666 1060 808 1130 apud
851 1059 1040 1125 Deum,
1091 1073 1186 1129 per
1228 1055 1369 1127 quod
1395 1056 1573 1112 omnia
1617 1056 1751 1110 facta
1797 1060 1952 1120 sunt,
2010 1053 2068 1106 lit

482 1167 640 1208 caro:
669 1151 884 1207 Verbum
897 1167 1014 1205 caro
1034 1155 1219 1221 factum
1232 1159 1322 1214 est,
1337 1159 1384 1203 et
1402 1148 1706 1202 habitavitin
1723 1146 1864 1201 nobis
1885 1143 2063 1215 (Joan.

481 1260 520 1310 ι,
551 1244 662 1315 Η).
689 1241 826 1299 Caro
853 1243 910 1297 iit
937 1241 1188 1306 Verbum,
1223 1240 1317 1296 sed
1339 1256 1464 1296 caro
1491 1239 1696 1296 accedit
1715 1239 1782 1294 ad
1808 1236 2062 1306 Verbum,

481 1347 589 1389 non
616 1334 753 1404 perit
779 1333 833 1387 in
858 1348 1019 1388 carne
1045 1331 1299 1387 Verbum.
1328 1331 1371 1386 Ο
1392 1332 1557 1402 gratia
1579 1331 1592 1385 l
1624 1330 1691 1386 Ut
1717 1330 1819 1385 hoc
1843 1329 2068 1385 habere-

481 1440 623 1490 mus,
651 1423 778 1494 quid
795 1423 937 1494 digni
959 1436 1172 1478 eramus
1195 1425 1254 1478 “l

549 1511 778 1571 CAPUT
807 1514 895 1570 Vl.
917 1545 987 1554 —
1007 1517 1061 1570 ϐ.
1093 1514 1304 1582 Divites,
1333 1515 1389 1568 id
1411 1522 1482 1570 est
1502 1513 1722 1585 superbi,
1745 1509 2065 1568 exinaniendi

476 1613 632 1670 sunt;
655 1614 702 1660 et
740 1606 1040 1670 esurientes,
1085 1605 1140 1660 id
1168 1614 1239 1659 est
1276 1606 1489 1658 humiles
1512 1646 1528 1671 ,
1568 1604 1830 1674 implendi.
1874 1600 2066 1656 Phari-

475 1713 628 1766 steus,
654 1698 824 1764 dives;
846 1693 1160 1752 Publicanus
1178 1738 1192 1763 ,
1222 1713 1434 1769 pauper.
1481 1696 1588 1752 Sed
1615 1695 1788 1751 videte
1826 1695 1952 1766 quid
1982 1695 2064 1750 di-

476 1798 561 1844 cat
587 1789 700 1860 ipsa
725 1797 906 1844 sancta
929 1788 1090 1844 Maria
1111 1829 1126 1854 ,
1156 1789 1313 1858 plena
1338 1787 1460 1852 lide,
1494 1787 1650 1856 plena
1676 1787 1864 1856 gratia,
1891 1795 2063 1840 mater

475 1879 673 1947 futura,
705 1880 852 1950 virgo
880 1893 1247 1950 permansura.
1279 1877 1414 1946 Quid
1443 1877 1570 1932 dicit
1595 1878 1734 1932 inter
1757 1887 1968 1943 caetera,
1993 1876 2060 1931 de

475 1969 666 2039 quibus
712 1969 933 2039 singulis
977 1969 1152 2040 loqui,
1181 1968 1336 2023 valde
1378 1967 1599 2022 multum
1640 1966 1754 2022 est?
1773 1965 1909 2033 Quid
1954 1965 2061 2020 ait?

475 2058 769 2114 Esurientes
794 2060 1016 2129 implevit
1045 2060 1206 2125 bonis,
1231 2068 1278 2113 et
1300 2059 1475 2112 divites
1497 2058 1688 2112 dimisit
1708 2059 1882 2112 inanes
1907 2056 2056 2130 (Luc.

474 2151 538 2219 ι).
570 2148 670 2216 Qui
701 2158 823 2204 sunt
847 2150 1181 2205 esurientes?
1203 2149 1461 2214 Humiles,
1481 2149 1795 2220 indigentes.
1819 2148 1917 2216 Qui
1939 2157 2062 2204 sunt

474 2239 703 2295 divites?
748 2239 974 2309 Superbi
1017 2249 1071 2295 et
1118 2239 1303 2294 inﬂati.
1365 2238 1481 2293 Non
1526 2254 1622 2294 vos
1663 2240 1819 2310 longe
1860 2240 2057 2295 mitto:

473 2327 698 2383 ostendo
722 2329 872 2385 vobis
898 2327 1057 2384 modo
1087 2333 1139 2384 in
1166 2343 1272 2384 uno
1297 2329 1495 2398 templo
1514 2328 1730 2384 divitem
1752 2330 1819 2385 de
1839 2330 1944 2385 illis
1969 2330 2060 2400 qui

473 2417 808 2476 dimittuntur
831 2421 1016 2477 inanes
1038 2462 1052 2489 ,
1082 2429 1137 2478 et
1164 2436 1453 2492 pauperem
1482 2421 1550 2476 de
1577 2422 1681 2477 illis
1705 2423 1796 2492 qui
1837 2423 2062 2493 implen-

474 2519 558 2568 tur
582 2514 752 2568 bonis.
795 2515 1138 2568 Ascenderunt
1171 2514 1272 2569 duo
1309 2514 1363 2568 in
1413 2513 1658 2586 templum
1699 2531 1846 2568 orare
1868 2529 1888 2579 ;
1927 2529 2060 2569 unus

472 2607 773 2676 phariswus,
801 2615 847 2662 et
870 2608 998 2662 alter
1024 2607 1342 2677 publicanus.
1374 2607 1668 2662 Phariswus
1687 2607 1900 2661 dicebat.
1922 2606 2058 2675 Quid

470 2698 715 2753 dicebat?
740 2699 970 2754 Attende
1006 2699 1224 2754 divitem
1265 2698 1525 2768 indigesta
1572 2706 1871 2753 ructantem
1895 2739 1910 2764 ,
1941 2713 2062 2752 cra-

471 2789 648 2858 pulam
673 2789 1032 2857 exhalantem,
1057 2791 1150 2845 sed
1179 2790 1464 2859 superbiae,
1487 2805 1592 2845 non
1618 2789 1870 2860 justitize:
1898 2788 2055 2855 Deus,

470 2879 658 2948 inquit,
684 2881 872 2951 gratias
910 2881 997 2934 tibi
1017 2896 1114 2951 ago
1133 2921 1148 2947 ,
1179 2881 1298 2951 quia
1324 2896 1425 2934 non
1460 2897 1574 2934 sum
1609 2880 1742 2935 sicut
1769 2881 1936 2934 caueri
1961 2879 2057 2934 lto-

470 2970 648 3037 mines,
677 2981 926 3040 raptores,
953 2971 1150 3041 injusti,
1180 2971 1430 3038 adulteri,
1455 2971 1586 3025 sicut
1621 2969 1919 3041 publicanus
1941 2970 2056 3026 iste.

468 3059 658 3133 Jejuno
711 3064 784 3116 bis
820 3064 873 3117 in
913 3062 1149 3129 sabbato,
1181 3063 1402 3118 decimas
1437 3063 1503 3117 do
1544 3065 1767 3117 omnium
1803 3079 1916 3134 quis
1942 3081 2057 3134 pos-

469 3151 628 3204 sideo.
655 3151 861 3222 Rogare
900 3167 1126 3208 veneras
1147 3192 1162 3221 ,
1186 3169 1252 3207 an
1280 3161 1331 3208 te
1363 3153 1620 3208 laudare?
1649 3154 1841 3208 Totum
1881 3165 1934 3209 te
1965 3155 2058 3210 ha-

470 3243 598 3299 bere
626 3243 806 3299 dixisti
839 3262 852 3299 :
887 3246 1018 3300 nihil
1047 3255 1296 3316 tanquam
1327 3259 1490 3316 egens
1533 3245 1732 3315 petisti.
1778 3245 2056 3311 Quomodo

471 3349 601 3405 ergo
626 3349 780 3390 orare
801 3336 1031 3391 venisti?
1059 3335 1264 3391 Gratias
1293 3337 1381 3389 tibi
1404 3351 1500 3406 ago
1521 3375 1537 3401 ,
1562 3335 1797 3389 Domine.
1835 3335 1950 3390 Non
1976 3337 2057 3391 di-

469 3425 584 3479 cit:
618 3426 871 3493 Domine,
897 3426 964 3481 da
993 3427 1122 3482 mihi
1164 3426 1410 3497 gratiam.
1455 3424 1587 3490 Quia
1626 3441 1727 3480 non
1769 3442 1880 3479 sum
1925 3428 2054 3482 sicut

459 3517 634 3570 .rscteri
660 3517 900 3580 homines,
932 3526 1158 3587 raptores
1182 3558 1197 3584 ,
1226 3516 1419 3587 injusti,
1451 3515 1687 3570 adulteri.
1719 3517 1858 3587 Ergo
1883 3525 1938 3572 tu
1967 3533 2057 3573 so-

469 3607 553 3663 lus
571 3608 776 3678 justus?
807 3608 940 3674 Quia
965 3625 1066 3662 non
1091 3625 1204 3662 sum
1245 3607 1372 3661 sicut
1398 3606 1694 3677 publicanus
1734 3609 1844 3662 iste.
1883 3608 2052 3664 Insul-

470 3709 550 3756 tas
569 3741 584 3765 ,
613 3715 716 3756 non
760 3702 1013 3757 exsultas.
1049 3700 1236 3771 Jejuno
1265 3701 1339 3755 bis
1366 3701 1421 3754 in
1453 3700 1659 3755 sabbato
1679 3737 1694 3767 ,
1723 3702 1944 3757 decimas
1985 3705 2052 3759 do

469 3792 700 3845 omnium
728 3807 842 3862 quae
863 3791 1115 3863 possideo.
1141 3790 1186 3846 Ο
1214 3790 1430 3846 divitem
1471 3791 1908 3847 exiuaniendum!
1942 3793 2050 3849 Ve-

467 3883 542 3948 ni,
579 3884 697 3940 veni
720 3898 937 3954 pauper,
965 3885 1205 3938 esuriens
1235 3883 1516 3953 publicane
1547 3901 1561 3938 :
1594 3884 1701 3938 imo
1727 3884 1799 3939 ibi
1827 3893 1928 3953 sta,
1957 3886 2048 3941 ubi

465 3979 595 4027 stas.
628 3972 938 4027 Publicanus
961 3974 1102 4029 enim
1125 3973 1188 4027 de
1212 3975 1485 4044 longinquo
1505 3975 1688 4028 stabat.
1720 3975 1827 4030 Sed
1855 3976 2044 4031 Domi-

465 4077 565 4115 nus
602 4062 789 4117 humili
826 4064 1300 4135 appropinquabat.
1332 4063 1444 4118 Nec
1471 4065 1643 4120 oculos
1669 4067 1722 4119 in
1751 4067 1930 4121 caelum
1955 4084 2050 4121 au-

464 4153 611 4208 debat
654 4155 836 4209 levare.
871 4156 988 4222 Quo
1020 4156 1203 4211 oculos
1253 4171 1362 4212 non
1403 4157 1630 4225 levabat,
1659 4158 1730 4213 ibi
1759 4174 1854 4214 cor
1886 4159 2052 4216 habe-

463 4238 575 4298 bat.
607 4242 713 4298 Sed
760 4243 1064 4312 percutiebat
1105 4255 1276 4314 peetus
1318 4263 1498 4312 suum,
1541 4247 1710 4302 dicens
1751 4265 1770 4303 :
1808 4249 2043 4317 Domine,

463 4334 712 4406 prapitius
737 4343 840 4389 esto
867 4335 991 4389 mihi
1021 4338 1287 4405 peccatori.
1315 4337 1361 4392 Ο
1388 4339 1710 4394 esurientem
1754 4341 1908 4398 bonis
1944 4341 2046 4397 im-

462 4427 710 4496 plendum
730 4427 744 4481 !

533 4519 585 4573 7.
621 4515 943 4573 Dominicum
977 4520 1231 4590 judicium
1277 4519 1340 4574 de
1367 4521 1630 4578 Pharisaeo
1659 4533 1706 4578 et
1743 4524 2040 4582 Publicano.

463 4605 774 4681 Pelagianos
821 4611 1078 4681 redarguit
1105 4611 1216 4680 ipso
1255 4607 1516 4668 Pltariswo
1557 4614 1891 4684 superbiores.
1928 4617 2041 4670 Au-

465 4700 586 4755 disti
612 4739 628 4766 ,
666 4701 888 4756 Domine
912 4743 928 4768 ,
970 4703 1421 4771 controversiam;
1473 4719 1655 4774 prome
1701 4707 2039 4763 sententiam.

463 4792 659 4848 Audite
687 4793 1001 4847 sententiam
1049 4794 1187 4848 inter
1211 4803 1386 4864 partes
1417 4796 1693 4863 prolatam.
1724 4796 1840 4851 Non
1860 4799 2044 4867 appel-

464 4879 540 4937 lat
572 4883 744 4938 victus
768 4925 782 4947 ,
807 4885 928 4954 quia
951 4899 1057 4940 non
1086 4893 1169 4940 est
1194 4885 1261 4939 ad
1291 4901 1470 4955 quem.
1500 4884 1616 4942 Non
1640 4889 1783 4944 enim
1811 4892 2043 4961 appellat

458 4988 488 5028 a
513 4972 648 5028 Filio
677 4975 741 5028 ad
765 4973 996 5030 Patrem.
1027 4975 1165 5031 Deus
1193 4976 1335 5031 enim
1360 4976 1519 5031 Pater
1537 4995 1638 5033 non
1651 4981 1850 5051 judicat
1870 4997 2043 5052 quem-

457 5075 635 5135 quam;
660 5065 749 5120 sed
773 5082 916 5120 omne
934 5067 1187 5137 judicium
1207 5067 1343 5122 dedit
1365 5067 1503 5123 Filio
1521 5068 1701 5139 (Joan.
1727 5088 1780 5140 v,
1810 5071 1926 5144 22).
1951 5074 2041 5129 οἱ·

458 5165 543 5211 cat
564 5172 692 5227 ergo
707 5158 1018 5212 sententiam
1041 5160 1178 5215 inter
1197 5171 1373 5230 partes
1394 5160 1620 5217 Veritas.
1642 5162 1821 5230 Amen,
1846 5165 2035 5235 inquit,

459 5247 575 5303 dico
603 5249 741 5303 vobis
764 5290 779 5316 ,
810 5250 927 5320 quia
966 5248 1220 5304 descendit
1257 5250 1337 5306 hic
1372 5253 1683 5323 justi/iratus
1711 5255 1774 5309 de
1810 5257 1995 5326 templo
2020 5298 2033 5322 ,

460 5340 621 5412 magis
650 5357 800 5411 quam
818 5339 908 5396 ille
945 5340 1242 5412 pharisaeus.
1285 5343 1460 5411 Quare
1491 5346 1619 5412 hoc,
1651 5359 1782 5416 rogo
1818 5347 1905 5400 te?
1935 5363 2037 5417 qua

457 5429 698 5500 iustitia?
744 5432 836 5486 Vis
859 5432 1078 5494 audire?
1115 5433 1364 5499 Quoniam
1405 5439 1566 5490 omnis
1597 5445 1684 5507 qui
1722 5453 1775 5492 se
1816 5438 2034 5504 exaltat,

463 5523 834 5593 humiliabitur;
863 5537 908 5581 et
926 5527 1013 5597 qui
1036 5545 1090 5583 se
1103 5527 1355 5596 Immiliat,
1380 5531 1678 5585 exaltabitur
1699 5532 1847 5604 (Luc.
1878 5547 2033 5597 xvm,

466 5616 668 5687 10-14).
698 5620 740 5673 A
769 5632 876 5690 quo
901 5619 1001 5675 iste
1030 5620 1366 5688 exaltabitur,
1393 5630 1444 5677 et
1465 5623 1554 5693 qui
1575 5637 1634 5679 se
1652 5623 1849 5679 exaltat
1873 5623 2037 5679 humi.

427 5715 446 5726 ”
525 5724 542 5760 ¹
569 5728 642 5777 sic
665 5736 762 5779 Am.
787 5737 861 5782 Er.
890 5740 940 5785 et
962 5740 1068 5784 Mss.
1095 5741 1149 5784 At
1171 5740 1300 5793 tov.,
1324 5746 1416 5792 quo
1438 5732 1577 5795 digni
1594 5747 1686 5786 non
1716 5747 1908 5787 eramus
2009 5752 2034 5798 ε

1708 298 1766 352 S.
1808 285 2172 352 AUGUSTlNl
2213 294 2510 351 EPISCOPI

3629 305 3764 362 i5l6

2179 410 2407 464 liabitur.
2439 410 2572 477 Quia
2603 420 2873 466 esurientes
2892 411 3114 484 implevit
3148 415 3308 482 bonis,
3340 424 3386 470 et
3413 417 3588 476 divites
3615 421 3769 476 dimi-

2174 508 2238 560 εει
2261 500 2456 556 inanes.
2489 501 2634 558 Vade
2670 519 2810 558 nunc
2835 545 2849 570 ,
2878 513 2934 560 et
2975 505 3169 560 ventila
3201 506 3415 563 divitias
3443 518 3560 566 tuas
3587 528 3600 564 :
3624 511 3769 580 jacta

2176 603 2251 663 te,
2280 604 2335 651 et
2364 596 2483 665 dic,
2515 597 2675 652 Dives
2711 613 2849 653 sum.
2882 598 3052 667 Quam
3095 599 3282 656 dives?
3307 600 3362 657 Si
3401 603 3525 658 volo
3547 646 3564 670 ,
3587 605 3768 676 justus

2174 699 2326 752 sum;
2361 685 2405 740 si
2432 687 2575 754 nolo,
2598 686 2772 757 justus
2793 703 2898 743 non
2928 703 3067 744 sum.
3098 689 3154 744 In
3194 700 3455 761 potestate
3490 692 3660 750 habeo
3678 695 3769 766 ju-

2174 783 2315 830 stum
2341 789 2480 842 esse,
2512 784 2567 830 et
2586 777 2785 847 justum
2811 793 2918 833 non
2940 793 3080 835 esse.
3110 779 3226 836 Non
3249 780 3402 836 audis
3424 784 3479 838 in
3511 785 3725 841 Psalmo
3746 828 3760 849 ,

2177 861 2278 930 Qui
2313 866 2574 935 conﬁdunt
2613 868 2668 921 in
2704 868 2882 923 virtute
2917 878 3010 924 sua
3048 867 3222 940 (Psal.
3264 887 3453 939 xcvm,
3494 872 3588 945 7)?
3619 876 3765 948 Ergo

2173 953 2313 1011 Deus
2341 956 2436 1011 tibi
2479 971 2729 1025 carnem,
2755 959 2898 1015 Deus
2926 960 3021 1015 tibi
3066 977 3313 1031 sensum,
3345 964 3486 1020 Deus
3527 965 3620 1020 tibi
3647 966 3766 1022 ani-

2173 1063 2337 1116 mam,
2361 1049 2509 1105 Deus
2531 1051 2624 1105 tibi
2645 1060 2878 1108 mentem
2899 1094 2915 1120 ,
2942 1054 3080 1110 Deus
3109 1055 3202 1110 tibi
3230 1057 3635 1128 intelligentiam
3665 1060 3764 1116 de-

2171 1139 2289 1195 dit:
2319 1150 2374 1196 tu
2417 1143 2514 1198 das
2567 1144 2660 1200 tibi
2691 1145 2790 1214 ipsi
2829 1145 3127 1216 justitiam?
3155 1149 3290 1214 Quid
3314 1159 3396 1204 est
3437 1166 3596 1218 caro,
3628 1148 3760 1223 quid

2170 1242 2296 1288 sunt
2320 1249 2529 1303 sensus,
2564 1237 2688 1306 quid
2712 1245 2796 1292 est
2822 1239 2997 1293 anima
3021 1280 3036 1307 ,
3063 1241 3188 1311 quid
3214 1253 3295 1297 est
3322 1260 3494 1310 mens,
3523 1247 3650 1316 quid
3676 1257 3760 1303 est

2171 1321 2515 1394 intelligentia
2537 1326 2652 1381 sine
2673 1326 2912 1397 iustitia?
2940 1329 3126 1387 Nonne
3161 1335 3340 1388 omnia
3369 1337 3497 1402 ista,
3527 1339 3570 1391 si
3592 1337 3757 1407 justia

2169 1411 2240 1466 tia
2266 1419 2502 1481 careant,
2531 1415 2597 1470 ad
2625 1431 2834 1486 pmnam
2857 1419 3147 1476 valebunt?
3177 1425 3313 1495 Ergo
3343 1433 3448 1480 tam
3478 1427 3628 1483 dives
3654 1445 3716 1485 es
3737 1464 3754 1496 ,

2169 1511 2228 1558 ut
2255 1517 2376 1558 cum
2414 1505 2555 1561 Deus
2591 1506 2682 1561 tibi
2725 1507 2933 1565 dederit
2971 1511 3245 1581 inferiora,
3274 1515 3369 1570 des
3393 1517 3484 1571 tibi
3510 1519 3758 1587 potiora?

2167 1592 2306 1650 Male
2331 1593 2501 1663 dives,
2524 1597 2875 1656 exinaniende
2911 1601 3097 1669 dives;
3127 1605 3172 1659 si
3207 1615 3380 1662 tamen
3407 1609 3570 1664 habes
3608 1613 3754 1681 quod

2169 1692 2221 1738 te
2277 1685 2475 1742 habere
2515 1687 2691 1742 dixisti
2747 1705 2763 1744 :
2822 1691 2959 1758 Quid
3014 1694 3166 1750 habes
3221 1698 3357 1767 quod
3415 1716 3516 1753 non
3562 1704 3753 1771 accepio'

2165 1780 2228 1829 stt
2257 1775 2301 1847 (l
2319 1775 2437 1831 Cor.
2479 1793 2553 1843 tv,
2580 1779 2677 1850 7)?
2704 1779 2813 1837 Nec
2842 1783 3032 1839 saltem
3061 1801 3090 1839 a
3113 1789 3342 1857 superbo
3377 1798 3430 1844 et
3459 1791 3619 1848 divite
3661 1794 3754 1847 illo

2166 1867 2458 1934 pharisaro,
2485 1868 2550 1923 de
2577 1869 2661 1924 his
2689 1887 2807 1940 qua:
2841 1882 2892 1928 te
2926 1873 3125 1933 habere
3155 1878 3333 1934 dixisti
3358 1922 3373 1948 ,
3402 1884 3598 1952 gratias
3643 1884 3753 1939 Do-

2165 1957 2309 2014 mino
2327 1973 2484 2030 agere
2507 1961 2757 2018 didicisti.

2621 2095 2848 2153 διετιθιο
2886 2093 3122 2156 οοχωι
3154 2102 3250 2177 (η).

2542 2205 2596 2254 In
2626 2204 2775 2255 Natali
2803 2210 3000 2260 Joannis
3032 2214 3271 2276 Baptista,
3304 2231 3353 2267 v.

2235 2314 2290 2368 i.
2344 2306 2562 2372 Joannis
2621 2319 2855 2375 nativitas
2903 2323 3149 2380 mirabilis
3201 2339 3407 2400 propter
3464 2328 3738 2390 Christum.

2163 2401 2330 2470 Quem
2347 2405 2486 2461 diem
2507 2409 2842 2467 celebramus
2863 2412 3175 2471 hodiernum
3202 2420 3351 2474 vobis
3366 2420 3468 2478 dici
3487 2440 3592 2479 non
3613 2441 3750 2496 opus

2163 2502 2265 2559 est,
2287 2497 2411 2566 quia
2440 2513 2649 2570 omnes,
2671 2517 2791 2558 cum
2815 2504 3157 2577 Evangelium
3184 2509 3470 2582 legeretur,
3499 2518 3745 2575 audistis.

2164 2584 2333 2644 Hodie
2375 2594 2678 2662 accepimus
2705 2607 2948 2652 sanctum
2993 2599 3254 2657 Joannem
3282 2605 3486 2662 Domini
3511 2624 3750 2679 przecur-

2162 2694 2361 2746 sarem,
2387 2685 2583 2739 sterilis
2606 2686 2773 2741 ﬁlium
2813 2689 3143 2746 nuntiantem
3175 2693 3392 2766 virginis
3416 2697 3582 2755 ﬁlium
3604 2743 3619 2768 ,
3651 2703 3748 2758 sed

2163 2778 2339 2827 tamen
2366 2790 2577 2830 servum
2613 2779 2946 2836 nuntiantem
2975 2783 3276 2840 Dominum.
3307 2788 3436 2856 Quia
3462 2792 3604 2847 enim
3626 2809 3750 2850 veno

2162 2867 2312 2916 turus
2340 2873 2454 2919 erat
2479 2880 2574 2935 per
2594 2869 2850 2939 virginem
2877 2873 3014 2929 Deus
3036 2874 3217 2942 homo,
3243 2883 3512 2948 praecessit
3535 2899 3657 2939 eum
3678 2886 3746 2942 de

2160 2956 2326 3009 sterili
2353 2958 2608 3014 mirabilis
2634 2961 2794 3016 homo
2824 2983 2838 3018 :
2862 2974 2919 3019 ut
2941 2981 3062 3021 cum
3091 2982 3150 3024 se
3177 2970 3448 3042 indignum
3473 2974 3620 3042 dicit,
3653 2993 3746 3032 cu-

2154 3045 2244 3116 jus
2289 3048 2636 3105 caleeamenti
2693 3055 2974 3126 corrigiam
3019 3060 3192 3114 solvat
3234 3063 3494 3121 mirabilis
3547 3066 3742 3136 homo,

2158 3132 2476 3208 agnoscatur
2514 3144 2653 3198 Deus
2701 3145 2882 3202 homo.
2923 3149 3116 3206 Mirare
3161 3151 3420 3210 Joannem
3445 3199 3460 3223 ,
3487 3132 3744 3228 quantum

2159 3238 2309 3320 potes
2329 3247 2340 3282 :
2360 3230 2572 3288 Christo
2590 3235 2800 3304 prolicit
2827 3240 2967 3309 quod
2990 3241 3220 3297 miraris.
3241 3244 3478 3311 Prolicit,
3503 3249 3740 3320 inquam,

2156 3319 2390 3389 Christo,
2424 3340 2529 3380 non
2555 3329 2676 3397 quia
2715 3338 2770 3384 tu
2797 3342 3018 3401 priestas
3044 3333 3244 3405 aliquid
3283 3337 3531 3406 Christo,
3563 3319 3656 3399 sed
3686 3354 3746 3400 ut

2159 3417 2212 3465 tu
2245 3413 2490 3483 proﬁcias
2511 3416 2562 3470 in
2591 3417 2827 3474 Christo.
2863 3421 3056 3479 Mirare
3083 3437 3211 3496 ergo
3254 3427 3536 3498 Joannem,
3568 3449 3743 3503 quan-

2157 3510 2267 3556 tum
2314 3513 2483 3573 potes.
2529 3507 2740 3564 Audisti
2787 3512 2929 3581 quod
2965 3515 3195 3570 mireris.
3243 3518 3604 3577 Annuntiatur
3645 3540 3744 3593 per

2155 3593 2400 3662 angelum
2424 3597 2559 3666 patri
2597 3599 2860 3656 sacerdoti
2894 3622 2907 3657 :
2936 3618 3122 3660 vocem
3159 3607 3331 3663 aufert
3354 3612 3573 3682 angelus
3603 3617 3741 3683 patri

2153 3701 2262 3742 non
2304 3689 2573 3756 credenti;
2601 3703 2843 3749 remanet
2882 3707 3095 3765 mutus,
3119 3698 3172 3753 in
3200 3699 3292 3755 ﬁlii
3331 3703 3603 3759 nativitate
3641 3721 3742 3761 ex-

2153 3788 2399 3849 spectans
2424 3781 2680 3852 linguam.
2708 3784 2967 3857 Concepit
2986 3788 3201 3856 sterilis,
3229 3796 3475 3865 concepit
3493 3804 3548 3852 et
3563 3807 3697 3854 anus
3723 3813 3737 3855 :

2154 3871 2362 3938 gemina
2388 3871 2760 3943 inlecunditas,
2792 3879 3044 3934 sterilitas
3070 3890 3124 3936 et
3143 3893 3298 3938 tetas.
3322 3884 3525 3942 Dicitur
3552 3888 3619 3944 ab
3639 3904 3739 3944 an-

2151 3959 2271 4025 gelo
2295 3960 2467 4031 qualis
2495 3963 2700 4020 futurus
2728 3967 2797 4020 sit
2821 3985 2835 4021 :
2864 3967 3112 4040 impletur
3136 3972 3188 4026 in
3218 3988 3284 4028 eo
3330 3975 3473 4045 quod
3498 3977 3694 4034 dicitur
3718 3998 3734 4045 ;

2153 4058 2206 4103 et
2225 4052 2364 4120 quod
2386 4053 2617 4109 maxime
2646 4056 2946 4113 mirandum
2969 4069 3078 4127 est,
3108 4061 3356 4133 impletur
3381 4064 3578 4137 Spiritu
3603 4083 3737 4124 san-

2155 4149 2243 4197 cto
2271 4142 2446 4198 adhuc
2470 4156 2537 4200 ex
2575 4153 2728 4202 utero
2754 4150 2938 4204 matris
2966 4167 3095 4207 sum.
3131 4155 3332 4212 Deinde
3359 4159 3602 4215 veniente
3623 4160 3740 4217 Ma-

2148 4234 2227 4288 ria
2277 4245 2491 4304 sancta,
2523 4231 2754 4296 exsultat
2789 4243 2840 4297 in
2890 4252 3067 4313 utero;
3095 4257 3148 4303 et
3189 4265 3348 4320 quem
3393 4268 3496 4307 non
3522 4263 3738 4322 poterat

2149 4328 2386 4394 vocibus,
2413 4331 2609 4385 salutat
2637 4335 2889 4390 motibus.
2916 4335 3160 4393 Nascitur
3184 4379 3199 4405 ,
3227 4340 3316 4395 dat
3340 4344 3472 4410 patri
3504 4360 3691 4401 vocem
3715 4365 3731 4411 ;

2148 4428 2301 4490 pater
2329 4422 2551 4492 loquens
2577 4424 2665 4479 dat
2702 4425 2812 4482 ﬁlio
2842 4442 3034 4484 nomen
3067 4447 3081 4482 :
3112 4435 3374 4488 mirantur
3395 4448 3585 4491 omnes
3611 4446 3733 4493 tan-

2151 4517 2256 4563 tam
2282 4513 2502 4580 gratiam
2540 4512 2692 4584 (Luc.
2717 4516 2779 4588 ι).
2814 4517 2948 4584 Quid
2975 4521 3117 4574 enim
3151 4521 3292 4576 aliud
3319 4539 3479 4593 quam
3517 4527 3732 4597 gratia?

2147 4599 2248 4654 Ubi
2298 4603 2438 4656 enim
2484 4603 2717 4660 Joannes
2759 4607 2858 4662 iste
2898 4611 3194 4678 promeruit
3229 4612 3436 4668 Deum?
3466 4616 3568 4672 Ubi
3618 4634 3734 4688 pro-

2151 4691 2348 4744 meruit
2377 4691 2565 4760 Deum,
2600 4704 2884 4766 antequam
2913 4708 3059 4755 esset
3100 4701 3191 4771 qui
3218 4709 3658 4772 promereretur?
3683 4704 3732 4764 0

2145 4780 2311 4850 gratia
2336 4783 2499 4850 gratis
2519 4783 2639 4838 data
2663 4786 2675 4839 !

2214 4871 2267 4925 2.
2311 4870 2397 4926 Ea:
2419 4874 2767 4945 magnitudine
2801 4876 3020 4934 Joannis
3043 4883 3280 4953 maiestas
3307 4883 3494 4940 Christi
3536 4889 3728 4944 intelli‘

2144 4965 2330 5034 gentia.
2354 4965 2610 5022 Mirantur
2629 4982 2837 5035 omnes,
2866 4972 3269 5044 obstupescunt,
3299 4986 3353 5032 et
3382 4989 3529 5034 motu
3549 4982 3730 5038 cordis

2141 5055 2223 5109 sui
2249 5056 2452 5125 dicunt,
2475 5068 2531 5113 ut
2552 5060 2874 5117 scriberetur
2895 5064 3047 5120 nobis
3071 5067 3212 5136 quod
3243 5068 3507 5138 legeretur
3533 5088 3547 5124 :
3569 5072 3724 5139 Quid,

2144 5156 2323 5217 putas,
2357 5151 2449 5204 erit
2488 5167 2613 5222 puer
2654 5155 2788 5208 iste?
2829 5149 2968 5210 Nam
2997 5169 3182 5215 manus
3218 5160 3424 5218 Domini
3467 5180 3580 5220 cum
3612 5168 3724 5221 illo.

2145 5239 2279 5304 Quid
2299 5282 2312 5305 ,
2343 5251 2522 5311 putas,
2554 5245 2647 5297 erit
2677 5261 2804 5314 puer
2841 5249 2972 5302 iste?
3006 5250 3225 5306 Excedit
3265 5261 3435 5310 metas
3481 5256 3728 5312 humante

2141 5341 2364 5386 naturaz.
2397 5332 2650 5388 Novimus
2670 5351 2864 5404 pueros
2898 5357 2911 5392 :
2943 5339 3071 5408 sed,
3095 5344 3246 5412 quid,
3279 5354 3458 5415 putas,
3489 5351 3586 5402 erit
3605 5367 3731 5419 puer

2139 5424 2276 5478 iste?
2301 5424 2474 5491 Quare
2510 5426 2642 5481 dicis
2661 5465 2676 5491 ,
2708 5427 2862 5492 Quid,
2887 5439 3037 5499 putas
3059 5475 3074 5498 ,
3103 5435 3196 5488 erit
3223 5450 3349 5504 puer
3381 5437 3516 5494 iste?
3541 5437 3727 5493 Manus

2139 5513 2271 5569 enim
2318 5515 2524 5570 Domini
2550 5535 2664 5571 cum
2690 5519 2821 5573 illo?
2852 5520 2985 5587 Quia
3025 5539 3213 5580 manus
3242 5527 3450 5583 Domini
3483 5544 3604 5585 cum
3633 5530 3728 5586 illo

2202 5677 2509 5743 jcasttgattts
2526 5674 2583 5723 ad
2608 5674 2743 5743 cl._d.
2778 5689 2868 5743 rm.
2894 5679 2931 5726 t.
2959 5681 3010 5743 et
3027 5677 3084 5726 ad
3119 5680 3255 5743 \‘lgu.

2203 5735 2275 5798 (a)
2310 5737 2448 5796 Alias,
2482 5737 2608 5786 inter
2642 5739 2955 5797 tigni-nanos
2987 5741 3033 5787 4.-
