4036 6442
284 364 423 421 1517

285 488 392 544 est,
413 476 523 546 jam
550 472 767 535 scimus;
791 464 883 523 sed
909 461 1033 536 quid
1059 462 1181 525 erit,
1206 457 1492 513 nescimus.
1511 453 1702 546 Utique
1726 450 1878 546 valde

283 543 511 639 magnus
534 565 634 621 erit
654 605 668 629 ,
700 561 789 633 qui
834 568 940 614 tam
984 568 1207 625 magnus
1247 552 1427 620 carpit.
1459 546 1594 616 Quid
1621 545 1723 600 erit
1746 585 1759 608 ,
1790 543 1878 612 qui

280 637 526 722 tantillus
555 666 730 714 tantus
756 655 873 709 est?
898 650 1023 722 quid
1054 649 1158 705 erit
1184 665 1197 702 :
1228 644 1477 701 llebescit
1523 643 1751 695 humana
1799 637 1881 690 in-

284 757 548 818 ﬁrmitas,
598 748 836 805 omnium
885 739 1336 799 considerantium
1377 733 1539 789 corda
1583 727 1877 818 contremif

281 857 444 907 scunt
471 865 484 900 :
516 816 650 912 Quid
671 883 685 908 ,
718 850 865 911 putas
886 879 901 902 ,
942 835 1034 889 erit
1065 847 1187 903 puer
1210 828 1341 883 iste?
1367 826 1585 894 Magnus
1608 822 1709 877 erit
1741 838 1755 875 :
1785 816 1879 912 sed

283 938 413 1010 quid
439 909 554 992 criti
569 932 660 1003 qui
689 909 861 998 major
888 926 977 980 illo
1000 921 1143 979 erit?
1172 918 1335 1010 Valde
1363 918 1463 970 iste
1487 909 1840 1010 magnus-erit

284 999 382 1085 sed
425 1024 552 1098 quid
587 999 699 1078 crit
726 1020 814 1091 qui
857 1018 961 1072 isto
1004 1027 1197 1084 magno
1227 1008 1396 1077 major
1424 1004 1565 1098 erit?
1589 1004 1645 1058 Si
1674 1002 1761 1098 ille
1790 999 1879 1098 qui

285 1090 457 1177 modo
475 1116 639 1186 cmpit
661 1090 801 1177 esse,
824 1119 928 1164 tam
951 1118 1174 1176 magnus
1202 1102 1323 1165 erit,
1345 1096 1469 1169 quid
1492 1096 1593 1150 erit
1620 1090 1881 1186 quierat?

283 1212 392 1269 Sed
421 1184 685 1282 quid-dixi
707 1248 721 1271 ,
754 1204 843 1273 qui
889 1199 1040 1255 erat?
1070 1196 1206 1251 Aute
1234 1193 1492 1249 Joannem
1599 1184 1882 1282 Zacharias

286 1275 456 1367 erat;
491 1298 660 1353 multo
707 1292 877 1363 magis
924 1298 1047 1343 ante
1097 1286 1355 1341 Joannem
1409 1289 1463 1334 et
1510 1275 1775 1332 Abraham
1830 1282 1885 1328 et

285 1365 435 1449 Isaac
472 1398 526 1445 et
565 1385 730 1443 Jacob
755 1389 925 1438 erant.
958 1381 1093 1433 Ante
1132 1375 1389 1430 Joannem
1431 1376 1579 1424 certe
1608 1365 1800 1421 cmlum
1832 1371 1884 1416 et

284 1497 428 1541 terra
456 1489 629 1537 erant.
657 1475 794 1545 Quid
823 1477 925 1529 erit
953 1471 1042 1541 qui
1075 1470 1124 1522 in
1171 1464 1429 1537 principio
1454 1460 1604 1517 erat?
1644 1457 1708 1511 In
1736 1455 1881 1527 prin-

284 1577 422 1646 cipio
450 1574 592 1628 enim
613 1612 628 1637 ,
656 1567 799 1639 quod
838 1572 923 1619 est
946 1570 1068 1617 aute
1106 1559 1386 1620 Joannem,
1410 1563 1465 1609 ct
1507 1561 1630 1607 ante
1669 1563 1881 1646 omn-eui

286 1638 587 1729 hominem,
615 1663 732 1735 fecit
766 1660 898 1713 Deus
918 1656 1097 1711 etclam
1123 1666 1169 1707 et
1202 1662 1385 1705 terram
1415 1646 1566 1717 (Gen.
1597 1660 1647 1735 t,
1676 1638 1882 1735 l)._Sed

287 1777 386 1831 per
426 1758 551 1828 quid
599 1730 722 1809 iecit
761 1747 999 1819 quaeris?
1050 1744 1106 1799 In
1152 1739 1411 1831 principio
1449 1751 1553 1790 non
1595 1733 1715 1831 fecit
1747 1730 1885 1831 Dens

290 1820 525 1906 Verbum
546 1886 561 1912 ,
593 1843 687 1899 sed
709 1851 825 1896 erat
846 1837 1077 1893 Verlnun
1104 1853 1116 1887 :
1143 1831 1208 1886 In
1231 1828 1477 1899 principio
1506 1835 1610 1880 erat
1647 1820 1882 1912 Verbum,

288 1953 339 1999 et
368 1909 581 1994 Verbum
609 1944 735 1998 erat,
760 1947 864 1987 non
891 1928 1273 2000 qualecumque
1298 1962 1313 1986 ,
1345 1918 1439 1975 sed
1464 1916 1597 1970 Deus
1623 1924 1728 1968 erat
1762 1909 1886 1965 Ver-

290 2138 424 2195 porc
475 2121 644 2174 lactus
682 2094 773 2170 cst
816 2111 904 2182 qui
947 2117 1098 2173 erat,
1147 2120 1213 2160 ne
1252 2101 1448 2195 periret
1490 2097 1629 2195 quod
1669 2094 1883 2195 fecerat.

295 2184 455 2282 Quid,
491 2218 636 2280 putas
659 2247 674 2272 ,
698 2207 789 2259 erit
820 2218 943 2274 puer
982 2198 1115 2252 iste?
1146 2195 1330 2249 Manus
1368 2190 1500 2243 enim
1540 2184 1747 2240 Domini
1776 2199 1889 2282 cum

298 2274 395 2359 illo
426 2274 517 2357 est.
545 2300 597 2355 Si
629 2312 761 2369 puer
788 2305 892 2350 tam
923 2302 1145 2360 magnus
1172 2286 1273 2340 erit
1298 2326 1311 2347 ,
1354 2282 1474 2352 quia
1514 2286 1613 2369 est,
1638 2291 1770 2369 cum
1800 2274 1890 2327 illo

290 2410 486 2452 manus
534 2366 779 2452 Domini;
823 2383 949 2455 quid
981 2382 1093 2452 ipsa
1139 2389 1331 2433 manus
1374 2368 1622 2427 Domini?
1651 2366 1890 2420 Christus

293 2487 438 2541 enim
465 2495 654 2537 manus
684 2475 929 2539 Domini,
963 2472 1129 2527 Filius
1159 2467 1253 2521 Dei
1283 2478 1471 2519 manus
1499 2460 1625 2524 Dei,
1657 2456 1888 2512 Verbum

294 2575 396 2633 Dei
445 2587 631 2629 manus
659 2569 773 2624 Dei.
802 2569 932 2633 Qua:
970 2571 1054 2618 est
1099 2560 1239 2616 enim
1286 2569 1476 2611 manus
1502 2551 1594 2607 Dei
1620 2592 1635 2616 ,
1667 2549 1766 2604 nisi
1797 2562 1892 2617 per

293 2682 457 2736 quam
503 2665 637 2716 facta
677 2667 801 2714 sunt
826 2654 1042 2712 omnia?
1072 2651 1227 2719 Quid,
1260 2656 1434 2719 putas,
1467 2644 1558 2699 erit
1598 2658 1720 2713 puer
1758 2640 1894 2693 iste?

298 2734 490 2812 Manus
521 2754 652 2809 enim
683 2750 885 2805 Domini
919 2762 1032 2801 cum
1074 2745 1183 2799 illo.
1215 2741 1259 2797 0
1298 2740 1528 2794 humana
1577 2734 1888 2798 inlirmitas,

294 2848 426 2920 quid
459 2846 658 2900 iactura
689 2858 749 2897 es
790 2842 841 2895 in
868 2838 1047 2908 judice
1070 2878 1085 2902 ,
1130 2848 1248 2904 qua:
1274 2832 1351 2886 sic
1397 2828 1612 2920 haesitas
1658 2827 1729 2920 in
1753 2839 1895 2920 Ἐπιτε-

295 2914 471 2995 conc?
498 2936 604 2991 Sed
635 2934 793 2991 etiam
826 2931 913 2985 hic
941 2927 1065 3000 quid
1105 2925 1249 2981 dixi?
1286 2921 1467 2976 Redeo
1494 2919 1558 2972 ad
1586 2914 1893 2972 considera-

297 3033 497 3086 tionem
524 3023 924 3083 consuctndinis
969 3019 1234 3073 humanm.
1266 3013 1331 3067 Et
1360 3009 1486 3082 quid
1512 3007 1659 3063 dixi?
1688 3006 1898 3060 Praeco-

297 3140 424 3179 nem
468 3122 575 3176 divi
600 3162 613 3185 ,
654 3117 884 3189 judicem
923 3112 1029 3167 dixi
1076 3119 1130 3165 ct
1172 3120 1346 3179 prmco
1378 3124 1391 3158 :
1421 3103 1614 3166 homo,
1655 3107 1708 3153 et
1732 3096 1896 3189 judcx

300 3218 486 3271 homo.
519 3210 669 3279 Quod
698 3206 983 3279 apparebat
1020 3202 1126 3257 dixi
1153 3242 1168 3267 ,
1198 3196 1339 3268 quod
1377 3194 1575 3249 latebat
1604 3190 1723 3260 quis
1745 3188 1897 3242 dixe-

298 3310 409 3364 rit?
448 3306 667 3361 Verbum
704 3316 822 3354 caro
859 3302 1048 3369 factum
1073 3302 1143 3347 est
1170 3290 1345 3361 (Joan.
1370 3304 1417 3353 ι,
1446 3286 1498 3351 1,
1526 3283 1593 3348 ‘2,
1624 3280 1713 3351 H)
1748 3297 1761 3332 :
1791 3293 1895 3332 non

301 3412 482 3454 tamen
511 3396 742 3450 Verbum
789 3392 840 3445 in
882 3402 1093 3443 carnem
1122 3397 1335 3439 versum
1363 3387 1463 3435 est.
1497 3376 1726 3432 Verbum
1774 3385 1899 3427 caro

302 3492 502 3545 factum
532 3495 634 3551 est,
660 3479 966 3552 accipiendo
992 3475 1131 3547 quod
1163 3489 1268 3527 non
1300 3479 1442 3534 erat;
1476 3483 1581 3521 non
1610 3460 1900 3519 amittendo

302 3582 445 3652 quod
473 3586 609 3636 crat.
645 3578 779 3631 Ecce
806 3570 1048 3627 admirati
1076 3582 1259 3622 sumus
1284 3562 1543 3634 prteconis
1572 3558 1686 3629 ejus
1713 3555 1903 3612 nativi-

304 3683 469 3728 tatem
496 3712 510 3736 ,
563 3682 719 3739 quam
755 3664 912 3719 hodie
950 3659 1315 3721 celebramus,
1363 3652 1455 3707 sed
1502 3657 1718 3720 prOpter
1745 3660 1902 3717 quem

302 3766 442 3821 facta
469 3770 553 3817 est.
583 3760 873 3814 videamus.

381 3856 437 3909 5.
468 3852 688 3923 Angelus
712 3849 777 3901 ad
802 3844 1103 3901 Zachariam
1132 3850 1176 3895 et
1201 3838 1268 3892 ad
1298 3835 1516 3891 Mariam
1548 3831 1748 3886 missus.
1773 3829 1903 3923 Oraf

307 3950 379 4003 tio
406 3922 671 4001 lacuaria:
709 3941 959 4013 quomodo
980 3934 1238 3991 exaudita.
1264 3930 1421 3986 Venit
1446 3926 1662 3998 angelus
1690 3922 1903 3979 Gabriel

307 4045 377 4098 ad
400 4039 732 4100 Zachariam,
752 4051 856 4089 non
888 4031 954 4087 ad
982 4027 1251 4093 Elisabeth
1283 4038 1503 4079 uxorem
1526 4021 1660 4091 ejus,
1680 4027 1903 4072 matrem

307 4130 532 4189 Joannis
564 4148 577 4182 :
608 4128 783 4190 venit,
827 4125 1072 4192 inquam,
1116 4117 1334 4187 angelus
1371 4111 1583 4169 Gabriel
1609 4110 1674 4163 ad
1707 4108 1909 4163 Zacha-

308 4226 446 4280 riam
472 4263 485 4285 ,
538 4235 642 4274 non
671 4216 737 4271 ad
780 4212 1072 4269 Elisabeth.
1120 4206 1332 4276 Quare?
1379 4204 1509 4272 Quia
1537 4202 1770 4257 Joannes
1812 4213 1909 4267 per

310 4313 624 4369 Zachariam
656 4307 862 4363 iuturus
905 4311 1021 4358 erat
1070 4301 1124 4355 iu
1169 4296 1463 4353 Elisabeth.
1509 4296 1650 4364 Ergo
1687 4291 1908 4362 angelus

312 4407 637 4464 annuntians
668 4408 948 4456 venturum
994 4396 1255 4451 Joannem
1297 4387 1563 4445 nascendo
1588 4429 1603 4453 ,
1631 4402 1737 4441 non
1766 4385 1910 4439 venit

313 4503 381 4559 ad
412 4497 775 4569 exceptorium
801 4491 1023 4555 ventris,
1052 4486 1145 4543 sed
1176 4484 1241 4540 ad
1272 4483 1470 4539 fontem
1498 4478 1737 4537 seminis.
1762 4477 1909 4533 Nun-

316 4596 466 4651 tiavit
491 4593 767 4647 amborum
798 4586 1029 4641 futurum
1072 4581 1235 4637 lilium
1260 4621 1275 4645 ,
1316 4576 1410 4633 sed
1457 4575 1593 4646 patri
1629 4574 1906 4629 nuntiavit.

320 4689 588 4741 Venturns
616 4682 758 4737 enim
788 4687 904 4734 erat
932 4676 1162 4731 Joannes
1200 4672 1267 4727 de
1307 4670 1572 4725 connubio
1612 4667 1829 4724 masculi
1860 4674 1915 4721 et

318 4780 554 4836 feminae.
580 4775 717 4829 Ecce
748 4773 937 4826 iterum
979 4768 1092 4836 ipse
1123 4762 1337 4820 Gabriel
1366 4762 1511 4817 venit
1548 4761 1613 4815 ad
1655 4759 1869 4813 Mariam
1896 4797 1911 4821 ,

320 4887 427 4926 non
457 4868 523 4923 ad
563 4862 760 4935 Joscph
792 4880 804 4914 :
837 4858 977 4914 unde
1005 4864 1122 4912 erat
1165 4868 1291 4908 caro
1335 4853 1422 4907 illa
1463 4859 1701 4920 emptura
1727 4890 1741 4915 ,
1778 4847 1917 4902 unde

320 4969 439 5019 erat
474 4958 681 5013 initium
719 4953 959 5007 habitura
986 4988 1004 5016 ,
1032 4946 1099 5022 ad
1144 4946 1312 5015 ipsam
1338 4942 1556 5012 angelus
1581 4941 1743 4995 venit.
1774 4938 1916 4991 Patri

320 5061 502 5108 autem
550 5044 811 5103 sacerdoti
842 5038 1112 5095 Zacharize
1135 5033 1404 5106 quomodo
1436 5030 1656 5102 angelus
1686 5030 1917 5082 laturum

323 5142 493 5198 lilium
518 5129 934 5210 prmuuutiavit?
959 5126 1087 5182 Noli
1109 5169 1123 5193 ,
1152 5123 1322 5192 inquit
1345 5164 1361 5189 ,
1384 5123 1555 5176 timere
1574 5160 1588 5185 ,
1625 5117 1877 5210 lac/toria
1903 5160 1919 5184 ,

328 5209 570 5287 exaudita
599 5237 670 5281 est
697 5223 859 5279 oratio
888 5231 992 5275 tua.
1017 5216 1153 5284 Quid
1176 5216 1340 5279 enim,
1366 5213 1556 5267 fratres
1592 5209 1719 5276 mei,
1742 5224 1923 5264 sacer-

328 5324 430 5377 dos
460 5321 551 5376 ille
579 5317 699 5372 ideo
719 5316 1018 5369 intraverat
1043 5309 1094 5362 in
1122 5314 1303 5361 sancta
1330 5311 1633 5358 sanctorum
1660 5340 1675 5367 ,
1706 5309 1763 5354 ut
1789 5300 1925 5355 ﬁlios

329 5419 641 5485 precaretur
666 5423 697 5461 a
734 5402 990 5459 Domino:
1022 5397 1191 5453 Absit.
1223 5395 1358 5449 Dicit
1382 5392 1573 5463 aliquis
1600 5409 1614 5485 ξ
1647 5390 1799 5447 Unde
1828 5389 1929 5485 hoc

329 5482 566 5570 probas?
593 5514 698 5553 non
731 5496 875 5552 enim
904 5488 1153 5547 indicavit
1183 5485 1467 5541 Zacharias
1492 5482 1617 5554 quid
1641 5483 1925 5553 rogaverit.

332 5596 512 5655 Unum
534 5588 776 5661 estquod
803 5586 1038 5641 breviter
1063 5580 1182 5635 dico
1210 5596 1224 5632 :
1254 5576 1311 5632 Si
1335 5575 1555 5646 petisset
1585 5573 1749 5629 lilium
1769 5615 1785 5640 ,
1809 5588 1928 5627 cre-

334 5652 491 5747 deret
516 5652 909 5741 anmintiatum.
933 5672 1167 5746 Angelus
1187 5669 1318 5724 dicit
1342 5665 1481 5738 quod
1503 5666 1552 5721 ei
1585 5666 1722 5720 illius
1742 5679 1929 5720 nasce-
1968 5652 1977 5661 ’

334 5795 517 5841 retur.
546 5778 636 5834 ille
665 5787 770 5829 non
794 5768 1005 5828 credit?
1031 5772 1176 5822 certe
1203 5762 1304 5819 hoc
1328 5759 1643 5832 rogaverat?
1681 5757 1809 5846 Deis
1834 5772 1926 5813 ro-

1696 336 1926 393 SERMO
1965 331 2181 391 CCXCI.

3436 344 3576 401 1518

1986 456 2074 516 gat
2098 450 2214 503 sine
2242 452 2373 519 spe?
2397 460 2487 505 aut
2527 452 2643 521 quis
2665 468 2769 507 non
2811 454 2980 509 credit
3005 455 3054 509 in
3081 456 3213 527 spe?
3243 455 3296 513 Si
3324 473 3428 513 non
3455 475 3575 530 spc-

1987 556 2073 593 ras
2093 581 2108 602 ,
2142 557 2307 611 quare
2337 544 2511 612 petis?
2537 545 2581 599 si
2615 560 2799 616 speras
2824 587 2838 612 ,
2866 563 3030 617 quare
3057 562 3159 605 non
3199 550 3414 606 credis?
3438 552 3575 621 Quid

1988 630 2155 700 ergo?
2183 632 2443 687 Exnudita
2466 644 2559 702 est,
2585 636 2772 706 inquit,
2796 639 2956 692 oratio
2972 649 3059 693 tua
3088 657 3106 693 :
3130 656 3246 695 nam
3274 658 3386 696 ecce
3408 646 3577 699 conci-

1987 721 2089 789 piet
2113 720 2367 777 Elisabeth
2390 767 2403 789 ,
2440 735 2486 779 et
2512 738 2671 797 parte!
2698 729 2785 782 tibi
2814 730 2996 798 ﬁlium.
3018 731 3233 798 Quare?
3261 733 3393 800 Quia
3415 751 3575 789 exau-

1987 811 2094 863 dita
2123 820 2196 865 est
2232 815 2394 867 oratio
2424 825 2527 869 tua.
2556 816 2611 871 Si
2641 817 2843 873 diceret
2868 818 3153 875 Zacharias
3173 862 3188 889 ,
3224 822 3437 890 Quare?
3473 827 3575 882 hoc

1988 902 2211 971 rogavi?
2238 902 2431 974 Utique
2472 909 2689 974 angelus
2715 924 2813 965 nec
2843 909 3144 979 falleretur,
3184 929 3283 969 nec
3326 915 3573 982 falleret,

1986 994 2198 1063 quando
2223 994 2431 1051 dicebat
2456 998 2480 1049 ’ἒ
2507 997 2765 1054 Επηιιάὶια
2788 1012 2861 1056 est
2884 1004 3045 1057 oratio
3066 1015 3153 1058 tua
3178 1020 3330 1059 :nam
3356 1022 3467 1061 ecce
3484 1025 3575 1071 pa-

1986 1088 2148 1142 ritura
2173 1098 2246 1143 est
2276 1105 2405 1144 uxor
2438 1099 2545 1143 tua.
2586 1091 2690 1147 Sed
2730 1109 2895 1163 quare
2921 1094 3021 1151 hoc
3054 1096 3254 1152 dictum
3294 1098 3414 1153 est?
3441 1098 3575 1166 Quia

1988 1179 2074 1235 ille
2099 1196 2195 1250 pro
2222 1182 2416 1253 populo
2448 1183 2777 1240 sacriﬁcabat
2804 1198 2817 1240 :
2862 1187 3113 1244 sacerdos
3144 1203 3243 1258 pro
3269 1192 3461 1260 populo
3490 1206 3577 1246 sa-

1988 1272 2298 1339 criﬁcabat,
2346 1275 2569 1344 populus
2614 1274 2882 1331 Christum
2924 1280 3300 1350 exspectabat;
3341 1280 3574 1337 Joannes

1987 1362 2260 1419 Christum
2292 1366 2656 1421 annuntiabat.

2058 1455 2113 1509 4.
2139 1455 2306 1510 Maria
2328 1458 2458 1512 inter
2481 1456 2710 1511 mulieres
2731 1457 3005 1512 benedicta.
3025 1460 3258 1531 Angelus
3278 1477 3406 1518 vero
3434 1463 3573 1519 idem

1990 1546 2102 1615 ipse
2141 1547 2206 1601 ad
2236 1548 2449 1602 Mariam
2477 1548 2732 1618 virginem
2767 1566 2781 1602 :
2811 1548 2942 1617 Ave,
2972 1550 3168 1619 inquit,
3198 1554 3361 1622 gratia
3389 1556 3572 1622 plena,

1990 1638 2238 1693 Dominus
2266 1650 2425 1693 tecum
2455 1656 2474 1694 :
2494 1642 2603 1709 jam
2634 1649 2807 1696 tecum
2852 1648 2936 1696 est
2964 1643 3051 1712 qui
3083 1642 3185 1696 erit
3212 1643 3263 1697 in
3313 1654 3382 1699 te.
3417 1644 3575 1699 Dene‘

1990 1730 2125 1784 dicta
2159 1740 2213 1784 tu
2252 1732 2381 1786 inter
2420 1731 2671 1786 mulieres.
2702 1732 3034 1801 Proprietate
3074 1732 3335 1789 ltebraica:
3383 1734 3575 1805 lingua:

1991 1837 2178 1876 omnes
2206 1822 2427 1877 feminas
2471 1823 2723 1879 mulieres
2748 1822 2851 1878 diei
2882 1824 3055 1879 solere
3096 1823 3366 1893 Scriptura
3394 1838 3575 1881 sancta

1994 1922 2217 1967 testatur
2246 1931 2258 1966 :
2294 1929 2359 1967 ne
2396 1914 2529 1968 forte
2564 1915 2823 1969 mirentur
2865 1923 2953 1969 aut
2993 1915 3452 1983 scandalizentur,
3487 1919 3576 1987 qui

1992 2020 2097 2060 non
2138 2005 2311 2060 solent
2335 2005 2633 2075 Scripturas
2654 2008 2857 2062 audire.
2904 2006 3158 2064 Dominus
3177 2010 3404 2079 quodam
3433 2010 3579 2065 Scri-

2001 2106 2271 2165 pturarum
2306 2096 2422 2151 loco
2461 2106 2643 2166 aperte
2681 2097 2839 2162 dicit,
2873 2098 3145 2170 Segregate
3169 2100 3433 2167 mulieres,
3468 2114 3582 2171 qua:

1994 2205 2094 2243 non
2123 2200 2456 2261 cognouerunt
2493 2190 2655 2243 virum
2701 2188 2889 2259 (Num.
2922 2206 3048 2245 xxx:
3075 2232 3088 2255 ,
3123 2192 3188 2246 17
3211 2233 3226 2258 ,
3255 2208 3355 2246 sec.
3390 2190 3577 2260 LXX).

1997 2282 2165 2351 Ipsam
2208 2282 2434 2352 denique
2470 2284 2685 2338 recolite
2725 2283 2981 2353 originem
3024 2293 3257 2338 nostram
3309 2303 3322 2338 :
3369 2284 3580 2354 quando

1996 2375 2128 2428 facta
2162 2385 2246 2429 est
2276 2376 2380 2428 Eva
2405 2376 2471 2429 de
2494 2376 2659 2430 latere
2680 2376 2813 2442 viri,
2837 2376 2963 2445 quid
2993 2375 3121 2430 dicit
3145 2375 3453 2445 Scriptura?
3483 2376 3581 2430 Dc-

1998 2466 2150 2519 trarcit
2196 2467 2242 2519 ei
2279 2476 2505 2532 costam,
2546 2476 2591 2520 et
2620 2468 2886 2537 (vili/ienuit
2912 2484 3021 2520 eam
3046 2468 3099 2520 in
3140 2468 3393 2521 mulierem
3428 2468 3577 2539 (Gen.

1998 2572 2054 2621 ιι,
2083 2556 2197 2627 29.).
2237 2556 2352 2611 Jaut
2381 2557 2570 2612 mulier
2593 2567 2808 2611 vocatur
2830 2600 2845 2624 ,
2873 2557 2939 2613 de
2959 2558 3075 2612 viro
3096 2558 3307 2628 quidem
3330 2572 3539 2630 sumpta
3562 2602 3578 2625 ,

1997 2646 2090 2701 sed
2121 2647 2353 2701 nomium
2385 2649 2501 2702 viro
2523 2648 2823 2717 conjuncta.
2855 2648 2971 2703 Jam
3004 2665 3131 2719 ergo
3157 2665 3275 2704 cum
3297 2651 3489 2706 auditis
3514 2652 3585 2705 ab

1998 2736 2211 2806 angelo,
2240 2735 2509 2791 Benedicta
2536 2747 2587 2790 tu
2618 2738 2746 2791 inter
2773 2739 3046 2804 mulieres;
3068 2740 3144 2793 sic
3164 2739 3385 2809 accipite
3405 2781 3420 2805 ,
3449 2755 3511 2794 ac
3538 2740 3582 2794 si

2000 2844 2150 2884 more
2196 2839 2376 2884 nostro
2415 2830 2714 2896 diceretur,
2750 2830 3029 2885 Benedicta
3073 2840 3127 2885 tu
3159 2832 3293 2886 inter
3337 2832 3581 2887 feminas.

2071 2923 2123 2976 5.
2168 2920 2434 2975 Zacharia:
2475 2930 2524 2976 et
2550 2920 2735 2976 Maria:
2761 2924 2939 2976 similis
2975 2924 3297 2993 interrogatio
3320 2967 3335 2991 ,
3385 2925 3585 2977 aninms

2001 3014 2278 3070 dissimilis.
2308 3014 2635 3086 Propositum
2661 3015 2980 3087 virginitatis.
3014 3015 3347 3071 Promittitur
3380 3016 3587 3071 Zacha-

2002 3107 2095 3160 ria:
2122 3106 2259 3161 illius
2279 3148 2291 3171 ,
2324 3107 2649 3176 promittitur
2668 3116 2721 3161 ct
2750 3115 2949 3161 sancta:
2971 3107 3145 3161 Mariae
3176 3107 3313 3161 lilius
3332 3148 3346 3173 ,
3380 3117 3433 3164 ct
3462 3107 3591 3164 dicit

2002 3198 2161 3252 etiam
2208 3199 2320 3267 ipsa
2367 3214 2505 3269 pene
2555 3200 2666 3268 ipsa
2695 3199 2853 3253 verba
2902 3216 3019 3269 quze
3049 3200 3253 3255 dixerat
3286 3200 3586 3257 Zacharias.

2003 3288 2139 3357 Quid
2182 3289 2323 3343 enim
2364 3290 2569 3344 dixerat
2598 3288 2918 3343 Zacharias?
2967 3288 3113 3344 Unde
3142 3291 3262 3343 mihi
3307 3292 3440 3345 hoc?
3479 3292 3591 3363 Ego

2003 3381 2137 3434 enim
2161 3397 2272 3434 sum
2310 3396 2464 3434 scnea:
2485 3420 2501 3445 ,
2534 3391 2580 3433 et
2610 3396 2739 3435 uxor
2759 3398 2868 3433 mea
2904 3380 3089 3434 sterilis
3108 3422 3121 3446 ,
3164 3390 3209 3434 ct
3238 3398 3502 3451 progressa
3539 3383 3593 3436 in

2005 3472 2177 3526 diebus
2204 3473 2328 3526 suis.
2348 3471 2483 3539 Quid
2515 3480 2567 3525 et
2592 3472 2753 3525 Maria
2781 3472 2997 3525 sancta?
3024 3471 3287 3536 Quomodo
3307 3474 3393 3540 [iet
3418 3473 3595 3527 istud?

2006 3562 2204 3617 Similis
2227 3577 2351 3628 vox,
2371 3562 2627 3617 dissimile
2648 3578 2759 3617 cor.
2788 3562 2981 3617 Vocem
3005 3564 3230 3617 similem
3258 3579 3386 3618 aure
3406 3565 3594 3621 audia-

2008 3665 2155 3718 mus,
2185 3667 2278 3706 cor
2301 3660 2475 3707 autem
2498 3652 2754 3707 dissimile
2778 3652 2971 3721 angelo
2997 3653 3372 3721 pronuntiante
3400 3670 3594 3710 nosca«

2008 3758 2147 3797 mus.
2183 3742 2426 3797 Peccavit
2453 3742 2648 3808 David,
2679 3750 2734 3797 et
2761 3757 2788 3794 a
2820 3743 3076 3813 propheta
3114 3750 3391 3813 correptus
3426 3744 3593 3813 dixit,

2009 3832 2224 3887 Peccavi
2258 3848 2278 3888 :
2306 3833 2558 3887 continuo
2587 3834 2635 3887 ci
2675 3831 2872 3886 dictum
2921 3840 3040 3899 est,
3073 3831 3347 3886 Dimissum
3390 3844 3461 3887 est
3509 3836 3598 3889 tibi

2011 3938 2267 3997 peccatum
2286 3927 2350 4001 (ll
2372 3928 2495 3997 Reg.
2517 3943 2613 3993 xu,
2640 3926 2749 3999 15).
2771 3927 3013 3982 Peccavit
3037 3928 3181 3991 Saiil,
3206 3938 3260 3983 et
3281 3944 3310 3981 a
3332 3928 3599 3999 Propheta

2011 4029 2286 4089 correptus
2314 4018 2481 4082 dixit,
2511 4017 2721 4071 Peccavi
2751 4035 2768 4071 :
2799 4034 2896 4072 nec
2924 4018 2973 4073 ei
3003 4017 3278 4072 dimissum
3306 4030 3389 4074 est
3413 4034 3601 4090 pecca-

2013 4120 2154 4177 tum,
2183 4110 2277 4165 scd
2308 4111 2503 4164 mansit
2544 4110 2618 4164 ira
2655 4110 2743 4164 Dei
2788 4124 2946 4179 super
2973 4125 3093 4163 eum
3130 4109 3171 4179 (l
3202 4109 3330 4179 Reg.
3373 4126 3461 4173 xv,
3490 4110 3558 4164 50
3580 4148 3598 4176 ,

2014 4201 2126 4273 ‘55).
2158 4201 2293 4268 Quid
2324 4210 2404 4256 est
2432 4200 2533 4256 hoc
2556 4242 2571 4266 ,
2613 4200 2712 4255 nisi
2742 4200 2881 4269 quod
2920 4200 3107 4255 similis
3152 4217 3257 4255 vox
3283 4242 3296 4265 ,
3343 4200 3602 4257 dissimile

2014 4294 2141 4348 cor?
2168 4293 2338 4347 llomo
2382 4292 2522 4346 enim
2550 4300 2631 4346 est
2656 4292 2799 4346 vocis
2838 4290 3080 4356 auditor,
3124 4292 3264 4347 Deus
3303 4293 3479 4347 cordis
3516 4293 3602 4346 iu-

2015 4395 2245 4455 spcctor.
2288 4384 2344 4439 lu
2390 4385 2493 4439 illis
2536 4399 2663 4454 ergo
2701 4383 2878 4438 verbis
2917 4383 3188 4438 Zacharia:
3217 4398 3322 4438 non
3354 4384 3515 4437 fuisse
3541 4384 3604 4436 lia

2018 4476 2137 4531 dem
2158 4517 2172 4542 ,
2206 4474 2301 4530 sed
2330 4474 2711 4529 dubitationem
2739 4483 2793 4528 et
2819 4474 3243 4545 desperationem
3271 4474 3488 4543 angelus
3527 4474 3607 4527 vi-

2019 4567 2115 4634 dit,
2144 4566 2364 4637 angelus
2393 4565 2673 4629 indicavit,
2714 4580 2900 4620 vocem
2934 4565 3168 4620 tollendo
3191 4604 3205 4629 ,
3240 4563 3604 4618 inﬁdelitatem

2019 4658 2343 4714 damnando.
2385 4656 2572 4711 Sancta
2602 4672 2731 4711 vero
2772 4657 2935 4712 Maria
2967 4677 2979 4712 :
3013 4654 3275 4721 Quomodo
3314 4656 3397 4724 ﬁet
3426 4655 3564 4709 istud
3585 4696 3603 4722 ,

2018 4752 2137 4822 quia
2155 4751 2315 4804 virum
2343 4765 2441 4803 non
2470 4750 2753 4819 cognosco?
2782 4749 3065 4819 Aguoscite
3085 4747 3410 4816 propositum
3440 4747 3605 4818 virgic

2022 4842 2126 4896 nis.
2153 4840 2378 4909 Quando
2401 4840 2622 4905 diceret,
2654 4840 2995 4895 concubitura
3023 4853 3143 4892 cum
3174 4837 3307 4903 viro,
3343 4837 3609 4904 Quomodo

2026 4933 2112 5002 ﬁet
2139 4933 2316 4985 istud?
2336 4930 2390 4987 Si
2413 4932 2554 4986 enim
2587 4932 2757 4995 lieret,
2789 4928 3053 5000 quomodo
3079 4927 3145 4983 de
3166 4928 3413 4982 omnibus
3434 4928 3608 4983 inlan-

2028 5022 2168 5079 tibus
2197 5021 2310 5076 lleri
2340 5022 2509 5088 solet,
2543 5038 2647 5077 non
2679 5022 2897 5083 diceret,
2924 5017 3202 5086 Quomodo
3233 5019 3359 5072 lict?
3384 5017 3488 5073 Sed
3520 5018 3611 5079 illa

2027 5114 2284 5185 propositi
2314 5114 2394 5169 sui
2422 5130 2648 5180 memor,
2680 5122 2733 5167 et
2760 5111 2927 5165 sancti
2957 5112 3063 5166 voti
3087 5109 3299 5165 conscia
3322 5151 3338 5176 ,
3368 5111 3489 5181 quia
3517 5126 3613 5165 ιιοί

2029 5215 2177 5262 verat
2224 5206 2349 5277 quid
2395 5203 2953 5272 voveratydicendo,
3003 5204 3266 5269 Quomodo
3307 5204 3391 5273 ﬁet
3434 5202 3610 5267 istud,

2031 5300 2267 5369 quoniam
2308 5299 2469 5353 virum
2510 5314 2609 5350 non
2646 5296 2932 5366 cognosco?
2972 5296 3221 5366 quoniam
3259 5311 3365 5349 non
3396 5304 3616 5350 noverat

2033 5390 2137 5445 hoc
2161 5389 2275 5444 ﬁeri
2299 5430 2314 5453 ,
2355 5398 2415 5443 ut
2443 5386 2535 5441 lilii
2564 5394 2909 5440 nascerentur
2934 5388 3034 5440 nisi
3061 5386 3353 5457 coujugatis
3391 5395 3443 5440 et
3489 5401 3617 5440 con:

2034 5480 2403 5537 cumbentibus
2427 5493 2548 5533 cum
2591 5477 2719 5532 viris
2754 5478 2897 5544 suis,
2938 5478 3079 5548 quod
3122 5478 3235 5547 ipsa
3271 5486 3619 5547 proposuerat

2035 5572 2282 5642 ignorare
2299 5611 2313 5634 ,
2337 5567 2592 5634 dicendo,
2618 5566 2883 5634 Quomodo
2912 5569 2997 5637 ﬁet
3017 5568 3188 5623 istud?
3216 5567 3433 5623 modum
3472 5583 3619 5639 quap-

2037 5663 2191 5730 sivit,
2222 5675 2329 5715 non
2373 5659 2441 5715 de
2486 5660 2582 5715 Dei
2621 5659 3001 5730 omnipotentia
3048 5660 3324 5716 dubitavit.
3357 5661 3622 5728 Quomodo

2041 5758 2125 5825 ﬁt?!
2167 5752 2491 5810 ἱεειιάνηυὶε
2529 5752 2715 5809 modus
2758 5761 2840 5808 est
2879 5771 2983 5812 ouo
3012 5756 3096 5811 lict
3126 5753 3300 5811 istud?
3329 5754 3624 5810 Auuuutias
