4036 6456
451 313 588 371 1319

451 426 585 481 mihi
607 425 772 481 ﬁlium
791 465 805 491 ,
837 423 1001 478 habes
1019 435 1198 477 meum
1227 429 1467 491 paratum
1499 420 1733 477 animum
1759 461 1772 489 ,
1806 419 1891 476 dic
1916 419 2045 477 mihi

448 520 687 575 modum.
716 517 891 573 Potuit
916 516 1061 572 enim
1089 515 1244 587 virgo
1267 522 1449 570 saneta
1475 522 1713 570 metuere
1732 554 1748 579 ,
1774 521 1863 569 aut
1888 521 2034 567 certe

449 610 693 681 ignorare
720 607 1002 664 consilium
1030 606 1124 662 Dei
1149 647 1165 673 ,
1203 604 1472 676 quomodo
1508 619 1627 659 eam
1657 603 1819 660 vellet
1846 602 2044 658 habere

464 699 627 753 ﬁlium
649 738 665 763 ,
695 696 847 767 quasi
883 696 1238 766 improbasset
1263 693 1483 764 virginis
1508 702 1708 749 votum.
1735 690 1874 761 Quid
1899 690 2042 746 enim

446 788 495 843 si
516 787 736 851 diceret,
764 785 916 842 Nube
935 827 950 854 ,
976 785 1298 857 conjungere
1320 784 1476 841 viro?
1502 783 1623 840 Non
1652 783 1855 841 diceret
1877 784 2045 847 Deus-

448 877 655 947 accepit
679 875 821 933 enim
842 885 1026 932 votum
1055 876 1294 947 virginis,
1322 874 1589 945 quomodo
1615 875 1755 930 Deus
1780 875 1822 928 ⁸.
1849 874 1917 928 Et
1935 872 2039 929 hoc

448 970 516 1024 ab
562 969 649 1023 illa
691 950 932 1037 accepit,
962 966 1104 1037 quod
1132 968 1245 1036 ipse
1272 965 1506 1021 donavit.
1554 965 1650 1021 Dic
1690 964 1822 1020 mihi
1865 978 2033 1034 ergo,

449 1058 634 1114 nuntie
648 1057 761 1123 Dei,
782 1057 1043 1125 Quomodo
1058 1058 1144 1127 ﬁet
1162 1056 1331 1112 istud?
1349 1055 1479 1113 Vide
1495 1056 1740 1126 angelum
1758 1055 2036 1121 scientem,

449 1149 596 1205 illam
641 1156 1006 1219 quaerentem,
1057 1163 1163 1202 non
1214 1147 1559 1203 difﬁdentem.
1585 1145 1719 1216 Quia
1744 1160 1873 1217 ergo
1906 1144 2040 1201 vidit

451 1256 569 1296 eam
599 1248 946 1310 quaerentem,
972 1254 1078 1294 non
1108 1238 1459 1305 difﬁdentem,
1486 1252 1593 1292 non
1614 1252 1673 1293 se
1709 1237 1925 1307 negavit
1947 1236 2033 1291 in-

452 1340 766 1388 struentem.
818 1331 953 1386 Audi
1000 1330 1310 1401 quomodo:
1342 1330 1446 1385 erit
1486 1328 1759 1401 virginitas
1806 1336 1934 1395 tua,
1983 1337 2040 1383 tu

453 1431 656 1477 tantum
692 1421 851 1477 crede
880 1422 1152 1477 veritatem
1181 1462 1195 1486 ,
1227 1436 1378 1477 serva
1415 1420 1769 1491 virginitatem
1789 1460 1806 1488 ,
1854 1419 2036 1489 accipe

431 1512 827 1584 integritatem.
858 1512 1119 1580 Quoniam
1144 1512 1346 1582 integra
1382 1521 1466 1568 est
1500 1511 1635 1567 ﬁdes
1677 1521 1800 1580 tua,
1840 1511 2038 1567 intacta

452 1605 553 1660 erit
601 1612 656 1659 et
696 1604 971 1674 integritas
1021 1613 1132 1660 tua.
1172 1604 1410 1675 Denique
1455 1604 1579 1659 audi
1624 1603 1893 1675 quomodo
1946 1603 2041 1660 ﬁet

450 1696 623 1751 istud:
657 1688 883 1765 Spiritus
908 1706 1109 1752 sanctus
1134 1699 1444 1767 superveniet
1470 1700 1524 1752 in
1554 1706 1616 1764 te,
1641 1706 1688 1751 et
1710 1698 1865 1752 uirtus
1881 1696 2037 1752 Altis-

449 1778 563 1839 simi
588 1786 896 1840 obumbrabit
922 1787 1029 1841 tibi.
1052 1786 1179 1842 Tale
1207 1788 1573 1844 umbrticulum
1602 1788 1775 1843 nescit
1806 1788 2038 1843 libidinis

450 1884 659 1931 aestum.
688 1872 995 1946 Propterea,
1020 1879 1142 1948 quia
1169 1878 1395 1949 Spiritus
1422 1888 1624 1933 sanctus
1642 1880 1953 1949 superveniet
1984 1880 2038 1932 in

450 1976 531 2034 te,
553 1977 599 2023 et
628 1969 784 2022 virtus
810 1967 1055 2025 Altissimi
1075 1970 1388 2024 obumbrabit
1426 1971 1547 2037 tibi;
1572 1971 1695 2040 quia
1724 1970 1829 2026 ﬁde
1854 1971 2035 2026 conci-

450 2057 533 2128 pis
552 2099 567 2126 ,
593 2060 714 2129 quia
744 2060 1010 2116 credendo
1028 2102 1042 2125 ,
1077 2061 1130 2115 in
1155 2069 1308 2115 utero
1326 2102 1340 2128 ,
1373 2075 1477 2116 non
1503 2060 1905 2117 concumhendo
1936 2061 2034 2114 ha-

450 2147 604 2203 bebis
630 2167 642 2203 :
675 2159 939 2220 propterea
964 2151 1099 2221 quod
1125 2160 1357 2205 nascetur
1383 2150 1446 2204 de
1464 2160 1511 2205 te
1533 2149 1780 2206 Sanctum
1802 2190 1818 2218 ,
1839 2150 2038 2206 vocabi-

453 2246 536 2292 tur
560 2237 731 2293 Filius
753 2238 870 2293 Dei.

521 2329 575 2386 6.
608 2331 779 2385 Maria
806 2348 868 2388 ea:
906 2334 1070 2404 gratia
1108 2342 1265 2388 mater
1306 2332 1431 2388 Filii
1470 2333 1587 2389 Dei.
1622 2335 1759 2404 Quid
1786 2350 1876 2403 es,
1918 2352 2037 2406 quae

452 2431 634 2491 postea
665 2421 897 2493 paritura
926 2424 1022 2479 es?
1051 2423 1202 2480 Unde
1231 2416 1514 2482 meruisti?
1559 2426 1699 2482 unde
1741 2427 1845 2484 hoc
1884 2443 2039 2484 acce-

366 2536 369 2539 λ
452 2513 575 2581 pisti
597 2513 621 2566 ?
646 2514 786 2569 unde
812 2514 901 2570 ﬁet
926 2515 979 2570 in
1008 2523 1059 2571 te
1086 2516 1175 2585 qui
1208 2515 1331 2571 fecit
1359 2517 1450 2572 te?
1476 2516 1628 2574 Unde
1647 2558 1663 2587 ,
1686 2519 1919 2589 inquam,
1943 2520 2034 2575 tibi

452 2601 554 2658 hoc
580 2611 779 2658 tantum
803 2603 1000 2659 bonum
1021 2606 1045 2659 'l
1074 2604 1237 2678 Virgo
1262 2621 1321 2661 es
1345 2646 1359 2670 ,
1397 2617 1579 2663 sancta
1610 2622 1668 2663 es
1691 2649 1707 2677 ,
1740 2618 1919 2663 votum
1944 2624 2037 2665 vo-

450 2690 607 2760 visti;
636 2695 730 2751 sed
761 2696 981 2751 multum
1023 2697 1161 2767 quod
1192 2698 1429 2754 meruisti
1454 2740 1469 2768 ,
1511 2699 1619 2755 imo
1645 2716 1772 2757 vero
1812 2704 2033 2758 multum

449 2779 591 2854 quod
627 2786 900 2858 accepisti.
943 2786 1077 2842 Nam
1122 2787 1262 2844 unde
1307 2788 1410 2844 hoc
1451 2789 1729 2845 meruisti?
1761 2791 1845 2847 Fit
1888 2793 1940 2848 in
1985 2803 2037 2849 te

448 2876 539 2947 qui
567 2874 692 2933 fecit
727 2886 778 2932 te
800 2919 815 2945 ,
859 2878 920 2933 ﬁt
957 2879 1011 2933 in
1057 2887 1111 2935 te
1139 2894 1234 2950 per
1259 2896 1416 2952 quem
1444 2880 1580 2937 facta
1618 2898 1678 2939 es
1718 2899 1732 2938 :
1776 2885 1883 2941 imo
1909 2902 2035 2941 vero

450 2976 546 3034 per
569 2981 727 3037 quem
755 2965 953 3023 factum
976 2978 1059 3026 est
1086 2970 1280 3027 cmlum
1309 2981 1364 3028 et
1394 2981 1555 3040 terra,
1589 2990 1684 3045 per
1711 2991 1867 3044 quem
1899 2976 2033 3033 facta

448 3064 571 3111 sunt
606 3058 821 3127 omnia,
855 3060 913 3115 lit
954 3059 1009 3114 in
1040 3069 1093 3116 te
1138 3061 1369 3118 Verbum
1397 3064 1492 3119 Dei
1529 3080 1657 3122 caro
1681 3108 1696 3132 ,
1727 3069 2036 3139 accipiendo

448 3159 687 3215 carnem,
723 3164 831 3204 non
860 3151 1152 3207 amittendo
1180 3152 1529 3210 divinitatem.
1556 3158 1622 3213 Et
1649 3159 1879 3214 Verbum
1912 3161 2038 3230 jun.

446 3235 590 3305 gitur
612 3236 780 3306 carni,
805 3246 861 3294 et
886 3238 1118 3298 Verbum
1138 3240 1418 3314 copulatur
1435 3247 1614 3313 carni;
1644 3256 1699 3303 et
1722 3248 1878 3318 hujus
1904 3254 2032 3307 tanti

446 3326 675 3398 conjugii
700 3323 980 3396 thalamus,
1002 3340 1184 3390 uterus
1211 3342 1358 3405 tuus;
1380 3346 1433 3392 et
1447 3337 1625 3408 hujus.
1647 3340 1881 3412 inquam,
1906 3346 2032 3399 tanti

446 3417 696 3490 eonjugii,
726 3414 777 3474 id
797 3430 879 3476 est
907 3416 1066 3479 Verbi
1096 3432 1150 3480 et
1174 3427 1352 3482 carnis
1378 3428 1640 3486 thalamus
1665 3440 1847 3488 uterus
1868 3442 1987 3490 tuus
2015 3454 2030 3491 :

446 3507 587 3565 unde
613 3510 722 3581 ipse
744 3527 958 3582 sponsus
978 3510 1204 3583 procedit
1224 3515 1289 3571 de
1313 3518 1538 3574 thalamo
1557 3537 1647 3575 suo
1669 3520 1839 3588 (Psal.
1865 3540 1995 3580 xvtn
2013 3566 2027 3589 ,

447 3597 527 3670 6).
559 3598 769 3655 Invenit
801 3611 851 3656 te
889 3598 1145 3674 virginem
1172 3618 1462 3678 conceptus
1484 3651 1500 3677 ,
1534 3609 1750 3667 dimittit
1773 3613 2031 3683 virginem

445 3698 621 3746 natus.
639 3690 738 3746 Dat
766 3691 1162 3763 fecunditatem,
1182 3710 1289 3752 non
1310 3700 1446 3754 tollit
1474 3701 1851 3772 integritatem.
1880 3705 2033 3762 Unde

446 3780 539 3835 tibi
564 3781 705 3837 hoc?
745 3782 999 3840 Proterve
1043 3787 1303 3859 virginem
1347 3789 1528 3846 videor
1560 3791 1930 3864 interrogare,
1977 3806 2032 3852 et

444 3872 595 3942 quasi
626 3869 925 3945 importune
952 3892 1107 3932 aures
1135 3879 1464 3935 verecundos
1494 3881 1592 3936 ista
1619 3898 1735 3939 mea
1762 3900 1895 3941 voce
1917 3888 2031 3956 pul-

444 3977 587 4019 sare.
635 3963 738 4020 Sed
770 3962 923 4022 video
948 3964 1204 4038 virginem
1232 3970 1715 4043 verecundantem,
1760 3984 1814 4030 et
1853 3984 2028 4032 tamen

447 4054 854 4121 respondentem
879 4098 893 4121 ,
936 4073 1126 4128 meque
1154 4056 1528 4117 admonentem
1575 4080 1589 4116 :
1627 4063 1832 4130 Qumris
1859 4080 1889 4119 a
1942 4083 2030 4124 me

447 4143 588 4198 unde
617 4143 745 4199 mihi
789 4146 932 4203 hoc?
959 4146 1302 4206 Verecundor
1330 4152 1422 4207 tibi
1463 4154 1787 4224 respondere
1829 4155 2027 4214 bonum

449 4247 663 4300 meum,
706 4238 874 4311 angeli
918 4239 1037 4294 audi
1088 4239 1253 4311 ipsius
1299 4240 1690 4312 salutationem,
1740 4256 1795 4302 et
1838 4247 1891 4302 in
1939 4264 2028 4306 me

446 4342 677 4399 agnosce
707 4332 846 4383 tuam
875 4331 1117 4387 salutem.
1144 4333 1315 4391 Crede
1355 4336 1439 4390 cui
1465 4337 1685 4392 credidi.
1715 4337 1868 4395 Unde
1895 4340 2026 4396 mihi

446 4419 548 4474 hoc
575 4418 806 4489 qumris?
830 4421 1063 4492 Angelus
1094 4422 1432 4494 respondeat.
1472 4428 1568 4484 Dic
1610 4429 1773 4495 mihi,
1800 4434 2023 4503 angelo,

446 4511 585 4566 unde
611 4510 787 4566 Mari-.2
813 4511 953 4567 hoc?
977 4512 1090 4567 Jam
1120 4513 1250 4583 dixi,
1276 4532 1399 4573 cum
1428 4520 1650 4576 salutavi
1683 4537 1698 4575 :
1730 4522 1871 4592 Ave,
1901 4541 2024 4595 gra-

447 4600 517 4657 tia
552 4602 703 4674 plena
728 4600 880 4675 (Luc.
913 4604 964 4668 1,
992 4603 1105 4674 28).

896 4695 1123 4752 suane
1160 4690 1381 4754 chcu
1412 4704 1430 4725 ο
1462 4701 1560 4772 (a).

828 4794 879 4837 In
908 4788 1055 4840 Natali
1085 4790 1278 4840 Joannis
1308 4793 1545 4855 Baptista},
1575 4809 1640 4844 vr.

657 4867 723 4921 In
749 4882 846 4933 quo
874 4870 1159 4938 disputatur
1181 4880 1353 4924 contra
1380 4868 1672 4928 Donatistas

516 4954 741 5013 C.\PU'[‘
780 4958 1147 5014 PRIMUM.—
1178 4962 1227 5014 l.
1267 4958 1483 5016 Joannis
1525 4963 1755 5019 natioitas
1810 4983 1902 5022 cur
1943 4984 2024 5024 ce-

442 5048 697 5114 lt'bt‘etur,
728 5066 827 5103 non
856 5047 1087 5106 aliorum.
1133 5050 1247 5108 Diei
1292 5050 1563 5109 hodiernae
1591 5057 1897 5114 solemnitas
1937 5075 2026 5115 so-

442 5139 676 5193 lcmnem
724 5137 991 5195 desiderat
1042 5148 1187 5198 tanta
1245 5144 1642 5215 exspectatione
1695 5162 2017 5206 sermonem.

442 5231 606 5300 Ergo,
638 5229 919 5300 adjuvante
947 5233 1191 5302 Domino,
1240 5230 1656 5293 ministrahimus
1699 5236 1850 5295 vobis
1882 5242 2023 5311 quod

441 5321 674 5389 dederit,
726 5324 1021 5381 recolentes
1061 5336 1116 5381 et
1154 5328 1329 5383 animo
1378 5338 1618 5386 tenentes
1664 5340 1859 5387 nostrae
1902 5333 2023 5388 ofﬁ-

510 5455 527 5526 ξ
552 5460 709 5526 forte,
731 5455 915 5526 accepit
934 5455 1061 5526 enim
1097 5463 1254 5526 gentm
1279 5458 1502 5526 pirginis,
1528 5462 1658 5526 quod
1688 5462 1809 5514 vovit
1828 5472 1946 5515 Deo.

510 5516 527 5536 ‘
549 5518 814 5580 Castigatus
831 5516 893 5580 ad
927 5518 1049 5568 duos
1068 5521 1145 5570 ch.
1171 5522 1231 5570 ad
1251 5521 1311 5572 cl.
1349 5516 1398 5573 ἅ.
1424 5537 1461 5574 ι·.
1489 5516 1611 5576 t.'v.
1650 5532 1701 5577 et
1722 5526 1781 5576 ad
1822 5535 1923 5576 Am.
1948 5534 2021 5576 Er.

448 5581 550 5642 Par.
566 5578 693 5642 _l.ov.'
709 5585 763 5628 et
783 5578 843 5642 ad
862 5580 996 5642 Vign.

511 5636 584 5761 (ag
616 5638 754 5709 Alias,
786 5641 850 5691 de
881 5636 1060 5692 sanctis

511 5696 561 5760 (ὁ
614 5706 735 5750 Cttat
757 5701 917 5751 Florus
937 5704 995 5752 all
1021 5705 1165 5761 I’ltiltp

510 5696 583 5761 (ὁ)
614 5696 917 5751 ιῖἰιίιιίδιοιύε
937 5704 995 5752 all
1021 5705 1213 5768 Philipp.
1239 5721 1290 5756 tt.

1683 306 1740 364 S.
1786 304 2145 364 AUGUSTlNl
2187 303 2488 361 EPISCOI‘I

3571 309 3712 367 1320

2151 419 2289 474 cium
2340 418 2639 486 servitutis,
2694 426 2753 475 ut
2795 417 3106 491 loquamur,
3160 434 3266 477 non
3321 428 3573 494 tanquam
3616 442 3733 483 ma-

2146 510 2331 581 gistri,
2380 509 2473 565 sed
2523 520 2771 580 tanquam
2819 511 3079 577 ministri;
3118 526 3225 568 non
3270 512 3577 585 discipulis,
3633 517 3730 572 sed

2147 600 2551 670 condiscipulis;
2579 602 2702 674 quia
2752 617 2852 658 nec
2898 603 3089 673 servis,
3140 603 3236 660 sed
3279 608 3577 662 conservis.
3620 610 3733 664 Ila-

2146 693 2314 764 gister
2340 701 2516 755 autem
2558 709 2695 750 unus
2722 703 2818 753 ~est
2851 696 3035 764 nobis,
3075 697 3226 768 cujus
3265 698 3445 754 schola
3490 700 3543 754 in
3591 708 3731 756 terra

2147 795 2262 853 est,
2316 794 2372 842 et
2407 787 2660 843 cathedra
2701 788 2754 843 in
2805 788 2986 846 celo:
3025 789 3178 860 cujus
3222 806 3525 860 praeeursor
3564 792 3729 847 Joan-

2148 889 2246 932 nes
2268 885 2352 932 est
2383 885 2559 944 natus,
2586 878 2738 947 cujus
2766 879 3053 935 nativitatis
3076 880 3193 937 dies
3232 881 3525 939 hodiernus
3554 883 3722 937 tradi-

2148 968 2256 1028 tur,
2286 958 2443 1015 hodie
2458 961 2773 1017 celebratur.
2802 962 2915 1018 Hoc
2936 962 3197 1033 majorum
3225 965 3511 1024 traditione
3535 981 3731 1024 susce-

2146 1053 2340 1123 pimus,
2372 1053 2475 1109 hoc
2497 1054 2561 1109 ad
2588 1062 2829 1125 posteros
2854 1054 3106 1113 imitanda
3131 1056 3416 1114 devotione
3443 1061 3724 1116 transmit-

2146 1143 2326 1198 timus.
2353 1142 2573 1200 Joannis
2609 1158 2738 1215 ergo
2766 1158 2872 1200 non
2914 1144 3288 1216 Evangelistaz,
3335 1148 3430 1203 sed
3473 1148 3730 1219 Baptista:

2143 1232 2383 1288 Natalem
2413 1233 2573 1290 hodie
2597 1234 2950 1291 celebramus.
2991 1235 3104 1303 Qua
3133 1236 3303 1306 prima
3327 1252 3389 1292 re
3413 1239 3609 1308 posita.
3631 1255 3729 1295 oc-

2143 1324 2308 1380 currit
2349 1324 2570 1396 qumstio
2596 1339 2700 1379 non
2728 1325 3117 1395 praetereunda,
3144 1342 3310 1397 quare
3330 1327 3597 1395 Natalem,
3622 1345 3731 1400 quo

2143 1426 2225 1473 est
2251 1425 2404 1472 ortus
2429 1432 2497 1473 ex
2526 1426 2678 1473 utero
2699 1417 2951 1483 Joannes,
2981 1422 3157 1489 potius
3182 1419 3536 1485 celebremus,
3563 1437 3727 1491 quam

2142 1506 2427 1577 cujuslibet
2448 1505 2678 1576 apostoli
2710 1506 2795 1562 vel
2827 1508 3077 1578 martyris
3103 1507 3185 1563 vel
3215 1508 3490 1579 prepheta:
3517 1511 3603 1565 vel
3636 1526 3730 1580 pa-

2143 1596 2434 1652 triarchae?
2482 1596 2539 1652 Si
2592 1597 3006 1668 interrogemur,
3060 1597 3187 1667 quid
3232 1599 3730 1669 respondebimus?

2142 1687 2405 1756 Quantum
2437 1687 2566 1743 mihi
2590 1688 2816 1757 videtur,
2839 1698 3095 1760 quantum
3122 1706 3360 1746 mearum
3381 1692 3577 1747 virium
3614 1710 3719 1748 me

2142 1781 2408 1838 dioeritati
2446 1782 2699 1848 occurrit,
2743 1781 2859 1837 hsce
2895 1797 3053 1838 causa
3082 1790 3203 1839 est:
3229 1783 3481 1853 Discipuli
3514 1786 3725 1841 Domini

2141 1874 2272 1939 nati,
2297 1882 2353 1930 et
2377 1889 2474 1945 per
2497 1875 2668 1929 aetatis
2695 1888 2968 1930 accessum
2991 1874 3058 1930 ad
3081 1890 3253 1931 annos
3277 1878 3588 1947 capaciores
3615 1895 3724 1947 per-

2140 1963 2306 2030 ducti,
2334 1963 2387 2018 in
2413 1963 2785 2034 discipulatum
2821 1965 3077 2034 assumpti
3101 1975 3254 2030 sunt;
3296 1966 3506 2021 illorum
3542 1977 3725 2038 postea

2141 2053 2276 2109 ﬁdes
2317 2054 2543 2109 Domino
2586 2053 2833 2120 adhaisit,
2877 2054 2973 2110 sed
3013 2055 3211 2111 nullius
3239 2057 3449 2113 illorum
3478 2062 3723 2116 nativitas

2142 2146 2369 2202 Domino
2407 2146 2675 2202 militavit.
2702 2145 3067 2203 Recordemur
3093 2158 3149 2205 et
3176 2149 3491 2222 Prophetas,
3526 2153 3722 2207 recolm

2139 2252 2259 2294 mus
2284 2237 2619 2294 Patriarehas
2642 2255 2656 2290 :
2680 2238 2789 2292 nati
2817 2246 2944 2294 sunt
2976 2239 3239 2306 homines,
3285 2242 3460 2305 a-tatis
3503 2257 3722 2298 accessu

2140 2328 2329 2398 repleti
2351 2327 2552 2399 Spiritu
2580 2337 2766 2385 saneto
2784 2328 3241 2401 prophetaverunt
3277 2324 3584 2398 Christum;
3617 2336 3723 2389 nati

2140 2429 2286 2488 sunt,
2317 2429 2375 2476 ut
2401 2430 2582 2492 postea
2606 2421 3009 2493 prophetarent.
3030 2421 3253 2493 Joannis
3275 2433 3452 2479 autem
3481 2426 3597 2495 ipsa
3625 2441 3722 2480 na-

2141 2511 2316 2565 tivitas
2352 2511 2632 2567 Dominum
2660 2511 2928 2569 Christum
2956 2513 3311 2585 prophetavit,
3339 2530 3502 2586 quem
3525 2530 3722 2572 conce-

2139 2609 2286 2670 ptum
2310 2616 2375 2655 ex
2401 2609 2555 2657 utero
2584 2600 2852 2657 salutavit.

2209 2692 2435 2748 CAPUT
2473 2692 2539 2746 ll.
2559 2722 2628 2734 —-—
2642 2691 2698 2747 2.
2738 2692 2842 2749 Cur
2860 2703 3031 2751 tantus
3049 2695 3199 2751 homo
3216 2695 3465 2764 Joannes,
3488 2714 3581 2768 nec
3598 2699 3720 2752 inter

2139 2782 2412 2854 discipulos
2437 2781 2665 2851 Domini,
2697 2784 2787 2839 sed
2823 2785 3100 2856 discipulos
3126 2786 3312 2842 habens
3335 2804 3452 2841 cum
3478 2787 3723 2845 Domino.

2138 2872 2525 2929 Donatistarum
2552 2891 2695 2930 voces
2722 2876 2967 2947 superbia.
2996 2876 3118 2942 Ista,
3147 2888 3206 2933 ut
3228 2879 3517 2948 potuimus,
3551 2880 3724 2936 soluta

2142 2966 2457 3035 qumstione,
2503 2965 2727 3021 alteram
2773 2966 3164 3037 aggrediamur,
3208 2984 3306 3038 pro
3351 2970 3555 3026 viribus
3590 2986 3724 3041 quas

2141 3055 2345 3110 dederit
2378 3056 2649 3111 Dominus.
2674 3056 2918 3112 Occurrit
2938 3057 3080 3113 enim
3106 3058 3207 3114 alia
3231 3061 3456 3130 quasstio
3482 3061 3722 3132 aliquan-

2143 3157 2215 3211 to,
2247 3155 2304 3199 ut
2343 3146 2469 3200 mihi
2497 3146 2723 3214 videtur,
2754 3147 3070 3212 ohstrusior,
3098 3156 3153 3203 et
3177 3148 3245 3215 ad
3280 3150 3721 3218 perscrutandum

2143 3234 2476 3301 laboriosior,
2495 3236 2666 3306 inqua
2687 3250 2774 3291 me
2798 3236 3024 3292 multum
3046 3237 3315 3308 adjuvahit
3338 3250 3513 3294 vestra
3540 3240 3720 3294 inten—

2139 3327 2233 3390 tio,
2275 3335 2330 3380 et
2376 3342 2469 3396 pro
2498 3341 2613 3381 mea
2657 3326 2943 3398 exiguitate
2981 3327 3049 3383 ad
3081 3328 3360 3385 Dominum
3392 3329 3721 3401 deprecatio.

2136 3416 2369 3472 Joannes
2392 3417 2492 3472 iste
2520 3425 2661 3472 tanta
2682 3416 2953 3474 excellens
2968 3418 3158 3489 gratia,
3185 3426 3246 3473 ut
3268 3419 3719 3489 quemadmodum

2136 3508 2334 3564 dictum
2361 3516 2464 3572 est,
2493 3507 2774 3563 Dominum
2802 3507 2962 3563 etiam
2992 3523 3060 3562 ex
3089 3516 3241 3564 utero
3280 3509 3556 3576 salutaret,
3585 3526 3718 3565 non-

2135 3597 2261 3651 dum
2286 3595 2572 3667 loquendo,
2604 3596 2699 3652 sed
2719 3596 3064 3664 exsultando;
3086 3598 3237 3668 cujus
3260 3599 3430 3670 gratia
3466 3600 3518 3654 in
3551 3600 3717 3655 Deum

2130 3691 2241 3760 jam
2272 3699 2395 3746 tunc
2418 3699 2533 3745 erat
2559 3697 2761 3760 aperta,
2788 3689 3000 3760 quando
3028 3689 3142 3761 ejus
3166 3705 3293 3747 caro
3324 3692 3378 3746 in
3405 3705 3569 3747 carne
3602 3700 3716 3747 erat

2135 3780 2372 3836 inclusa:
2398 3780 2487 3836 hic
2513 3796 2639 3852 ergo
2663 3781 2896 3838 Joannes
2922 3797 3029 3837 non
3073 3782 3340 3838 invenitur
3378 3783 3516 3839 inter
3553 3784 3719 3839 disci-

2134 3872 2287 3942 pulos
2303 3870 2535 3939 Domini,
2566 3872 2658 3927 sed
2684 3872 2953 3928 invenitur
2968 3872 3144 3944 potius
3158 3872 3446 3943 discipulos
3463 3873 3717 3930 habuisse

2132 3978 2255 4018 cum
2284 3962 2529 4018 Domino.
2548 3962 2684 4030 Quid
2700 3963 2930 4020 esthoc?
2948 3964 3077 4034 Quis
3098 3973 3183 4022 est
3197 3966 3298 4021 iste
3318 3965 3511 4021 homo?
3543 3966 3715 4023 Homo

2139 4064 2314 4110 tantus
2331 4055 2372 4121 ¹,
2398 4054 2517 4125 quis
2534 4054 2693 4110 homo
2719 4055 2930 4111 tantus?
2946 4065 3173 4125 quantus
3198 4064 3375 4110 tantus
3402 4057 3597 4112 homo?
3614 4052 3719 4113 Ta-

2135 4161 2258 4202 men
2286 4161 2393 4200 non
2422 4146 2742 4216 sequebatur
2762 4146 2899 4202 inter
2918 4146 3205 4217 discipulos
3225 4147 3532 4208 Dominum.
3554 4159 3613 4202 et
3629 4164 3717 4204 se-

2134 4235 2430 4307 quebantur
2447 4251 2570 4291 eum
2604 4235 2880 4307 discipuli:
2908 4237 3047 4294 absit
3074 4247 3133 4292 ut
3154 4237 3349 4305 dicam,
3381 4249 3569 4294 contra
3597 4240 3706 4294 Do-

2131 4329 2364 4394 minum;
2396 4327 2489 4384 sed
2522 4337 2695 4384 tamen
2726 4328 2874 4399 quasi
2903 4338 3050 4384 extra
3074 4330 3376 4386 Dominum.
3417 4331 3715 4402 Discipulos

2130 4416 2362 4474 habebat
2376 4418 2635 4485 Christus,
2654 4418 2780 4473 disci
2787 4418 2937 4488 pulos
2953 4418 3178 4476 habebat
3192 4420 3423 4476 Joannes
3442 4441 3455 4475 :
3481 4423 3712 4479 docebat

2128 4509 2388 4572 Christus,
2407 4507 2891 4563 docebatJoannes.
2907 4507 3042 4575 Quid
3058 4510 3164 4581 jam
3183 4511 3389 4567 dicam?
3405 4512 3710 4583 Baptizabat

2127 4597 2380 4664 Joannes,
2394 4597 2687 4667 baptizabat
2699 4597 2963 4653 Christus.
2976 4598 3101 4654 Plus
3114 4600 3199 4655 hic
3210 4600 3275 4656 de
3293 4601 3557 4672 baptismo
3567 4605 3711 4671 dico,

2129 4705 2159 4744 a
2189 4689 2395 4745 Joanne
2422 4687 2712 4759 baptizatus
2729 4688 3082 4744 estChristus.
3107 4684 3198 4745 Ubi
3216 4701 3339 4745 sunt
3355 4695 3443 4762 qui
3463 4694 3531 4749 de
3546 4697 3705 4750 mini—

2127 4782 2291 4839 sterio
2317 4781 2569 4852 Baptismi
2592 4785 2889 4853 arrogantia
2914 4779 3494 4841 turnidceanimositatis
3521 4784 3706 4842 inflan-

2125 4871 2246 4928 tur?
2260 4871 2359 4929 Ubi
2376 4882 2499 4931 sunt
2513 4888 2670 4929 voces
2686 4882 2927 4929 carentes
2940 4874 3253 4943 humilitate,
3270 4874 3349 4931 ela
3359 4885 3423 4931 ta:
3434 4879 3707 4948 superbia,

2130 4962 2245 5034 Ego
2268 4964 2496 5034 haptizo,
2527 4980 2626 5036 ego
2655 4965 2899 5035 baptizo?
2932 4967 3069 5034 Quid
3098 4968 3338 5036 dixisses,
3366 4970 3410 5023 si
3430 4969 3704 5025 Christum

2126 5052 2395 5123 baptizare
2410 5055 2720 5109 meruisses?
2734 5054 2915 5125 Magna
2928 5056 3059 5125 jam,
3072 5067 3319 5127 quantum
3335 5058 3562 5113 advertit
3581 5061 3703 5115 San-

2127 5142 2284 5197 ctitas
2308 5144 2504 5208 vestra,
2534 5159 2789 5215 apparere
2814 5155 2866 5198 et
2895 5142 3131 5202 eminere
3178 5162 3334 5203 causa
3383 5157 3566 5218 coepit,
3599 5167 3703 5221 qua

2125 5226 2295 5282 fuerat
2310 5236 2364 5282 et
2377 5227 2618 5285 Christus
2636 5247 2664 5284 a
2684 5231 2839 5287 Patre
2857 5232 3167 5307 mittendus,
3186 5247 3241 5294 et
3254 5234 3491 5301 Joannes
3507 5259 3537 5298 a
3553 5243 3710 5301 Chri-

2125 5324 2210 5372 sto
2228 5319 2655 5388 praemittendus.
2679 5319 2833 5378 Prior
2853 5320 3048 5382 missus
3069 5337 3151 5387 est
3171 5327 3425 5398 Joannes,
3448 5334 3546 5390 sed
3571 5334 3718 5391 sicut

2123 5407 2191 5464 ab
2211 5410 2627 5480 obsequentibtts
2666 5414 3001 5472 anteceditur
3021 5417 3205 5488 judex.
3246 5420 3522 5480 Posterior
3547 5425 3715 5482 homo

2123 5512 2336 5557 creatus
2364 5512 2446 5557 est
2474 5503 2739 5574 Christus,
2768 5509 2860 5564 sed
2886 5509 3142 5567 Joannem
3170 5518 3368 5571 creavit
3391 5516 3532 5574 Deus
3555 5518 3713 5576 Chri-

2123 5601 2256 5648 stus.
2288 5593 2418 5648 Erat
2462 5594 2620 5665 igitur
2646 5594 2878 5656 Joannes
2905 5600 3067 5658 homo
3091 5604 3359 5675 perfectus
3384 5609 3625 5680 quidem,
3652 5618 3711 5668 et

2200 5720 2215 5749 ί
2240 5720 2311 5767 sic
2331 5724 2437 5769 Mss.
2468 5724 2519 5766 Αι
2543 5716 2677 5777 editi,
2701 5722 2899 5767 tantum.
