4102 6326
342 377 481 437 1321

274 482 280 493 ’
340 494 497 565 cujus
528 501 669 548 tanta
698 490 865 564 gratia
889 487 1261 546 commendata
1293 492 1396 553 est,
1418 492 1479 540 ut
1494 483 1607 554 ipse
1626 480 1693 537 de
1716 480 1805 534 illo
1825 479 1929 533 Do-

342 588 522 645 minus
546 586 769 652 diceret,
801 583 867 637 In
896 583 1025 636 natis
1051 580 1321 634 mulierum
1349 593 1494 632 nemo
1520 574 1799 630 exsurrexit
1826 587 1930 625 ma-

330 683 424 752 jor
440 677 641 731 Joanne
664 673 893 745 Baptista
921 672 1133 743 (Matth.
1154 686 1227 736 xi,
1257 668 1368 741 ll).
1398 668 1502 722 Iste
1527 682 1654 736 ergo
1677 674 1782 719 tam
1810 678 1925 717 ma-

338 784 477 841 gnus
507 767 743 837 agnoscit
769 766 1050 821 Dominum
1080 763 1133 817 in
1163 776 1328 832 parvo
1373 775 1659 831 magnum:
1690 754 1929 827 agnoscit

340 862 504 917 homo
534 874 655 915 eum
682 857 772 929 qui
798 866 1019 912 venerat
1045 856 1206 910 homo
1243 855 1404 909 Deus.
1433 852 1489 907 Si
1520 852 1659 906 enim
1706 852 1759 905 in
1791 850 1928 905 natis

339 955 652 1021 mulierum,
687 952 787 1007 hoc
820 960 922 1016 est,
960 950 1013 1004 in
1057 948 1383 1011 hominibus,
1431 960 1588 1000 nemo
1625 942 1928 999 exsurrexit

337 1045 510 1115 major
529 1044 733 1099 Joanne
764 1043 1027 1112 Baptista;
1050 1041 1292 1111 quisquis
1311 1038 1516 1094 Joanne
1545 1037 1664 1106 plus
1688 1044 1787 1099 est,
1818 1049 1925 1088 non

338 1145 546 1191 tantum
574 1135 754 1200 homo,
787 1134 879 1188 sed
924 1142 978 1188 et
1013 1133 1155 1187 Deus
1198 1140 1299 1186 est.
1343 1128 1537 1184 Debuit
1577 1142 1705 1198 ergo
1747 1134 1925 1181 tantus

336 1229 458 1295 iste,
490 1235 545 1282 et
567 1227 854 1297 discipulos
880 1225 1123 1297 proprios
1156 1223 1376 1288 habere,
1419 1230 1475 1276 et
1497 1235 1618 1275 cum
1649 1218 1925 1289 discipulis

336 1322 451 1377 suis
477 1323 789 1392 magistrum
818 1319 1058 1375 omnium
1088 1316 1359 1371 Christum
1393 1328 1735 1384 cognoscere.
1770 1311 1924 1381 Quod

334 1412 480 1469 enim
515 1421 597 1467 est
628 1411 802 1480 majus
843 1408 1205 1465 testimonium
1239 1405 1502 1471 veritatis,
1534 1419 1693 1474 quam
1731 1416 1789 1459 se
1822 1403 1923 1458 hu-

334 1502 590 1559 miliando
609 1517 731 1557 eum
761 1514 1071 1571 agnoscere,
1104 1499 1191 1554 cui
1228 1496 1530 1553 aemulando
1555 1503 1763 1565 poterat
1788 1494 1924 1548 invi-

332 1595 497 1652 dere?
530 1595 711 1650 Putari
746 1593 988 1649 Christus
1031 1593 1229 1663 potuit,
1272 1600 1322 1645 et
1379 1592 1546 1647 noluit
1579 1608 1592 1643 :
1622 1589 1922 1645 existimari

330 1685 578 1742 Christus
598 1685 789 1756 potuit,
822 1694 877 1741 et
900 1684 1087 1740 noluit.
1113 1683 1371 1738 Dixerunt
1390 1682 1653 1747 homines,
1684 1695 1806 1735 cum
1828 1681 1924 1734 fal-

330 1779 573 1835 lerentur
601 1777 653 1832 in
681 1792 779 1833 eo:
805 1775 943 1831 Num
968 1774 1105 1829 forte
1130 1774 1218 1829 hic
1244 1782 1327 1828 est
1370 1772 1647 1828 Christus?
1677 1771 1923 1840 Respon-

330 1870 413 1926 dit
447 1870 537 1926 ille
571 1868 712 1939 quod
745 1883 852 1923 non
879 1875 1014 1933 erat,
1056 1874 1119 1921 ut
1146 1874 1384 1920 maneret
1427 1863 1571 1934 quod
1610 1871 1744 1917 erat.
1796 1861 1924 1917 Inde

331 1961 533 2031 quippe
556 1959 725 2014 Adam
749 1959 932 2030 lapsus
962 1956 1194 2027 perdidit
1220 1955 1361 2026 quod
1386 1961 1524 2019 erat,
1548 1954 1672 2024 quia
1698 1953 1750 2008 id
1779 1951 1923 2024 quod

330 2068 439 2109 non
470 2061 589 2108 erat
614 2051 907 2122 usurpavit.
938 2049 1227 2105 Recolebat
1251 2049 1351 2103 hoc
1374 2051 1535 2102 homo
1556 2048 1656 2102 iste
1675 2060 1919 2116 magnus,

328 2134 427 2201 sed
454 2153 511 2199 ut
537 2158 700 2214 parvo
718 2143 936 2198 Christo
957 2141 1208 2196 minimus
1230 2157 1243 2194 :
1267 2148 1490 2194 noverat
1513 2138 1635 2205 hoc,
1654 2136 1923 2192 recolebat

329 2235 457 2300 hoc,
502 2244 557 2288 et
604 2233 847 2299 tenebat;
879 2231 1273 2303 quia.recipere
1317 2229 1460 2299 quod
1502 2228 1591 2283 ille
1616 2226 1924 2297 perdiderat

329 2327 618 2396 cogitabat.
652 2325 823 2380 Homo
870 2339 998 2393 ergo
1023 2324 1145 2390 iste,
1178 2331 1233 2376 ut
1256 2321 1386 2387 dixi,
1416 2334 1639 2390 magnus
1664 2319 1919 2387 Joannes,

328 2419 415 2474 cui
442 2418 695 2473 Dominus
726 2417 1086 2485 testimonium
1115 2416 1221 2469 tale
1248 2414 1535 2483 perhibuit,
1559 2428 1718 2483 quem
1736 2413 1814 2467 sic
1837 2427 1924 2467 ve-

327 2512 461 2567 ritas
481 2509 893 2575 commendavit,
920 2518 977 2563 ut
996 2508 1216 2571 diceret,
1252 2505 1318 2560 In
1357 2507 1488 2560 natis
1518 2507 1784 2560 mulierum
1820 2520 1921 2558 non

327 2603 613 2657 exsurrexit
634 2603 801 2672 major
815 2601 1014 2655 Joanne
1030 2598 1292 2669 Baptista;
1309 2599 1480 2668 potuit
1497 2598 1917 2663 crediChristus,

324 2696 440 2750 imo
462 2696 574 2766 jam
602 2696 669 2750 ab
693 2696 772 2751 eis
799 2696 890 2765 qui
916 2694 1033 2764 ejus
1059 2693 1441 2763 magnitudinis
1466 2692 1633 2762 gratia
1667 2690 1921 2746 falleban-

324 2795 434 2852 tur,
460 2786 776 2842 credebatur
800 2786 1081 2843 Christus:
1108 2794 1163 2840 et
1178 2786 1231 2839 in
1248 2784 1337 2838 illo
1354 2798 1537 2839 errore
1558 2794 1915 2849 morerentur,

321 2878 432 2933 nisi
462 2879 529 2933 ab
559 2878 651 2933 illo
677 2878 966 2933 conﬁtente
1002 2877 1416 2955 corrigerentur.
1470 2873 1764 2945 Respondit
1790 2888 1918 2943 ergo

318 2970 390 3024 ita
432 2970 763 3040 putantibus,
791 2977 845 3024 et
872 2970 982 3023 ait:
1007 2967 1130 3022 Non
1153 2984 1266 3022 sum
1284 2983 1383 3045 ego
1409 2966 1635 3021 Christus
1669 2965 1849 3037 (Joan.
1878 2981 1916 3030 ι,

315 3060 409 3133 20)
430 3101 443 3113 .
473 3062 746 3132 Tanquam
787 3060 1022 3115 diceret:
1054 3059 1214 3114 Certe
1253 3059 1305 3112 in
1348 3059 1603 3113 honorem
1638 3072 1813 3111 meum
1846 3058 1918 3111 ita

319 3140 607 3217 lallimini;
636 3162 691 3208 et
714 3162 862 3208 certe
901 3152 1031 3207 mihi
1064 3151 1164 3205 hoc
1192 3150 1425 3219 putando
1454 3163 1698 3219 magnam
1724 3147 1918 3202 additis

318 3243 581 3300 laudem:
607 3243 703 3298 sed
727 3257 826 3313 ego
851 3257 938 3296 me
958 3241 1130 3296 debeo
1152 3254 1462 3311 agnoscere,
1487 3250 1545 3294 ut
1566 3238 1726 3304 vobis
1742 3253 1918 3295 erran-

314 3335 473 3390 tibus
505 3327 594 3389 ille
621 3335 788 3404 possit
814 3333 1111 3402 ignoscere.
1141 3329 1197 3385 Si
1222 3331 1364 3385 enim
1391 3329 1532 3400 quod
1560 3344 1664 3383 non
1694 3337 1809 3383 erat
1831 3327 1919 3381 fal-

312 3428 409 3483 laci
435 3437 515 3481 ter
531 3435 824 3496 putaretur,
837 3426 904 3480 ab
916 3424 1007 3478 illo
1017 3423 1107 3493 qui
1120 3432 1234 3477 erat
1252 3421 1512 3476 veraciter
1531 3427 1914 3488 amputaretur.

382 3517 625 3574 CAPUT
656 3514 900 3570 lll.—3.
943 3514 1172 3568 Christus
1204 3522 1258 3565 ut
1286 3510 1582 3564 humilitatis
1612 3512 1744 3563 viam
1771 3511 1919 3562 doce-

320 3618 415 3674 ret,
457 3608 741 3677 baptizatus
760 3616 809 3659 et
831 3605 1142 3658 incarnatus.
1160 3603 1478 3658 Praemissus
1494 3610 1575 3656 est
1598 3615 1726 3669 ergo
1752 3601 1916 3654 Joan-

326 3716 443 3765 nes,
470 3706 530 3752 ut
552 3697 831 3751 Dominum
861 3695 1113 3750 humilem
1138 3694 1449 3763 baptizaret.
1487 3691 1748 3761 Baptizari
1774 3692 1916 3744 enim

329 3790 590 3846 Dominus
617 3797 833 3860 propter
856 3787 1209 3842 humilitatem
1231 3784 1417 3851 voluit,
1443 3798 1547 3838 non
1572 3792 1789 3853 propter
1818 3782 1920 3836 ini-

326 3885 603 3954 quitatem.
633 3882 887 3937 Dominus
912 3880 1154 3935 Christus
1178 3894 1342 3950 quare
1361 3889 1445 3933 est
1472 3877 1799 3946 baptizatus?
1818 3876 1919 3930 Do-

328 3976 507 4031 minus
531 3973 773 4029 Christus
801 3973 895 4028 Dei
917 3972 1079 4027 Filius
1103 3972 1424 4042 unigenitus,
1448 3984 1614 4041 quare
1634 3979 1715 4025 est
1745 3968 1919 4039 bapti-

327 4068 513 4124 zatus?
541 4068 719 4123 Inveni
747 4081 912 4137 quare
927 4075 1008 4121 est
1027 4074 1201 4131 natus,
1231 4074 1285 4119 et
1311 4064 1383 4119 ibi
1410 4062 1647 4118 invenies
1670 4076 1834 4133 quare
1850 4061 1918 4116 sit

327 4160 644 4231 baptizatus.
674 4158 749 4213 lbi
768 4157 961 4228 quippe
982 4156 1217 4212 invenies
1237 4153 1552 4209 humilitatis
1570 4153 1729 4219 viam,
1756 4166 1916 4235 quam

327 4253 465 4324 pede
493 4250 729 4322 superbo
750 4265 854 4305 non
885 4249 1094 4318 carpis:
1118 4262 1277 4317 quam
1305 4247 1406 4301 nisi
1431 4244 1617 4299 humili
1639 4244 1775 4314 pede
1803 4243 1916 4297 cal-

326 4345 556 4410 caveris,
589 4342 656 4399 ad
682 4342 1076 4405 celsitudinem,
1094 4355 1201 4411 quo
1218 4338 1480 4410 perducit,
1508 4338 1787 4409 pervenire
1807 4352 1914 4391 non

328 4443 548 4512 poteris.
582 4441 887 4511 Baptizatus
917 4447 1001 4495 est
1027 4446 1246 4509 propter
1267 4446 1340 4503 te,
1365 4436 1453 4507 qui
1488 4433 1765 4490 descendit
1793 4445 1917 4501 pro-

330 4545 447 4605 pter
477 4545 549 4590 te.
579 4534 709 4589 Vide
736 4540 968 4603 quantus
997 4530 1169 4586 factus
1202 4529 1272 4584 sit
1297 4528 1562 4583 tantillus:
1601 4526 1834 4593 Quicum
1862 4524 1916 4579 in

330 4629 497 4695 forma
521 4624 615 4679 Dei
640 4634 787 4691 esset,
811 4642 911 4679 non
935 4624 1169 4693 rapinam
1195 4622 1465 4675 arbitratus
1489 4627 1563 4673 est
1582 4634 1686 4672 esse
1705 4617 1916 4687 aequalis

331 4717 464 4771 Deo.
496 4716 612 4771 Non
633 4717 776 4770 enim
806 4725 922 4770 erat
940 4716 1141 4786 rapina,
1168 4714 1260 4769 sed
1284 4722 1399 4768 erat
1427 4720 1616 4767 natura
1641 4711 1915 4783 aequalitas

334 4810 453 4864 Filii
474 4826 596 4864 cum
626 4810 798 4864 Patre.
825 4808 1057 4863 Joannes
1085 4809 1129 4862 si
1157 4822 1217 4862 se
1241 4806 1506 4862 Christum
1533 4808 1703 4877 putari
1732 4807 1913 4875 vellet,

334 4902 409 4957 illi
435 4902 620 4972 rapina
657 4910 817 4956 esset.
848 4900 971 4953 Non
997 4915 1125 4971 ergo
1148 4900 1381 4968 rapinam
1406 4900 1676 4952 arbitratus
1703 4911 1773 4952 est
1811 4914 1918 4951 esse

333 4996 544 5065 (aqualis
568 4993 692 5048 Deo.
725 4993 854 5047 Erat
882 4992 1045 5058 enim,
1074 5000 1129 5045 et
1152 4991 1266 5046 sine
1303 4992 1486 5061 rapina
1524 5000 1658 5057 erat,
1698 4999 1918 5046 coaeter-

333 5100 434 5139 nus
460 5086 528 5141 ab
557 5093 761 5139 :eterno
790 5091 943 5137 natus
967 5091 1098 5139 erat.
1121 5082 1323 5138 Tamen
1339 5083 1659 5151 semetipsum
1683 5083 1914 5136 exinani-

332 5177 403 5230 oit
439 5181 658 5247 formam
682 5176 813 5230 serui
837 5173 1089 5244 accipiens
1114 5172 1373 5243 (Philipp.
1405 5189 1462 5238 ιι,
1493 5172 1546 5239 6,
1570 5174 1652 5243 7);
1682 5173 1783 5229 hoc
1812 5182 1913 5242 est,

335 5268 561 5324 formam
591 5268 821 5323 hominis
844 5268 1130 5337 accipiens.
1161 5267 1260 5332 Qui
1288 5284 1401 5321 cum
1428 5268 1481 5320 in
1511 5271 1675 5339 {arma
1715 5267 1809 5321 Dei
1834 5285 1913 5322 cs-

334 5368 426 5424 set,
462 5375 568 5414 non
614 5359 840 5415 formam
871 5360 966 5413 Dei
996 5359 1289 5428 accepisset
1321 5377 1333 5412 :
1364 5374 1491 5429 ergo
1520 5376 1632 5413 cum
1660 5360 1713 5413 in
1752 5361 1918 5429 forma

336 5447 433 5502 Dei
454 5460 601 5516 esset,
619 5452 936 5521 semetipsum
952 5450 1245 5514 exinanivit,
1265 5457 1481 5522 formam
1496 5454 1625 5506 servi
1644 5454 1913 5522 accipiens.

336 5540 425 5597 Sic
453 5544 658 5611 accepit
681 5544 823 5612 quod
854 5558 956 5596 non
983 5552 1116 5603 erat.
1142 5553 1323 5598 utnon
1344 5546 1589 5613 perderet
1614 5548 1753 5617 quod
1780 5560 1915 5605 erat.

343 5633 561 5689 Manens
587 5634 743 5698 Deus,
772 5635 1039 5688 hominem
1067 5638 1368 5705 assumpsit.
1398 5638 1643 5695 Formam
1671 5645 1808 5697 servi
1832 5660 1917 5699 ac-

345 5729 507 5796 cepit,
548 5737 601 5783 et
630 5725 798 5781 lactus
821 5737 903 5779 est
942 5728 1079 5781 Deus
1108 5720 1287 5797 homo,
1313 5746 1343 5785 a
1371 5747 1476 5803 quo
1502 5732 1612 5789 Deo
1645 5734 1811 5792 factus
1837 5750 1917 5796 est

339 5813 522 5876 homo.

665 5912 887 5977 Sacr.
927 5910 1204 5979 Auensr.
1251 5915 1326 5977 V.

1706 362 1934 420 SERMO
1969 362 2212 422 CCXCll.

3480 382 3621 438 ιω

2110 478 2337 539 CAPUT
2374 484 2549 541 IV.—
2571 487 2706 544 Vide
2731 503 2880 562 ergo,
2905 504 3023 560 quae
3050 490 3324 561 maiestas,
3366 509 3485 565 quas
3524 511 3618 566 po-

2034 576 2218 639 testas,
2247 590 2365 644 qum
2391 578 2706 647 sublimitas,
2736 597 2853 651 quas
2882 597 3003 636 cum
3043 582 3199 639 Patre
3219 586 3498 653 aequalitas
3521 603 3616 643 ve-

2033 664 2111 719 nit
2138 677 2353 736 propter
2382 684 2477 725 nos
2503 672 2568 726 ad
2593 673 2955 728 indumentum
2987 674 3173 730 forma:
3208 679 3415 733 servilis
3438 682 3619 735 :etin-

2033 755 2210 826 tellige
2239 758 2378 813 illam
2410 776 2438 815 a
2470 764 2719 832 magistro
2763 774 2908 820 tanto
2948 765 3255 821 humilitatis
3282 768 3453 835 viam;
3484 786 3618 840 quo-

2032 847 2173 903 niam
2193 849 2311 919 plus
2329 860 2413 905 est
2432 853 2570 921 quod
2588 855 2752 910 voluit
2775 856 2934 911 homo
2957 856 3092 921 ﬁeri,
3111 873 3268 927 quam
3295 860 3434 929 quod
3451 860 3617 915 voluit

2030 939 2098 993 ab
2135 940 2348 996 homine
2378 942 2649 1013 baptizari.

2102 1030 2156 1084 4.
2195 1030 2457 1101 Baptizari
2483 1050 2573 1086 cur
2597 1051 2630 1087 a
2656 1034 2857 1091 Joanne
2883 1040 3060 1092 voluit.
3094 1040 3331 1109 Baptizat
3352 1055 3497 1112 ergo,
3534 1042 3614 1095 in«

2029 1136 2209 1190 quam,
2237 1122 2468 1179 Joannes
2493 1123 2783 1194 Christum,
2815 1144 3000 1184 servus
3029 1132 3332 1198 Dominum,
3354 1150 3452 1187 vox
3486 1133 3610 1188 Ver-

2029 1214 2175 1270 bum.
2205 1215 2525 1273 Mementole
2555 1218 2717 1285 cnim,
2750 1218 2863 1291 Ego
2886 1239 2997 1276 sum
3026 1240 3122 1277 vox
3142 1225 3408 1280 clamantis
3422 1226 3479 1278 in
3501 1242 3611 1279 ere-

2029 1322 2110 1359 mo
2128 1323 2146 1359 :
2170 1314 2223 1360 et
2248 1316 2568 1364 mementote
2591 1310 2715 1379 quia
2750 1309 2969 1366 Verbum
2988 1330 3106 1368 raro
3126 1320 3315 1385 factum
3336 1326 3425 1381 est,
3452 1327 3497 1370 et
3520 1318 3611 1370 lia-

2027 1394 2201 1449 bitavit
2219 1396 2272 1450 in
2294 1398 2434 1452 nobis
2463 1397 2637 1471 (Joan.
2657 1416 2695 1465 ι,
2713 1399 2801 1465 25,
2825 1402 2933 1466 M).
2956 1403 3352 1476 Baptizatergo,
3372 1408 3606 1477 inquam,

1995 1486 2257 1543 Joannes
2299 1488 2593 1557 Christum,
2644 1506 2828 1546 servus
2876 1494 3177 1559 Dominum,
3208 1512 3310 1552 vox
3352 1498 3605 1565 Verbum,

2026 1586 2268 1633 creatura
2294 1578 2625 1647 Creatorem,
2667 1582 2881 1637 lucerna
2921 1584 3119 1649 solem;
3164 1586 3259 1641 sed
3297 1589 3484 1655 solem,
3516 1590 3607 1659 qui

2029 1669 2151 1724 fecit
2171 1670 2311 1725 hunc
2339 1671 2539 1737 solem;
2567 1673 2734 1728 solem
2763 1673 2832 1729 de
2858 1689 2963 1745 quo
2993 1674 3194 1730 dictum
3219 1686 3319 1743 est,
3354 1678 3509 1733 Ortus
3537 1689 3609 1732 est

2028 1762 2152 1813 mihi
2175 1761 2254 1815 sol
2272 1764 2509 1832 justitite,
2535 1767 2790 1819 etsanitas
2815 1767 2868 1819 in
2900 1769 3076 1835 pennis
3101 1769 3209 1838 ejus
3254 1769 3503 1839 (Malaclt.
3536 1788 3606 1836 tv,

2028 1849 2104 1920 2).
2132 1852 2204 1906 De
2230 1868 2336 1921 quo
2365 1854 2509 1922 impii
2530 1870 2651 1910 sero
2678 1857 2999 1925 pmnitentes
3024 1858 3075 1912 in
3106 1860 3209 1913 ﬁne
3228 1859 3277 1912 in
3301 1860 3499 1930 judicio
3516 1863 3609 1916 Dei

2027 1941 2221 1997 dicturi
2243 1953 2399 1998 sunt:
2432 1946 2566 2009 Quid
2587 1948 2728 2001 nobis
2756 1952 2949 2020 profuit
2975 1952 3249 2020 superbia?
3277 1962 3363 2005 aut
3387 1954 3508 2023 quid
3532 1955 3611 2007 di-

2028 2033 2264 2087 vitiarum
2274 2036 2524 2104 jactantia
2540 2039 2750 2092 contulit
2767 2039 2945 2095 nobis?
2965 2040 3291 2096 Transierunt
3307 2042 3397 2097 illa
3417 2046 3608 2111 omnia,

2030 2132 2270 2193 tanquam
2306 2126 2483 2179 umbra
2507 2143 2526 2181 :
2551 2136 2606 2182 et
2633 2144 2753 2183 cum
2786 2131 2987 2184 umbris
3011 2133 3100 2202 qui
3129 2135 3297 2188 secuti
3339 2130 3464 2189 sunt
3492 2151 3609 2189 um-

2028 2214 2171 2269 bras.
2204 2216 2364 2288 Ergo,
2387 2218 2651 2289 inquiunt,
2674 2224 2951 2276 erravimus
2976 2241 3006 2275 a
3027 2226 3106 2278 via
3123 2220 3364 2293 veritatis,
3392 2236 3439 2280 et
3457 2228 3608 2293 iusti-

2027 2311 2111 2364 tia:
2148 2311 2316 2365 lumen
2344 2329 2444 2366 non
2483 2314 2609 2367 luxit
2644 2314 2807 2383 nobis,
2851 2326 2899 2369 et
2936 2317 3013 2371 sol
3037 2319 3054 2348 ί
3075 2335 3178 2371 non
3215 2328 3448 2373 estortus
3471 2322 3611 2375 nobis

2028 2399 2182 2472 (Sap.
2222 2418 2277 2467 v,
2322 2402 2459 2473 6ο8).
2498 2403 2606 2459 lllis
2636 2421 2742 2460 non
2768 2415 2851 2461 est
2877 2417 3031 2463 ortus
3069 2406 3330 2478 Christus,
3362 2425 3390 2463 a
3421 2410 3611 2480 quibus

2027 2508 2132 2547 non
2163 2502 2246 2548 est
2274 2495 2484 2564 agnitus
2501 2495 2765 2552 Christus.
2796 2499 2888 2554 Sol
2916 2500 3003 2555 ille
3024 2501 3264 2570 justitiae,
3295 2504 3410 2558 sine
3447 2503 3606 2568 nube,

2025 2587 2142 2641 sine
2169 2597 2351 2655 nocte;
2378 2590 2493 2659 ipse
2518 2605 2623 2645 non
2662 2592 2832 2647 oritur
2860 2594 3035 2659 malis,
3069 2610 3173 2649 non
3212 2596 3381 2649 oritur
3409 2596 3606 2666 impiis,

2026 2694 2131 2736 non
2158 2683 2328 2737 oritur
2351 2684 2678 2739 infidelibus.
2710 2685 2842 2741 Nam
2875 2688 3039 2742 solem
3068 2688 3223 2741 istum
3245 2688 3313 2743 de
3331 2689 3468 2743 coelo
3488 2703 3610 2744 cor-

2025 2787 2246 2842 poreum
2288 2775 2523 2843 quotidie
2571 2775 2695 2830 facit
2742 2777 2871 2831 oriri
2923 2792 3082 2848 super
3130 2779 3299 2834 honos
3345 2788 3400 2835 et
3443 2780 3611 2834 malos

2029 2862 2242 2935 (Matth.
2267 2882 2321 2933 v,
2339 2867 2451 2937 45).
2476 2867 2930 2939 Baptizavitergo,
2961 2879 3021 2923 ut
3044 2870 3430 2936 dixi,creatura
3446 2869 3610 2925 Crea-

2027 2966 2218 3025 torem,
2251 2960 2462 3015 lncerna
2494 2961 2661 3015 solem
2693 2977 2707 3014 :
2734 2971 2789 3016 et
2820 2978 2923 3015 non
2968 2978 3025 3017 se
3066 2965 3253 3018 extulit
3295 2965 3607 3034 baptizator,

2025 3051 2118 3105 sed
2147 3051 2379 3105 subdidit
2404 3053 2724 3121 baptizando
2754 3054 2851 3125 (a).
2874 3054 3005 3109 Nam
3035 3057 3263 3110 venienti
3288 3056 3355 3111 ad
3377 3072 3436 3112 se
3454 3056 3607 3111 dixit:

2025 3141 2104 3194 Tu
2121 3144 2254 3196 venis
2268 3144 2335 3196 ad
2347 3161 2425 3198 me
2441 3146 2722 3215 baptizari?
2738 3146 2848 3216 Ego
2865 3164 2895 3198 a
2913 3156 2959 3201 te
2974 3148 3127 3201 debeo
3139 3148 3403 3219 baptizari.
3424 3149 3609 3220 Magna

2024 3234 2309 3299 confessio,
2338 3245 2391 3290 et
2419 3248 2609 3290 secura
2655 3236 2888 3292 lucerna:
2916 3238 2968 3291 in
2998 3239 3297 3294 humilitate
3325 3240 3605 3310 professio.

2024 3324 2117 3378 Illa
2140 3326 2185 3378 si
2211 3336 2396 3380 contra
2437 3327 2606 3382 solem
2635 3328 2999 3396 extolleretur,
3032 3340 3187 3384 vento
3214 3331 3476 3399 superbiae
3503 3334 3610 3386 cito

2022 3416 2466 3485 exstingueretur.
2495 3416 2607 3472 Hoc
2632 3427 2715 3472 est
2738 3434 2865 3488 ergo
2892 3420 3031 3489 quod
3055 3421 3308 3475 Dominus
3332 3422 3574 3489 przevidit
3591 3464 3605 3487 ,

2024 3506 2166 3575 quod
2212 3508 2475 3576 baptismo
2499 3524 2597 3563 suo
2626 3510 2880 3566 Dominus
2910 3513 3108 3567 docuit.
3142 3515 3401 3583 Baptizari
3442 3516 3610 3571 voluit

2025 3605 2201 3651 tantus
2238 3614 2269 3652 a
2309 3600 2542 3665 tantillo;
2577 3609 2633 3654 ut
2656 3601 2818 3657 breve
2856 3604 3141 3673 explicem,
3180 3606 3412 3661 salvator
3440 3622 3469 3660 a
3500 3609 3608 3661 sal-

2023 3690 2216 3745 vando.
2256 3690 2386 3745 Nam
2441 3694 2759 3749 meminerat
2801 3695 3036 3751 Joannes
3080 3698 3301 3767 alicujus
3344 3698 3604 3767 fortassis,

2024 3782 2264 3851 quamvis
2291 3791 2465 3837 tantus
2497 3795 2659 3851 esset,
2710 3787 3037 3856 aegritudinis
3082 3804 3213 3844 sure.
3263 3790 3392 3844 Nam
3442 3792 3603 3858 unde,

2023 3872 2135 3944 Ego
2159 3890 2192 3926 a
2218 3884 2263 3927 te
2282 3876 2434 3929 debeo
2459 3875 2740 3946 baptizari?
2765 3878 2925 3934 Certe
2956 3880 3163 3935 Domini
3193 3881 3493 3951 Baptismus
3518 3897 3602 3936 sa-

2023 3964 2108 4019 lus
2127 3983 2139 4019 :
2159 3967 2279 4035 quia
2300 3965 2507 4022 Domini
2532 3978 2604 4023 est
2628 3970 2767 4024 salus
2796 3971 2967 4040 (Psal.
3001 3988 3075 4040 nl,
3104 3972 3183 4043 9).
3210 3972 3350 4027 Nam
3371 3990 3500 4028 vana
3520 3992 3606 4029 sa-

2023 4058 2105 4113 lus
2131 4059 2391 4113 hominum
2423 4059 2591 4131 (Psal.
2622 4078 2734 4130 ux,
2766 4064 2877 4135 l3).
2909 4064 3059 4121 Unde
3082 4081 3230 4137 ergo,
3263 4066 3376 4139 Ego
3403 4085 3435 4121 a
3462 4078 3509 4123 te
3528 4071 3609 4125 do-

2022 4150 2110 4205 beo
2139 4151 2407 4221 baptizari,
2436 4154 2478 4208 si
2502 4169 2606 4208 non
2634 4170 2767 4226 opus
2798 4156 3025 4212 habebat
3048 4160 3258 4214 curari?
3276 4161 3405 4216 Mira
3427 4173 3603 4217 autem

2022 4242 2073 4297 in
2102 4243 2213 4314 ipsa
2231 4244 2440 4299 Domini
2464 4245 2759 4302 humilitate
2786 4249 3047 4303 medicina
3070 4266 3085 4303 :
3112 4252 3199 4307 ille
3216 4252 3532 4321 baptizabat,
3552 4261 3607 4308 et

2022 4333 2113 4388 ille
2138 4334 2375 4390 sanabat.
2404 4334 2458 4391 Si
2488 4338 2630 4391 enim
2662 4336 2903 4394 Christus
2938 4340 3159 4395 salvator
3184 4344 3408 4397 omnium
3438 4345 3605 4398 homi-

2021 4428 2162 4489 num,
2190 4427 2407 4482 mutinae
2450 4428 2675 4497 ﬁdelium
2704 4429 2749 4500 (Ι
2774 4429 2908 4485 Tim.
2952 4447 3023 4501 iv,
3070 4432 3199 4505 10):
3233 4436 3523 4505 apostolica
3552 4445 3607 4491 et

2020 4531 2145 4572 vera
2170 4519 2431 4573 sententia
2458 4529 2558 4585 est,
2582 4521 2703 4590 quia
2731 4521 2979 4579 Christus
3003 4525 3234 4579 salvator
3253 4527 3489 4581 omnium
3510 4526 3607 4583 ho-

2020 4607 2258 4661 minum:
2288 4623 2445 4663 nemo
2473 4609 2635 4676 dicat,
2665 4610 2780 4665 Non
2817 4628 2953 4683 opus
2981 4614 3151 4670 habeo
3176 4615 3460 4671 salvatore.
3502 4618 3605 4684 Qui

2020 4696 2124 4752 hoc
2150 4697 2298 4765 dicit,
2330 4714 2391 4755 se
2420 4700 2626 4756 medico
2656 4716 2761 4756 non
2790 4703 3054 4772 humiliat,
3083 4706 3177 4761 sed
3204 4708 3256 4760 in
3292 4709 3482 4764 morbo
3507 4724 3605 4765 suo

2023 4791 2178 4860 perit.
2206 4790 2265 4846 Si
2290 4792 2520 4847 salvator
2539 4795 2775 4850 omnium
2805 4796 3097 4866 hominum,
3129 4814 3257 4871 ergo
3281 4812 3336 4857 et
3353 4802 3602 4861 Joannis:

2022 4900 2197 4957 neque
2237 4888 2379 4943 enim
2407 4889 2639 4946 Joannes
2668 4907 2771 4946 non
2805 4892 2984 4948 homo.
3013 4895 3230 4965 Magnus
3254 4897 3469 4967 quidem
3506 4898 3604 4954 ho-

2022 4994 2132 5043 mo,
2162 4981 2257 5036 sed
2284 4988 2458 5037 tamen
2489 4983 2787 5043 homo.llle
2806 4987 3036 5042 salvator
3049 4990 3285 5045 omnium
3309 4992 3601 5049 hominum:

2024 5072 2262 5141 agnoscit
2301 5073 2477 5144 itaque
2514 5076 2605 5131 ille
2650 5078 2967 5133 salvatorem
3021 5095 3196 5136 suum.
3241 5082 3424 5153 Neque
3463 5088 3603 5141 enim

2024 5164 2241 5220 Joannis
2285 5181 2388 5221 non
2432 5180 2546 5223 erat
2590 5169 2822 5224 salvator
2869 5171 3133 5227 Christus.
3165 5173 3281 5228 Non
3329 5174 3432 5230 hoc
3479 5177 3607 5233 dicit

2024 5255 2159 5326 ipse,
2195 5260 2284 5328 qui
2312 5261 2579 5317 humiliter
2615 5264 2914 5331 conlitetur,
2944 5266 3159 5323 dicens:
3189 5269 3298 5341 Ego
3322 5287 3354 5323 a
3382 5282 3429 5327 te
3456 5274 3607 5328 debeo

2025 5352 2287 5422 baptizari.
2333 5355 2402 5409 Et
2443 5356 2725 5410 Dominus:
2758 5357 2883 5413 Sine
2924 5361 3097 5429 modo,
3148 5363 3419 5433 impleatur
3446 5370 3604 5421 amitis

2088 5531 2279 5643 13:39:12,S
2287 5531 2357 5581 sol
2381 5531 2719 5597 intelligentiae.
2747 5544 2866 5597 Vox,
2907 5537 3246 5603 intelligentia,
3288 5542 3429 5593 abest
3459 5556 3486 5592 a
3513 5559 3606 5594 ma-

2202 5610 2215 5638 ll
2285 5631 2294 5641 .

2024 5607 2294 5643 ηιιδοτιινιιιδ.

2170 5609 2180 5640 Ι
2202 5610 2215 5638 ⁷)
2285 5631 2294 5641 .

2087 5608 2165 5715 ῗιῖζ
2304 5655 2416 5705 olim
2440 5669 2601 5705 sermo
2623 5658 2876 5709 desinebat
2904 5662 3033 5723 Apud
3058 5671 3157 5710 Am.
3181 5670 3252 5712 Er.
3275 5675 3325 5715 et
3357 5673 3464 5716 [ον.
3494 5671 3601 5720 noli.

2022 5732 2166 5790 quam
2200 5726 2384 5790 partem
2421 5723 2673 5790 \‘ignerius
2704 5723 2764 5790 in_
2783 5723 3124 5790 supplemento
3155 5726 3374 5784 dederat,
3399 5732 3484 5777 sed
3506 5745 3603 5790 pro.

2022 5782 2150 5829 iecto
2182 5782 2394 5843 graviter
2430 5784 2637 5846 sauciam
2670 5783 2832 5832 multis
2865 5782 2912 5832 in
2946 5786 3080 5844 locis,
3115 5800 3223 5846 qua:
3257 5782 3382 5838 ntutc
3412 5782 3604 5842 «intuma

2024 5853 2249 5893 sanantur
2282 5851 2503 5893 veterum
2540 5845 2765 5894 librorum
2796 5847 3023 5896 subsidio.

2796 5934 3348 6009 ('Quarante—deua:
3379 5938 3405 6013 μ’
