4102 6326
489 369 635 426 δὸἓὸ

485 485 686 558 justitia
713 480 927 554 (Matth.
972 493 1051 544 ιιι,
1095 477 1185 542 ιι,
1211 475 1323 548 is).
1355 473 1492 540 Quid
1517 481 1631 542 est,
1659 473 1821 526 omnis
1836 468 2074 542 iustitia?

493 574 802 631 Humilitate
847 569 1240 626 commendavit
1277 567 1587 639 justitiam:
1627 564 1883 634 justitiam
1923 560 2076 616 nobis

494 668 726 722 maxime
747 665 1052 720 [humilitate
1075 664 1327 734 magister
1354 660 1590 716 ctelestis
1622 666 1679 714 et
1714 672 1872 714 verus
1897 655 2076 709 Domi-

493 774 599 816 nus
619 757 1029 814 commendavit.
1061 756 1213 825 Quod
1234 755 1374 808 enim
1391 751 1778 821 baptizabatur,
1806 749 1873 804 ad
1897 747 2074 802 humi-

493 853 699 908 litatem
727 850 1065 923 pertinebat:
1091 838 1146 905 et
1170 848 1291 903 ideo
1315 845 1457 917 quod
1484 845 1549 900 ad
1575 843 1927 898 humilitatem
1953 854 2078 906 per-

496 944 697 1000 tinebat
726 941 978 1007 facturus,
1008 941 1173 996 dixit:
1198 939 1225 993 1
1233 939 1482 1008 inpleatur
1499 937 1661 991 omnis
1671 935 1894 1005 jastitia.

563 1038 618 1092 5.
652 1035 933 1090 Douatistar
951 1034 1123 1087 locum
1146 1029 1414 1101 Evangelii
1431 1030 1496 1084 de
1516 1029 1692 1082 arbore
1713 1036 1762 1080 et
1780 1026 1888 1095 eius
1907 1024 2076 1094 [ructu

495 1133 562 1186 ad
594 1131 876 1184 ministrum
905 1127 1155 1197 Baptismi
1180 1139 1442 1195 perperam
1465 1121 1793 1190 transferunt.
1823 1116 2077 1172 Prtevidit

495 1223 692 1279 multos
735 1221 1012 1276 inﬂaturos
1040 1234 1099 1273 se
1137 1218 1206 1273 de
1232 1215 1526 1270 ministerio
1572 1211 1822 1281 Daptismi
1848 1250 1865 1276 ,
1905 1217 1958 1263 et
1992 1208 2074 1263 di-

498 1325 696 1379 cturos,
727 1315 840 1382 Ego
867 1313 1080 1382 baptizo
1097 1328 1116 1375 -;
1143 1319 1217 1376 et,
1244 1309 1429 1377 Qualis
1449 1320 1694 1373 sum-ego
1719 1305 1806 1373 qui
1841 1301 2072 1371 baptizo,

498 1408 658 1461 talem
688 1406 821 1460 facio
845 1419 1003 1475 quem
1033 1404 1264 1472 baptizo.
1293 1401 1445 1458 Unde
1475 1400 1578 1454 hoc
1599 1397 1799 1468 probas
1823 1396 1846 1449 ?
1876 1395 2072 1459 Probo,

495 1500 681 1569 inquit.
721 1498 925 1566 Quibus
959 1494 1321 1551 testimoniis?
1359 1489 1707 1561 Evangelic'm,
1743 1487 1931 1558 inquit.
1963 1487 2075 1540 Au-

491 1590 704 1646 diamus
727 1590 912 1644 nescio
937 1603 1096 1658 quem
1117 1601 1314 1641 novum
1333 1583 1713 1654 evangelistam
1737 1589 1924 1635 contra
1947 1579 2079 1634 anti-

493 1698 662 1753 quum
683 1682 992 1752 Baptistam.
1033 1679 1240 1748 Quibus
1268 1691 1397 1748 ergo
1419 1673 1738 1731 testimoniis
1756 1671 2077 1741 evangelicis

490 1776 706 1846 probas,
735 1773 876 1843 quod
906 1773 1078 1842 qualis
1101 1787 1164 1826 es
1186 1811 1201 1835 ,
1235 1771 1392 1824 talem
1423 1767 1552 1822 facis
1575 1771 1696 1820 eum
1721 1778 1879 1833 quem
1907 1761 2078 1831 bapti-

490 1866 618 1920 zas?
637 1865 900 1933 Quoniam
927 1863 1182 1931 scriptum
1210 1871 1313 1925 est,
1345 1859 1547 1930 inquit,
1585 1856 1745 1910 Arbor
1769 1856 1898 1909 bona
1915 1854 2077 1907 bonos

491 1959 688 2026 fructus
720 1955 863 2025 facit.
895 1953 1166 2020 Scriptum
1195 1951 1382 2010 recito,
1419 1947 1760 2018 Evangelium
1788 1945 1902 2000 fero
1927 1962 1942 1997 :
1972 1945 2074 1997 Ar-

491 2045 582 2100 bor
601 2046 732 2100 bona
756 2043 916 2098 bonos
933 2047 1136 2115 fructus
1165 2042 1286 2110 facit
1307 2081 1321 2104 ,
1359 2039 1508 2092 arbor
1531 2039 1670 2092 mala
1693 2037 1857 2090 malas
1881 2038 2077 2106 fructus

491 2137 613 2208 facit
644 2134 754 2208 (Id.
777 2150 881 2200 vn,
929 2134 1044 2205 l7).
1073 2133 1320 2202 Agnosco
1350 2130 1697 2199 Evangelium
1727 2145 1742 2183 :
1774 2127 1868 2181 sed
1897 2137 1951 2179 tu
1989 2135 2073 2188 te,

490 2237 746 2299 quantum
774 2226 1025 2291 arbitror,
1048 2241 1154 2279 non
1175 2223 1442 2293 agnoscis.
1469 2222 1535 2276 Et
1558 2229 1616 2274 ut
1636 2229 1686 2275 te
1711 2219 1971 2288 patienter
1988 2218 2078 2271 ali-

490 2333 746 2396 quantum
773 2323 940 2378 feram
966 2363 982 2389 ,
1009 2333 1223 2391 expone
1251 2319 1394 2389 quod
1433 2317 1666 2387 loqueris
1683 2357 1698 2380 ,
1741 2329 1846 2368 non
1882 2325 1972 2367 me
1999 2313 2079 2366 in-

489 2418 760 2474 tellexisse
799 2417 1014 2472 interim
1057 2415 1273 2485 deputa.
1316 2413 1412 2466 Dic
1451 2410 1580 2466 mihi
1625 2423 1730 2480 quo
1777 2409 2080 2479 pertineant

489 2508 608 2564 huic
654 2508 956 2564 testimonia
981 2547 998 2573 ,
1031 2505 1159 2577 quid
1185 2504 1437 2575 adjuvant
1463 2502 1530 2556 ad
1557 2500 1864 2555 solvendam
1895 2499 2080 2568 hujus-

489 2601 635 2657 modi
655 2601 723 2656 de
737 2602 1067 2671 Baptismate
1088 2597 1454 2670 quastionem.
1480 2594 1676 2657 Arbor,
1701 2592 1892 2661 inquit,
1916 2592 2072 2656 bona,

488 2692 663 2748 bonus
687 2693 988 2762 baptisator
1010 2699 1112 2746 est.
1146 2690 1322 2744 Arbor
1341 2729 1356 2753 ,
1395 2688 1603 2756 inquit,
1639 2686 1774 2740 bona
1795 2725 1811 2752 ,
1839 2687 1976 2740 sicut
2003 2687 2078 2740 illi

489 2783 672 2840 dicunt
707 2783 912 2838 :arbor
958 2783 1098 2838 bona
1124 2821 1140 2846 ,
1188 2781 1396 2850 inquit,
1429 2779 1610 2833 *bonus
1634 2777 1932 2848 baptizator
1955 2785 2074 2842 est;

490 2876 695 2930 fructus
717 2875 834 2945 ejus
858 2875 1049 2938 bonus,
1083 2873 1173 2943 qui
1203 2873 1386 2927 abillo
1413 2871 1712 2940 baptiaatur
1741 2887 1754 2923 :
1787 2879 1912 2925 tunc
1934 2871 2077 2927 enim

489 2968 593 3023 crit
621 2967 825 3026 fructus
849 2966 1042 3030 bonus,
1065 2965 1108 3019 si
1135 2964 1223 3018 ille
1247 2963 1408 3017 fuerit
1426 2962 1584 3017 arbor
1605 2962 1764 3016 bona.
1785 2961 1926 3029 Quid
1943 2962 2079 3016 dicis

489 3059 559 3115 de
601 3059 818 3114 Christo
865 3066 922 3112 et
959 3057 1202 3113 Joanne?
1231 3056 1432 3127 Evigila
1460 3096 1474 3120 ,
1503 3056 1874 3125 expergiscere
1895 3096 1911 3122 ,
1952 3070 2077 3125 per-

408 3214 414 3220 ,
491 3151 703 3220 stringit
721 3151 904 3206 oculos
933 3159 1050 3205 tuos
1071 3149 1324 3220 splendor
1350 3151 1643 3218 perspicuae
1662 3148 1933 3212 veritatis;
1957 3149 2079 3205 vide

491 3241 618 3312 quid
663 3242 1000 3311 prmmissum
1045 3251 1128 3297 est
1174 3251 1300 3296 ante
1344 3256 1474 3304 nos;
1513 3240 1638 3309 tege
1674 3239 2021 3310 Evangelium
2059 3257 2076 3296 :

489 3334 724 3391 Joannes
768 3334 1054 3404 baptizavit
1085 3333 1381 3388 Christum.
1425 3332 1674 3386 Dicturus
1705 3347 1764 3386 es
1786 3372 1801 3398 ,
1845 3332 2080 3390 Joannes

489 3427 668 3494 arbor,
700 3426 902 3482 fructus
925 3426 1168 3481 Christus
1187 3425 1212 3479 ?
1230 3424 1540 3478 Creaturam
1562 3423 1781 3478 vocabis
1806 3424 2073 3491 arborem,

489 3528 544 3573 et
568 3518 798 3573 fructum
824 3515 1175 3572 Creatorem?
1201 3515 1328 3570 Ideo
1355 3515 1524 3569 voluit
1556 3515 1811 3570 Dominus
1833 3515 2078 3574 Christus

488 3625 521 3665 a
548 3609 755 3664 Joanne
784 3608 1068 3676 baptizari,
1098 3619 1204 3660 non
1230 3615 1286 3659 ut
1319 3621 1417 3675 per
1441 3605 1760 3674 baptisMum
1800 3607 2079 3677 iniquitate

489 3708 718 3766 careret,
745 3699 840 3755 sed
863 3707 920 3754 ut
941 3697 1202 3768 iniquitati
1227 3712 1288 3751 os
1313 3696 1604 3752 clauderet.
1633 3696 1772 3752 Ecce
1791 3699 1878 3768 qui
1901 3699 2077 3769 bapti-

490 3801 598 3859 zat,
631 3791 854 3846 inferior
882 3799 1000 3855 est;
1029 3790 1123 3859 qui
1149 3788 1467 3858 baptizatur,
1501 3789 1741 3844 dicturus
1767 3806 1883 3844 sum
1910 3831 1924 3854 ,
1963 3806 2077 3847 me—

489 3884 636 3940 lior?
676 3883 790 3938 Hoc
816 3883 950 3937 forte
976 3881 1040 3936 ad
1069 3897 1155 3936 me
1181 3881 1402 3935 multum
1428 3889 1512 3935 est
1531 3881 1772 3952 intelligi.
1800 3883 1878 3937 Ad
1903 3885 2076 3938 homi-

488 3991 588 4032 nes
613 3975 750 4043 redi,
773 3976 961 4030 ambos
982 3975 1104 4032 vide
1127 3975 1390 4030 homines.
1417 3975 1648 4029 Ananias
1668 3974 1889 4029 Paulum
1910 3978 2080 4047 bapti-

493 4067 653 4122 zavit.
689 4067 890 4121 Anania
936 4067 1132 4121 Paulus
1171 4066 1367 4140 melior
1401 4065 1515 4120 fuit.
1562 4065 1841 4134 Nunquam
1879 4066 2080 4123 fructus

499 4159 692 4214 arbore
726 4159 918 4214 melior
945 4159 1058 4212 fuit.
1091 4158 1266 4214 Arbor
1292 4159 1435 4214 enim
1462 4157 1664 4228 profert
1689 4159 1938 4227 fructum,
1965 4163 2077 4218 non

493 4251 764 4322 profertur
792 4267 820 4303 a
855 4251 1049 4306 fructu.

564 4344 617 4399 6.
648 4342 930 4397 Donatistae
963 4359 1016 4397 se
1057 4354 1152 4414 pro
1203 4341 1402 4397 Christo
1441 4343 1643 4414 jactare
1685 4347 2075 4402 convincuntur.

490 4435 569 4492 Tu
595 4435 723 4508 quid
754 4436 846 4491 tibi
873 4450 1148 4500 assumas,
1181 4451 1286 4491 non
1315 4437 1503 4492 vides?
1532 4438 1647 4507 Ipse
1675 4439 1928 4494 Dominus
1954 4443 2026 4495 ait
2060 4461 2073 4497 :

491 4527 646 4584 Multi
672 4529 869 4583 venient
911 4528 966 4582 in
992 4528 1194 4582 nomine
1217 4545 1326 4582 meo
1361 4531 1604 4594 dicentes,
1649 4530 1762 4602 Ego
1786 4541 1898 4586 sunt
1925 4533 2078 4587 Citiiu

489 4630 594 4676 stus
626 4619 676 4689 (1
685 4619 740 4674 d.
762 4635 911 4683 xxiv,
942 4619 1024 4692 5).
1053 4619 1203 4674 Multi
1219 4631 1468 4675 errantes
1495 4631 1552 4676 et
1574 4621 1890 4678 sedueentes
1914 4633 2078 4679 vene-

489 4723 617 4769 runt
645 4714 698 4767 in
725 4713 946 4768 nomine
975 4713 1193 4776 Christi,
1223 4714 1428 4767 nullum
1455 4713 1760 4768 audivimus
1775 4715 2072 4783 dicentem,

489 4805 604 4876 Ego
629 4821 747 4860 sum
772 4805 1038 4861 Christus.
1082 4805 1504 4861 Innumerabiles
1537 4806 1775 4861 hmretici
1814 4809 2077 4864 venet‘unt

491 4912 681 4954 omnes
705 4897 758 4951 in
784 4897 1003 4953 nomine
1025 4897 1222 4953 Christi
1249 4937 1264 4962 ,
1305 4897 1360 4951 id
1400 4905 1482 4950 est
1525 4896 1579 4951 in
1619 4898 1834 4952 nomine
1873 4897 2076 4955 Christi

489 4991 693 5063 palliati
724 4998 1004 5055 venerunt,
1034 4990 1292 5060 parietem
1319 4989 1518 5044 luteum
1555 4989 1834 5058 spiendido
1859 4993 2076 5048 nomine

491 5083 800 5140 dealbantes
825 5090 1125 5149 venerunt,
1171 5089 1229 5137 et
1267 5081 1534 5136 neminem
1561 5082 1862 5138 audivimus
1894 5083 2078 5138 dicen-

490 5186 620 5239 tem,
650 5176 760 5246 Ego
785 5191 904 5229 sum
933 5174 1196 5230 Christus.
1224 5173 1360 5242 Quid
1377 5176 1550 5246 ergo?
1574 5176 1830 5231 Dominus
1854 5177 2080 5231 nescivit

489 5268 614 5338 quid
645 5268 928 5339 praedixit?
965 5269 1076 5323 An.
1101 5267 1276 5337 potius
1320 5281 1418 5322 nos
1447 5269 1513 5324 ad
1555 5269 1953 5338 intelligendum
1993 5284 2078 5324 se-

489 5371 638 5416 creta
671 5363 781 5431 ipsa
807 5361 875 5416 ad
904 5361 1234 5431 apertionem
1265 5362 1458 5417 secreti
1479 5361 1547 5417 de
1569 5375 1761 5417 somno
1790 5362 2075 5429 excitavit,

494 5465 552 5507 ut
575 5463 969 5521 perscrutemur
991 5463 1047 5510 et
1071 5453 1363 5524 pulsemus,
1386 5462 1445 5507 ut
1469 5453 1621 5508 nobis
1640 5453 1909 5524 aperiatur
1935 5452 2076 5523 quod

495 5556 692 5600 tectum
717 5556 819 5608 est,
843 5555 896 5600 et
915 5556 1100 5615 aperto
1123 5553 1265 5600 tecto
1283 5544 1350 5599 ad
1375 5545 1654 5600 Dominum
1679 5544 2074 5610 submittamu'r,

501 5645 553 5693 at
578 5637 712 5690 sicut
738 5638 827 5693 ille
860 5638 1181 5711 paralyticos
1202 5678 1218 5703 ,
1246 5653 1276 5691 a
1305 5637 1532 5693 Domino
1558 5638 1734 5692 sanari
1775 5654 2077 5692 mereamur

491 5726 686 5796 (Marc.
717 5744 785 5792 tt,
816 5729 972 5801 342)
998 5732 1022 5782 ⁸(
1047 5729 1276 5785 Prorsus
1317 5730 1617 5785 invenimus
1641 5730 1772 5784 istos
1795 5730 2035 5785 dicentes
2057 5773 2072 5797 ,

494 5820 603 5891 Ego
629 5835 746 5878 sum
771 5819 1055 5878 Christus:
1083 5836 1190 5878 non
1219 5821 1305 5878 his
1343 5821 1560 5892 verbis,
1607 5820 1703 5879 sed
1740 5821 1882 5894 quod
1925 5822 2076 5893 pejus

1699 356 1756 412 S.
1792 351 2158 411 AUGUSTINI
2189 352 2490 410 EPISCOPI

3630 360 3776 424 im

2188 477 2288 535 est,
2319 469 2485 522 factis.
2513 467 2628 524 Non
2656 470 2874 526 audacia
2899 469 3184 527 verborum
3209 471 3612 543 istorum..Quis
3631 478 3778 531 enim

2187 574 2280 615 eos
2308 560 2492 612 audit?
2532 562 2664 628 Quis
2694 562 2756 614 ad
2789 579 2943 616 aures
2970 564 3052 617 vel
3086 564 3152 618 ad
3174 579 3290 628 eor,
3319 575 3426 620 tam
3459 567 3776 636 insipientes

2185 649 2442 719 deceptus
2483 650 2752 705 admittit?
2775 652 2828 706 Si
2871 652 3012 707 dicat
3047 654 3095 707 ei
3127 656 3217 723 qui
3244 671 3368 710 eum
3409 657 3777 728 haptizaturus

2184 751 2287 805 est,
2329 741 2443 812 Ego
2468 757 2584 796 sum
2613 741 2856 798 Christus
2888 762 2902 797 :
2935 747 3127 800 avertit
3152 746 3339 802 faciem
3369 764 3516 803 suam
3545 751 3611 803 ab
3639 753 3731 806 illo
3757 791 3774 817 ,

2185 834 2438 903 relinquit
2481 835 2711 888 hominis
2753 839 3114 905 arrogantiam
3158 838 3536 907 manifestam,
3579 844 3774 910 quaerit

2185 925 2280 982 Dei
2302 928 2548 998 gratiam.
2574 929 2686 982 Non
2714 945 2840 1000 ergo
2868 932 2937 984 ita
2967 932 3075 994 ille,
3100 932 3216 1002 Ego
3234 948 3351 986 sum
3378 933 3642 1000 Christus.
3666 937 3776 992 Sed

2182 1021 2442 1100 quoniam
2461 1022 2564 1075 alio
2589 1022 2764 1088 modo,
2796 1023 2905 1093 Ego
2927 1040 3045 1079 sum
3073 1024 3349 1093 Christus;
3372 1028 3550 1083 videte
3578 1045 3775 1098 quem-

2182 1111 2488 1168 admodum.
2529 1113 2772 1170 Christus
2816 1125 2988 1180 sanat,
3029 1117 3274 1172 Christus
3313 1118 3569 1184 mundat,
3612 1120 3776 1176 Chrt-

2182 1215 2297 1262 stus
2319 1207 2578 1278 justificat
2605 1227 2616 1262 :
2647 1209 2809 1263 homo
2837 1225 2940 1263 non
2973 1211 3251 1279 justiticat.
3280 1212 3420 1278 Quid
3453 1223 3536 1269 est
3575 1213 3778 1283 justiti-

2181 1301 2343 1360 care?
2369 1301 2575 1356 Justum
2602 1301 2797 1358 facere.
2821 1303 3098 1368 Quomodo
3125 1305 3468 1372 mortificare,
3501 1315 3774 1362 mortuum

2181 1391 2387 1457 facere;
2419 1395 2690 1450 vivificare
2714 1437 2729 1460 ,
2773 1397 2950 1449 vivum
2981 1394 3157 1450 facere
3188 1417 3201 1451 :
3231 1397 3310 1451 sic
3351 1407 3408 1452 et
3429 1397 3729 1466 justificare
3749 1435 3774 1465 ,

2177 1485 2377 1556 justum
2399 1487 2592 1543 facere.
2623 1489 2760 1548 Ecce
2785 1489 2853 1544 de
2875 1500 3184 1545 transverso
3210 1491 3506 1560 baptizator
3527 1491 3771 1560 quidam,

2181 1593 2289 1633 non
2311 1594 2413 1648 per
2446 1579 2662 1648 januam
2693 1580 2897 1640 intrans
2924 1622 2940 1644 ,
2983 1581 3077 1634 sed
3109 1597 3202 1648 per
3226 1581 3514 1636 maceriam
3539 1581 3772 1636 descen-

2181 1669 2351 1736 dens;
2378 1687 2480 1725 non
2507 1682 2687 1740 pastor
2707 1681 2762 1727 et
2779 1680 2982 1736 custos,
3007 1673 3100 1728 sed
3125 1675 3206 1728 fur
3227 1686 3282 1729 et
3311 1676 3476 1739 latro;
3503 1674 3574 1729 de
3600 1683 3776 1730 trans«

2180 1777 2337 1816 verso
2364 1763 2436 1818 ait
2460 1805 2478 1828 ,
2505 1763 2619 1832 Ego
2649 1764 2876 1833 haptizo.
2923 1765 2981 1820 Si
3010 1767 3147 1822 sicut
3175 1767 3419 1821 minister
3438 1808 3454 1832 ,
3504 1767 3676 1822 audeo
3703 1769 3718 1798 ί
3751 1782 3772 1822 :

2183 1854 2289 1907 noli
2323 1854 2551 1918 addere;
2581 1856 2837 1924 quidquid
2866 1859 3094 1927 amplius
3114 1868 3245 1913 esta
3279 1861 3419 1914 malo
3440 1869 3520 1916 est
3551 1859 3768 1927 (Matth.

2184 1958 2239 2010 v,
2265 1945 2377 2016 37).
2400 1947 2469 2005 Et
2494 1956 2670 2004 tamen
2696 1950 2862 2013 addit,
2893 1961 3000 2005 non
3028 1953 3254 2007 dubitat.
3281 1954 3418 2019 Quid
3441 1954 3629 2008 addit?
3657 1955 3771 2024 Ego

2178 2040 2442 2110 justilleo,
2479 2057 2580 2112 ego
2607 2043 2807 2110 justum
2851 2044 3008 2100 facio.
3032 2047 3154 2101 Hoc
3181 2057 3263 2104 est
3287 2051 3432 2104 enim
3458 2091 3473 2113 ,
3507 2051 3621 2136 Ego
3646 2066 3770 2105 sum

2184 2132 2346 2186 arbor
2375 2133 2530 2194 bona.
2563 2149 2627 2189 ex
2659 2151 2744 2190 me
2774 2147 3022 2192 nascatur
3048 2140 3138 2207 qui
3163 2139 3420 2195 vultesse
3441 2132 3646 2195 fruetus
3671 2142 3772 2195 bo-

2185 2239 2303 2278 nus.
2343 2225 2621 2280 Paululum
2647 2267 2662 2291 .
2705 2229 2748 2280 si
2791 2229 3063 2297 sapienter
3100 2230 3360 2293 admittis,
3411 2231 3564 2295 audi;
3599 2247 3771 2300 pauca

2183 2317 2347 2372 verba
2377 2325 2521 2381 sunt,
2551 2329 2606 2371 et
2631 2319 2729 2372 nisi
2763 2320 2918 2374 fallor
2943 2364 2956 2385 ,
2975 2322 3160 2376 lucida
3186 2332 3328 2377 sunt.
3361 2324 3437 2378 Tu
3463 2339 3590 2392 ergo
3609 2324 3772 2392 justi-

2185 2405 2312 2461 ﬁeas
2336 2449 2350 2469 .
2386 2417 2439 2462 tu
2474 2411 2677 2477 justum
2709 2411 2877 2465 fucis?
2917 2413 3057 2481 Ergo
3082 2453 3096 2478 ,
3140 2416 3310 2485 inquit
3337 2418 3387 2481 ³,
3423 2416 3601 2470 credat
3634 2417 3686 2469 in
3714 2425 3770 2470 te

2185 2513 2341 2566 quem
2365 2499 2646 2567 justificas.
2683 2501 2796 2567 Dic,
2830 2502 2968 2558 aude
2991 2503 3178 2559 dicere
3199 2546 3211 2570 ,
3241 2505 3414 2560 Crede
3441 2506 3493 2560 in
3535 2523 3648 2572 me;
3676 2507 3772 2575 qui

2184 2603 2292 2642 non
2319 2589 2530 2644 dubitas
2559 2591 2755 2657 dicere,
2787 2592 3102 2649 Justifrearis
3127 2612 3157 2648 a
3185 2611 3290 2651 me.
3321 2597 3584 2652 Turbatur
3604 2639 3620 2662 ,
3664 2598 3770 2652 ilu-

2183 2689 2347 2746 ctuat,
2379 2691 2616 2738 excusat.
2647 2685 2782 2751 Quid
2809 2685 2952 2740 enim
2983 2702 3119 2754 opus
3137 2697 3226 2741 est
3245 2727 3259 2749 ,
3289 2688 3479 2757 inquit,
3511 2697 3568 2741 ut
3592 2687 3768 2744 dicam

2185 2773 2297 2840 illi,
2327 2772 2500 2829 Crede
2528 2775 2582 2829 in
2614 2793 2698 2831 me
2711 2779 2732 2827 ‘l
2762 2775 2933 2832 Crede
2959 2778 3012 2832 in
3043 2778 3344 2843 Christum,
3371 2779 3509 2833 dico.
3537 2777 3772 2834 Haesita-

2183 2869 2272 2933 sti,
2299 2870 2552 2925 dubitasti
2583 2888 2596 2923 :
2628 2871 2956 2940 aliquantum
2983 2871 3049 2926 ad
3071 2887 3172 2926 nos
3193 2872 3444 2942 dignatus
3471 2887 3530 2927 es
3555 2872 3775 2927 descen-

2185 2962 2332 3018 dere.
2361 2962 2652 3018 Confessus
2681 2979 2738 3019 es
2767 2965 2965 3035 aliquid
2983 3006 2998 3032 ,
3025 2966 3172 3021 unde
3198 2967 3423 3022 sonoris.
3456 2967 3640 3021 Dixisti
3667 2966 3770 3020 ali-

2184 3053 2310 3123 quid
2357 3064 2598 3120 rectum,
2645 3055 2787 3110 unde
2834 3071 2997 3125 prava
3048 3067 3136 3111 tua
3177 3067 3374 3112 canora
3411 3058 3769 3126 corrigantur.

2183 3146 2322 3200 Audi
2345 3147 2454 3215 jam
2485 3163 2589 3201 non
2619 3164 2740 3215 me,
2766 3148 2864 3202 sed
2897 3158 2968 3204 te.
2995 3148 3156 3205 Certe
3182 3151 3326 3204 enim
3353 3165 3459 3204 non
3491 3150 3656 3203 audes
3691 3150 3773 3204 di-

2183 3250 2325 3298 cere.
2351 3237 2524 3292 Crede
2553 3239 2603 3292 in
2633 3254 2737 3294 me.
2770 3239 2941 3306 Absit,
2970 3240 3157 3309 inquit.
3191 3241 3261 3294 Et
3291 3250 3468 3295 tamen
3487 3241 3652 3296 audes
3675 3240 3769 3295 di-

2183 3343 2324 3387 cere.
2353 3329 2594 3385 Justilieo
2621 3340 2696 3386 te.
2729 3332 2894 3395 Audi,
2922 3337 2976 3386 et
3004 3333 3170 3397 disce,
3203 3334 3332 3402 quia
3359 3334 3503 3388 unde
3529 3347 3633 3388 non
3668 3347 3770 3388 au-

2182 3419 2280 3476 des
2309 3421 2486 3475 dicere
2504 3463 2518 3488 ,
2552 3421 2726 3477 Crede
2752 3424 2802 3477 in
2831 3439 2956 3486 me;
2987 3424 3114 3477 inde
3143 3424 3308 3479 debes
3331 3437 3446 3478 non
3475 3425 3673 3479 audere
3698 3425 3775 3479 di-

2182 3524 2327 3575 cere,
2353 3511 2595 3566 Justiiic‘o
2615 3523 2692 3567 te.
2721 3515 3008 3583 Apostolus
3035 3515 3268 3585 loquitur
3289 3555 3304 3582 ,
3347 3517 3433 3571 cui
3451 3517 3616 3571 'eedes
3639 3559 3654 3582 ,
3685 3517 3772 3572 cui

2181 3603 2314 3657 velis
2357 3605 2526 3669 nolis,
2569 3604 2832 3660 subderis.
2883 3606 3001 3660 Neu
3040 3608 3186 3662 enim
3222 3609 3481 3678 Apostolo
3519 3616 3771 3678 tanquam

2183 3695 2406 3763 homini,
2437 3697 2532 3751 sed
2560 3699 2610 3752 ei
2646 3699 2713 3752 de
2734 3713 2843 3769 quo
2869 3699 3002 3754 dicit
3041 3701 3330 3770 Apostolus
3350 3739 3366 3768 ,
3399 3701 3479 3755 Ατι
3505 3703 3654 3754 vultis
3681 3718 3772 3756 ea:-

2184 3793 2511 3862 pcrimeutum
2535 3794 2762 3860 accipere
2784 3795 2894 3862 ejus
2914 3833 2930 3859 ,
2969 3795 3054 3857 qui
3092 3794 3146 3848 in
3175 3811 3256 3848 me
3281 3796 3500 3864 loquitur
3541 3794 3774 3849 Christus

2185 3883 2252 3953 (ll
2282 3883 2399 3937 Cor.
2429 3900 2540 3946 χιιι,
2571 3883 2669 3954 3)?
2695 3885 2830 3939 A‘udi
2855 3901 2985 3955 ergo
2997 3888 3112 3940 non
3137 3889 3476 3956 Apostolum,
3501 3889 3592 3942 sed
3615 3888 3772 3941 (Ettri-

2183 3982 2323 4028 stum
2353 3989 2449 4043 per
2474 3975 2810 4043 Apostolum.
2843 3976 2982 4044 Quid
3023 3977 3152 4030 dicit
3176 3978 3508 4047 'ApoStolus?
3533 3978 3772 4033 (ἲν-αἰεΜί

2182 4066 2238 4120 in
2257 4084 2370 4120 eum
2395 4069 2482 4138 qui
2502 4068 2751 4136 justiﬁcal
2772 4069 3005 4137 impium,
3031 4071 3308 4140 deputatur
3327 4071 3453 4139 ﬁdes
3474 4073 3581 4141 ejus
3600 4073 3775 4141 adju-

2184 4159 2372 4254 uin'um
2400 4159 2576 4230 (Rom.
2602 4173 2676 4224 tv,
2701 4159 2782 4229 ὃ).
2809 4160 3090 4222 lntendite,
3120 4163 3376 4226 obsecro;
3409 4163 3580 4217 videte
3604 4179 3770 4233 quam

2185 4252 2398 4322 plurium
2433 4262 2544 4318 est,
2586 4259 2744 4322 quam
2775 4263 3126 4322 qterturn‘est
3159 4254 3430 4309 τίὲν-εὐαιιὶ
3458 4256 3511 4308 in
3533 4272 3648 4308 eum
3679 4257 3772 4323 qui

2175 4346 2426 4417 justi/ient
2468 4345 2714 4416 impium,
2759 4345 3031 4415 deputatur
3073 4349 3200 4414 ﬁdes
3240 4349 3349 4418 ejus
3394 4347 3460 4400 ad
3494 4348 3768 4416 justitiam.

2183 4438 2431 4508 Quisquis
2458 4439 2746 4494 credidtrrit
2774 4441 2826 4494 in
2845 4453 2975 4493 eum
3001 4441 3095 4509 qui
3122 4441 3378 4510 justilicat
3398 4441 3646 4509 impium,
3675 4440 3772 4509 qui

2182 4531 2250 4586 de
2279 4533 2439 4600 impio
2470 4531 2593 4586 facit
2622 4533 2764 4602 pium
2796 4551 2809 4586 :
2839 4533 3079 4604 quisquis
3102 4547 3230 4602 ergo
3249 4534 3534 4588 crediderit
3567 4535 3616 4586 in
3644 4549 3769 4588 eum

2181 4625 2272 4695 qui
2297 4625 2550 4694 justifieat
2578 4624 2794 4695 impium
2818 4666 2832 4687 ,
2877 4627 2966 4692 qui
3008 4625 3210 4694 justum
3242 4623 3366 4678 facit
3392 4640 3512 4678 eum
3543 4625 3632 4694 qui
3663 4626 3769 4679 im-

2181 4717 2299 4787 pius
2329 4726 2463 4780 erat,
2492 4716 2773 4784 deputatur
2793 4718 2926 4770 ﬁdos
2945 4716 3062 4784 ejus
3092 4717 3156 4770 ad
3180 4717 3458 4785 justitiam.
3484 4715 3637 4769 Modo
3659 4716 3766 4782 die,

2181 4805 2227 4862 si
2256 4807 2442 4868 audes,
2466 4806 2808 4862 Justilicote.
2846 4807 2973 4862 Vide
3003 4807 3269 4876 quomodo
3301 4807 3391 4861 tibi
3415 4807 3665 4876 reSpondi
3697 4822 3767 4862 ex

2183 4897 2442 4966 Apostolo
2475 4915 2488 4950 :
2518 4897 2571 4953 Si
2597 4897 2856 4967 justifit-as
2885 4913 2971 4953 me
2991 4939 3006 4964 ,
3038 4898 3252 4953 credam
3281 4899 3334 4952 in
3376 4908 3460 4963 te;
3501 4899 3625 4967 quia
3653 4916 3755 4952 crc-

2183 4987 2320 5041 ἀθηιὶ
2341 4989 2393 5041 in
2422 5005 2534 5042 eum
2560 4989 2645 5058 qui
2656 4989 2908 5059 justiﬁcat
2930 4989 3144 5058 impium
3163 5030 3179 5056 ,
3212 4990 3482 5057 deputatur
3501 4990 3630 5058 ﬁdes
3656 4992 3772 5061 ejus

2182 5080 2249 5134 ad
2265 5081 2538 5150 justitiam.
2567 5080 2836 5137 Justilicas
2865 5083 2992 5136 me?
3015 5081 3229 5137 credam
3257 5083 3311 5138 in
3349 5092 3422 5138 te.
3450 5082 3509 5139 Si
3539 5084 3680 5138 enim
3709 5093 3768 5138 tu

2183 5188 2270 5228 me
2294 5172 2587 5242 justiﬁeas,
2617 5189 2718 5244 ego
2743 5189 2837 5230 ero
2864 5174 3092 5230 credens
3127 5176 3180 5230 in
3218 5190 3342 5232 eum
3379 5177 3469 5246 qui
3508 5176 3772 5247 justiﬁcat

2181 5278 2302 5330 me,
2354 5263 2405 5317 id
2451 5273 2569 5326 est.
2597 5264 2686 5333 qui
2723 5263 2980 5333 justiﬁcat
3014 5266 3233 5336 impium
3264 5284 3278 5323 :
3307 5280 3527 5324 securus
3565 5266 3762 5332 credo,

2182 5354 2304 5425 quia
2349 5355 2632 5425 deputatur
2673 5356 2807 5410 fides
2841 5373 2957 5412 mea
3003 5359 3068 5414 ad
3093 5360 3375 5430 justitiam.
3408 5361 3464 5414 Si
3492 5373 3619 5430 ergo
3653 5376 3764 5415 non

2183 5446 2346 5502 audes
2377 5446 2580 5511 dicere,
2608 5446 2851 5501 Justiﬁeo
2877 5457 2959 5510 te;
3003 5449 3110 5502 imo
3137 5453 3179 5503 si
3213 5467 3318 5506 non
3346 5454 3514 5505 audes
3541 5451 3724 5506 dicere
3744 5483 3762 5519 ,

2189 5539 2361 5595 Crede
2398 5538 2449 5592 in
2494 5554 2579 5592 me
2611 5556 2622 5590 :
2652 5554 2779 5593 eave
2803 5539 2912 5609 jam
2942 5555 3011 5594 ne
3039 5541 3186 5595 dicas
3206 5581 3219 5603 .
3249 5544 3488 5600 Justiﬁco
3513 5555 3587 5602 te.
3629 5545 3768 5602 Pel-

2189 5633 2318 5694 dite.
2349 5632 2523 5686 inveni
2557 5642 2606 5685 te
2631 5647 2646 5693 ;
2682 5648 2745 5684 ne
2777 5633 2968 5701 perdas
2991 5641 3048 5689 et
3079 5648 3167 5690 me
3195 5648 3247 5690 et
3276 5649 3343 5692 te.

2248 5768 2266 5834 ξ
2294 5763 2488 5834 Aliquot.
2502 5771 2631 5823 Mss,
2657 5764 2821 5815 audio.

2247 5830 2267 5860 ¹
2287 5835 2447 5888 Forte,
2471 5830 2686 5892 inquam.
