4036 6444
268 410 418 484 i325

344 540 379 595 7
434 540 599 596 Locus
630 539 887 612 Evangelii
914 540 973 592 de
1000 537 1174 593 arbore
1210 547 1255 592 et
1297 540 1464 611 fructu
1500 535 1752 607 quomodo
1777 535 1857 588 in-

271 637 598 708 telligendus.
625 636 756 689 Nam
790 636 913 689 illud
951 635 1087 703 quod
1128 634 1446 703 proposuisti
1487 631 1555 687 de
1584 632 1773 685 arbore.
1806 637 1859 683 et

270 728 342 785 de
372 732 563 793 fructu,
590 744 828 799 propono
853 730 941 783 tibi
972 726 1167 797 aliquid
1198 727 1263 780 de
1292 727 1567 796 exemplis,
1599 734 1656 779 ut
1685 725 1858 779 discas

272 823 580 893 intelligere
608 822 745 891 quod
778 814 978 875 dictum
1010 832 1111 882 est,
1140 819 1304 872 Arbor
1333 816 1462 872 bona
1488 819 1639 871 bonos
1667 820 1859 889 fructus
1908 888 1911 891 ἰ

266 917 422 986 facit,
452 925 497 969 et
528 914 675 968 arbor
705 913 839 967 mala
868 914 1027 967 muros
1054 919 1247 984 fructus
1277 911 1417 983 facit.
1460 906 1571 980 Ego
1598 911 1739 964 enim
1784 910 1859 963 sic

271 1008 543 1078 intelligo,
591 1006 856 1075 quomodo
897 1015 948 1061 et
994 1008 1105 1075 ipse
1150 1002 1407 1059 Dominus
1447 1002 1682 1072 exponit.
1723 1000 1859 1067 Quid

268 1104 353 1156 BSt
375 1145 389 1168 ,
428 1102 587 1155 Arbor
618 1102 743 1154 bona
772 1104 924 1154 bonos
959 1105 1152 1170 {riu-tus
1195 1099 1321 1169 facit
1343 1090 1555 1167 (Matth.
1580 1098 1653 1149 'v'n
1678 1137 1690 1159 ,
1725 1092 1859 1165 l7)?

268 1180 445 1247 Bonus
482 1192 629 1246 homo
658 1192 719 1245 de
746 1192 872 1245 bono
899 1192 1128 1245 thesauro
1157 1182 1322 1243 cordis
1355 1184 1432 1243 Sui
1463 1188 1650 1257 profert
1689 1185 1857 1248 bona;

269 1294 318 1337 et
350 1286 512 1338 malus
541 1285 687 1337 homo
713 1284 776 1337 de
803 1283 935 1337 malo
963 1285 1196 1336 thesauro
1220 1274 1384 1335 cordis
1404 1282 1482 1334 sui
1512 1278 1702 1349 profert
1723 1276 1859 1327 mata

265 1374 383 1449 (Id.
411 1386 501 1439 1111,
528 1377 638 1445 35).
668 1376 918 1430 llomines
946 1370 1162 1431 arbores
1186 1375 1377 1451 posuit,
1402 1374 1679 1428 thesauros
1710 1380 1857 1426 actus

264 1469 470 1537 posuit.
502 1468 684 1535 Qualis
715 1469 873 1522 homo
896 1474 977 1521 eSt
1000 1510 1012 1531 ,
1047 1468 1177 1521 tu‘lcs
1201 1476 1348 1521 actus
1378 1466 1553 1522 habet.
1594 1464 1649 1521 Si
1684 1466 1857 1521 bonus

262 1558 431 1616 homo
461 1570 577 1628 est,
625 1562 794 1616 honos
820 1570 971 1615 actus
1000 1554 1196 1625 habet;
1230 1560 1286 1615 'si
1331 1561 1499 1614 malus
1537 1559 1698 1614 homo
1737 1567 1851 1625 est,

265 1655 441 1709 malos
469 1665 619 1709 actus
660 1654 860 1709 habet:
893 1660 997 1709 non
1048 1666 1221 1724 potest
1265 1655 1436 1709 bonus
1482 1654 1641 1708 homo
1684 1653 1854 1707 malos

262 1746 418 1799 actus
450 1745 648 1799 habere
668 1788 681 1812 ,
730 1761 827 1801 nec
861 1746 1032 1800 malus
1064 1745 1224 1799 homo
1266 1746 1432 1799 bonos
1462 1752 1608 1799 actus
1635 1740 1848 1800 habere.

261 1835 405 1903 Quid
435 1837 763 1893 evidentius?
784 1837 907 1907 quid
932 1836 1223 1907 liquidius?
1246 1838 1368 1908 qttid
1396 1837 1629 1908 apertius
1648 1837 1673 1889 ἶ)
1694 1830 1852 1891 Modo

262 1939 445 1985 autem
474 1940 524 1985 te
554 1930 799 1986 arborem
834 1929 966 1985 facis
1008 1931 1198 1984 bonam
1228 1932 1311 1998 qui
1343 1930 1579 1997 baptizas
1600 1973 1614 1996 ,
1654 1938 1707 1985 et
1737 1928 1850 1984 fru-

259 2032 405 2078 ctum
439 2021 567 2077 facis
593 2039 713 2076 eum
744 2020 901 2093 quem
923 2020 1193 2095 baptizas;
1227 2032 1283 2075 tit
1313 2021 1484 2093 quaiis
1520 2037 1578 2076 es
1610 2030 1699 2084 tu,
1726 2022 1849 2075 talis

260 2113 331 2168 sit
357 2112 465 2166 ille.
492 2111 644 2167 Absit
666 2113 731 2167 ab
753 2110 861 2176 illo,
887 2116 940 2167 e't
968 2114 1087 2167 vide
1113 2130 1267 2184 quam
1301 2129 1550 2183 perverse
1579 2108 1845 2181 intelligis.

260 2203 360 2259 Est
389 2206 528 2275 apud
563 2221 654 2277 vos
683 2205 876 2277 aliquis
896 2249 910 2273 ,
940 2216 1029 2260 aut
1069 2207 1167 2259 fuit
1205 2206 1491 2276 aliquando
1520 2204 1725 2259 adulter
1764 2194 1848 2259 vel

261 2296 527 2353 occultus.
562 2296 666 2351 Sed
699 2298 838 2368 quod
872 2297 1071 2361 nescio,
1105 2297 1306 2367 inquit,
1344 2314 1449 2351 non
1476 2312 1560 2351 me
1586 2296 1847 2351 contami-

260 2398 372 2443 nat.
423 2389 538 2442 Non
591 2390 711 2443 inde
758 2404 883 2459 ago;
928 2388 1029 2443 alia
1076 2389 1297 2458 quzcstio
1324 2396 1405 2443 est
1438 2405 1451 2441 :
1483 2386 1549 2442 de
1579 2386 1848 2458 Baptismo

259 2480 384 2534 Volo
413 2472 609 2550 aliquid
638 2481 845 2546 dicere;
886 2476 988 2533 hoc
1032 2481 1171 2534 cnim
1212 2481 1563 2550 suscepimus.
1597 2478 1848 2535 Occultus

259 2571 474 2627 adulter
499 2581 581 2625 est
613 2591 623 2625 :
658 2584 785 2642 ergo
816 2571 967 2626 fictus
999 2580 1117 2635 est;
1154 2587 1257 2625 non
1299 2572 1506 2625 adulter
1532 2570 1684 2625 ﬁctus
1706 2614 1719 2637 ,
1753 2570 1846 2625 sed

257 2662 470 2718 adulter
494 2680 673 2729 verus,
700 2664 852 2721 ﬁctus
872 2674 1068 2717 castus.
1094 2662 1256 2717 Istum
1279 2678 1405 2733 ergo
1427 2663 1723 2717 adulterum
1753 2661 1849 2715 ho-

258 2754 459 2809 minem
492 2754 670 2808 lictum
697 2796 711 2819 ,
738 2755 1013 2824 magisque
1056 2756 1231 2807 lictum
1258 2796 1272 2819 ,
1303 2756 1423 2824 quia
1464 2753 1618 2819 latet;
1655 2770 1772 2807 nam
1802 2755 1844 2807 si

256 2844 476 2917 apertus
502 2845 570 2900 sit
612 2844 848 2909 adulter,
888 2846 996 2915 jam
1041 2845 1191 2901 ﬁctus
1237 2862 1339 2900 non
1370 2855 1451 2900 est
1486 2865 1497 2901 :
1532 2847 1688 2900 istum
1721 2862 1847 2915 ergo

257 2934 559 2992 adulterum
601 2938 763 3009 fugiet
811 2936 1048 3008 profecto
1079 2938 1307 3007 Spiritus
1335 2946 1568 2991 sanctus.
1612 2936 1845 2989 Evidens

254 3030 457 3099 Quippe
490 3036 574 3083 est
617 3026 819 3098 prolata
851 3030 1110 3083 sententia
1145 3047 1156 3081 :
1194 3030 1412 3084 Sanctus
1454 3035 1584 3082 enim
1623 3028 1846 3098 Spiritus

253 3120 541 3193 disciplina:
586 3119 789 3193 effugiet
829 3123 1000 3191 ﬁctum
1049 3114 1198 3192 (Sap.
1238 3138 1287 3188 I,
1318 3122 1392 3191 5).
1439 3121 1569 3176 Cum
1616 3137 1743 3190 ergo
1778 3120 1848 3176 sit

254 3214 357 3271 iste
381 3215 593 3269 adulter
614 3211 874 3280 occultus,
905 3216 1087 3290 utique
1124 3214 1375 3285 haptizat.
1406 3216 1541 3270 Ecce
1564 3214 1719 3270 video
1746 3215 1845 3269 11οα

254 3306 457 3363 minem
503 3307 826 3381 baptizatum
873 3306 939 3361 ab
989 3304 1232 3361 adultero
1276 3308 1484 3362 occulto
1517 3326 1529 3362 :
1562 3312 1717 3362 natus
1765 3315 1848 3363 est

250 3399 495 3466 fructus;
520 3399 609 3455 ubi
633 3409 713 3455 est
740 3398 899 3454 arbor
923 3398 1060 3455 bona
1083 3400 1105 3453 ?
1135 3398 1436 3469 Baptizatus
1457 3407 1556 3467 est,
1588 3403 1844 3456 innocens

252 3492 357 3557 est,
392 3490 529 3546 facta
562 3502 643 3545 est
675 3492 725 3545 in
758 3492 848 3545 illo
878 3492 1121 3546 remissio
1145 3501 1480 3561 peccatorum
1507 3510 1521 3558 ;
1546 3493 1846 3563 ergojusti—

257 3574 449 3637 ﬁcatus
469 3588 551 3637 est
572 3581 784 3653 impius,
813 3591 967 3636 natus
988 3590 1069 3636 est
1090 3581 1290 3637 fructus
1320 3583 1490 3637 bonus
1524 3604 1535 3638 :
1568 3601 1748 3655 quaero
1778 3585 1845 3640 de
1878 3574 1887 3583 ’

254 3689 360 3744 qua
401 3673 632 3727 arbore?
661 3673 774 3740 Dic,
802 3672 1069 3743 responde
1098 3673 1229 3728 mihi
1260 3693 1271 3728 :
1303 3672 1461 3729 arbor
1488 3674 1573 3728 illa
1604 3676 1842 3730 occultus

254 3766 466 3822 adulter
487 3776 590 3832 est,
622 3750 755 3820 mala
781 3765 942 3821 arbor
967 3774 1047 3821 est
1071 3782 1085 3832 ;
1117 3767 1161 3819 si
1192 3767 1348 3837 hujus
1377 3767 1580 3821 arboris
1607 3767 1705 3820 iste
1730 3768 1842 3822 fru-

253 3860 399 3925 etus,
442 3856 614 3913 malus
648 3855 850 3911 fructus
880 3867 979 3911 est.
1009 3857 1280 3912 Sententia
1310 3856 1520 3911 Domini
1547 3866 1648 3922 est,
1682 3856 1843 3911 Arbor

250 3950 394 4007 mala
420 3952 581 4004 malos
611 3952 807 4021 fructus
831 3951 971 4020 facit.
1010 3946 1375 4021 Respondebis
1399 3993 1412 4018 ,
1445 3960 1502 4004 ut
1531 3952 1689 4005 istum
1730 3951 1841 4004 fru-

248 4051 397 4098 ctum
422 4043 621 4098 bonum
644 4058 762 4098 esse
784 4042 1147 4110 commendes,
1177 4061 1281 4097 non
1308 4060 1428 4098 eum
1450 4043 1516 4098 de
1544 4045 1626 4097 illa
1652 4044 1842 4099 arbore

248 4142 460 4190 natum.
507 4130 624 4187 Non
653 4134 793 4187 enim
825 4133 944 4203 quia
984 4133 1160 4189 nescis
1192 4143 1243 4188 tu
1275 4134 1417 4187 illam
1446 4134 1690 4188 arborem
1722 4150 1838 4188 ma-

245 4223 381 4287 lam,
407 4222 527 4278 ideo
559 4240 661 4278 non
692 4234 773 4279 est
800 4225 935 4278 mala
966 4243 979 4278 :
1013 4232 1159 4278 tanto
1186 4234 1268 4279 est
1296 4225 1465 4295 pejor,
1498 4236 1697 4296 qttanto
1724 4243 1838 4280 ma-

246 4314 333 4388 gis
367 4318 657 4385 ignoratur.
696 4315 865 4371 Tanto
892 4317 1033 4370 enim
1080 4316 1248 4386 magis
1293 4317 1566 4387 ignoratur
1590 4361 1603 4385 ,
1643 4310 1840 4389 quanto

248 4408 465 4480 perdita
486 4408 676 4462 astutia
708 4410 935 4464 occultat
967 4408 1161 4463 factum
1187 4425 1360 4464 suum.
1397 4409 1528 4463 Nam
1555 4411 1597 4464 si
1626 4426 1839 4481 apertus

249 4501 464 4556 adulter
485 4511 646 4568 esset,
676 4502 757 4556 vel
787 4502 1122 4556 confessione
1144 4502 1396 4557 sanabilis
1415 4512 1574 4558 esset.
1604 4504 1839 4560 Pessima

253 4596 441 4657 arbor,
473 4604 528 4649 et
554 4607 727 4667 tamen
766 4612 890 4651 ecce
912 4593 1116 4649 fructus
1143 4595 1330 4651 bonus.
1363 4595 1513 4652 Unde
1545 4600 1743 4653 natus?
1772 4617 1839 4654 an

256 4685 402 4741 forte
430 4702 535 4740 non
565 4684 757 4742 natus?
784 4687 948 4743 Natus
972 4729 987 4755 ,
1022 4688 1213 4759 inquis.
1264 4689 1457 4758 Qumro
1499 4692 1641 4747 unde
1670 4710 1683 4745 :
1713 4693 1839 4763 quid

252 4780 500 4835 dicturus
527 4781 629 4835 es?
659 4778 807 4837 Unde
831 4792 983 4837 natus
1004 4790 1085 4837 est
1112 4784 1250 4840 iste?
1279 4785 1392 4840 Non
1422 4794 1506 4841 est
1529 4788 1654 4858 quid
1676 4788 1837 4857 dicat,

247 4872 378 4935 nisi,
408 4868 488 4926 De
514 4872 623 4926 Deo
657 4891 671 4927 :
704 4874 882 4929 nescio
904 4884 1078 4929 utrum
1098 4876 1237 4930 aliud
1262 4876 1499 4932 dicturus
1526 4890 1628 4947 est,
1655 4897 1836 4951 quam,

251 4964 341 5020 Ex
372 4966 503 5021 Deo.
536 4965 591 5021 Si
620 4966 727 5021 hoc
750 4967 818 5022 de
842 4970 1090 5023 omnibus
1113 4969 1334 5036 diceret,
1377 4980 1430 5027 et
1471 4989 1577 5027 non
1602 4990 1680 5039 se,
1717 4991 1837 5029 cum

243 5056 317 5113 sit
340 5055 503 5113 arbor
527 5058 685 5125 mala,
706 5058 951 5130 tingendo
972 5060 1276 5116 Ostenderet
1296 5061 1507 5127 bonam,
1537 5063 1839 5135 faceretque

244 5148 511 5220 pejorem,
539 5149 605 5204 de
630 5151 875 5205 omnibus
898 5151 1096 5206 diceret
1116 5151 1258 5223 quod
1284 5168 1348 5207 ex
1373 5153 1482 5208 Deo
1512 5168 1835 5223 nascuntur;

236 5230 416 5297 habet
440 5234 721 5319 [Evangelii
748 5243 1049 5299 evidentem
1078 5246 1401 5302 sententiam
1432 5266 1444 5299 :
1478 5247 1629 5303 Dedit
1649 5251 1720 5304 eis
1740 5266 1839 5319 po-

248 5330 482 5389 testatem
511 5334 647 5406 ﬁlios
670 5333 768 5390 Dei
796 5337 928 5405 fieri,
959 5338 1047 5409 qui
1076 5354 1176 5392 non
1216 5355 1277 5393 ea:
1306 5356 1475 5405 carne,
1507 5358 1609 5395 non
1634 5360 1698 5397 ea:
1720 5360 1839 5398 san-

242 5432 424 5503 guine,
454 5449 553 5486 non
586 5448 649 5486 ea:
672 5430 925 5487 voluntate
953 5433 1067 5497 viri,
1099 5450 1257 5504 neque
1285 5451 1347 5489 ac
1373 5436 1624 5491 voluntate
1648 5439 1834 5504 carnis,

242 5524 337 5578 sed
365 5539 427 5579 ea:
459 5521 568 5578 Deo
600 5526 707 5578 nati
735 5534 850 5580 sunt
892 5524 1066 5598 (Joan.
1094 5542 1144 5583 t.
1180 5526 1279 5593 12,
1312 5528 1423 5597 15).
1456 5529 1595 5599 Ergo
1630 5531 1739 5585 redi
1770 5532 1837 5587 ad

229 5616 407 5694 istum
440 5632 563 5672 :ex
610 5617 719 5672 Deo
758 5627 913 5672 natus
955 5618 1082 5673 est?
1122 5617 1203 5671 Ex
1253 5618 1381 5673 Deo.
1428 5621 1604 5684 Quare
1642 5621 1743 5678 iste
1771 5638 1838 5679 ex

234 5708 414 5781 Deo?
444 5694 576 5778 Quia
606 5708 811 5764 fructus
839 5709 1008 5765 bonus
1036 5709 1103 5765 de
1136 5709 1326 5764 arbore
1368 5712 1504 5766 mala
1539 5715 1683 5768 nasci
1730 5730 1835 5770 nou

240 5800 448 5873 ,potuit.
494 5802 684 5858 Castus
717 5802 1009 5872 haptizator
1038 5804 1196 5867 arbor
1221 5803 1358 5859 bona
1384 5812 1496 5869 est,
1529 5820 1633 5861 non
1664 5815 1747 5863 est.
1776 5807 1837 5862 ti-

236 5903 403 5975 plus;
438 5908 562 5961 vere
590 5901 768 5961 castus
805 5896 1105 5973 baptizavit,
1135 5898 1335 5957 fructus
1357 5898 1527 5957 bonus
1551 5899 1617 5956 de
1639 5900 1830 5958 arbore

1618 419 1696 477 SE
1705 412 1846 475 RMO
1879 412 2127 479 0011011.

3420 422 3558 499 Μ

1969 533 2129 589 bona.
2164 537 2299 595 Ecce
2328 549 2382 597 et
2412 543 2516 600 iste
2539 545 2738 603 fructus
2763 548 2935 605 bonus
2954 590 2968 614 ,
2997 550 3066 606 de
3106 566 3207 623 qua
3235 555 3427 612 arbore
3454 572 3553 610 na-

1969 634 2053 681 tus
2081 632 2203 683 est?
2234 632 2325 685 Die
2350 634 2415 688 de
2441 638 2576 689 mala
2602 680 2615 701 ,
2650 640 2693 692 si
2735 641 2918 697 audes.
2967 642 3084 697 Non
3121 645 3289 699 audeo
3312 690 3324 711 ,
3362 651 3551 717 inquit.

1966 720 2105 787 Ergo
2143 730 2196 774 et
2236 724 2349 791 ipse
2389 728 2455 780 de
2495 729 2669 782 bona?
2715 732 2787 784 De
2819 733 2976 787 haua.
3013 734 3085 789 De
3124 752 3223 802 qua
3254 738 3435 793 bona?
3474 741 3551 799 Et

1968 811 2095 865 Deo.
2129 813 2224 868 Ille
2247 816 2415 883 quid?
2442 816 2517 871 Ex
2548 820 2761 875 homine
2782 832 2951 877 casto.
2980 826 3257 889 Paululum
3292 830 3506 887 intende
3532 859 3548 892 .-

1965 903 2326 975 intelligamus
2347 908 2487 978 quod
2508 911 2754 968 dicimus.
2789 915 2891 969 lste
2920 917 2988 970 ab
3016 918 3232 975 homine
3261 933 3409 977 casto
3456 924 3550 979 ba-

1964 995 2209 1063 ptizatus,
2240 1012 2303 1049 ex
2330 997 2519 1053 arbore
2546 1002 2701 1069 bona,
2727 1004 2778 1058 id
2802 1014 2902 1070 est,
2927 1024 2990 1061 ex
3016 1009 3231 1064 hOmine
3262 1013 3421 1081 bono,
3455 1026 3552 1071 ua-

1962 1093 2050 1141 tes
2078 1097 2159 1141 est
2185 1086 2389 1142 fruetus
2416 1092 2602 1146 bonus.
2638 1095 2732 1149 Ille
2761 1099 2827 1151 ab
2853 1099 3094 1155 adultero
3130 1105 3338 1159 occulto
3370 1105 3549 1175 baptib

1963 1189 2131 1246 zatus,
2163 1197 2227 1235 ex
2256 1180 2451 1238 arbore
2481 1187 2617 1240 mala
2667 1199 2819 1243 natus
2851 1202 2933 1246 est
2961 1193 3163 1249 fructus
3184 1239 3198 1261 ,
3227 1198 3350 1266 quid
3374 1197 3398 1251 ?
3440 1199 3548 1255 Boa-

1962 1287 2079 1326 nus.
2109 1274 2221 1327 Non
2248 1284 2425 1343 potest
2456 1278 2588 1331 tieri.
2622 1279 2676 1333 Si
2711 1281 2883 1336 bonus
2911 1292 2993 1337 est
3023 1285 3224 1341 fruetus
3260 1309 3271 1341 :
3302 1304 3430 1360 ergo
3458 1306 3549 1345 ars

1961 1367 2142 1421 bOrem
2175 1376 2337 1421 muta.
2369 1369 2620 1424 Fructum
2652 1373 2815 1427 istum
2845 1375 3036 1431 bonum
3066 1380 3364 1444 conﬁteris,
3394 1382 3545 1438 illum

1961 1456 2233 1513 hominem
2260 1462 2483 1530 malum,
2509 1466 2629 1533 quia
2656 1467 2897 1521 occultus
2926 1470 3132 1526 adulter
3155 1484 3234 1528 est
3259 1490 3273 1528 :
3300 1475 3547 1531 arborem

1961 1560 2105 1604 muta
2152 1553 2273 1607 huic
2324 1553 2539 1609 fructui.
2577 1552 2779 1610 Mutari
2804 1600 2819 1625 ,
2872 1560 3046 1629 inquis
3080 1580 3092 1614 :
3126 1564 3245 1618 ideo
3280 1565 3425 1631 dixi,
3467 1566 3548 1622 Ex

1959 1642 2089 1697 Deo.
2119 1643 2235 1698 Jam
2260 1660 2511 1716 compara
2542 1649 2671 1704 istos
2706 1650 2841 1706 duos
2863 1661 3018 1709 natos
3048 1673 3061 1707 :
3090 1655 3236 1711 illum
3262 1658 3545 1728 baptizavit

1956 1745 2133 1792 castus
2159 1737 2504 1805 manifestus;
2538 1739 2681 1796 hunc
2710 1743 2997 1812 baptizavit
3028 1747 3235 1802 adulter
3260 1753 3497 1807 occultus
3525 1768 3543 1808 :

1955 1826 2045 1882 ille
2057 1846 2120 1882 ex
2139 1828 2370 1893 homine,
2394 1832 2568 1887 isteex
2590 1835 2697 1889 Deo
2711 1845 2864 1890 natus
2882 1847 2984 1892 est.
3004 1839 3235 1894 Felicius
3251 1858 3377 1912 ergo
3391 1852 3545 1901 natus

1956 1928 2122 1975 estex
2147 1921 2393 1976 adultero
2420 1924 2650 1991 occulto,
2682 1940 2838 1995 quam
2866 1928 2953 1983 ille
2982 1946 3044 1983 ex
3068 1940 3215 1985 casto
3238 1934 3541 1990 manifesto.

2024 2011 2077 2066 8.
2120 2011 2205 2065 Ea:
2241 2011 2461 2067 laminis
2498 2017 2793 2085 etApostoti
2834 2018 2991 2073 verbis
3030 2020 3327 2075 Donatistas
3367 2024 3545 2077 τράπε

1951 2104 2080 2173 guit.
2124 2104 2307 2159 Melius
2354 2121 2482 2176 ergo
2504 2106 2767 2163 ioannem
2811 2112 2997 2178 audis,
3031 2128 3064 2167 ο
3097 2113 3378 2180 hrcretice;
3426 2132 3543 2173 me-

1952 2196 2053 2251 lius
2078 2199 2229 2253 audis
2258 2217 2642 2269 praecursorem
2672 2221 2914 2260 recursor
2936 2208 2987 2273 ¹;
3028 2209 3218 2263 melius
3251 2211 3403 2265 audis
3443 2213 3544 2267 hu-

1951 2290 2168 2356 milem,
2216 2306 2248 2345 o
2288 2294 2551 2362 superbe;
2595 2297 2781 2350 melius
2832 2299 2982 2352 audis
3036 2300 3306 2355 lucernam
3346 2303 3544 2359 arden—

1954 2390 2059 2437 tem
2080 2425 2095 2448 ,
2128 2398 2161 2437 0
2194 2385 2406 2439 lucerna
2437 2387 2717 2441 exstincta.
2751 2378 2885 2443 Audi
2916 2390 3174 2446 Joannem
3196 2434 3210 2457 ,
3246 2409 3367 2448 cum
3394 2397 3543 2450 veni-

1950 2483 2097 2529 retur
2139 2474 2205 2530 ad
2242 2492 2396 2532 eum:
2439 2495 2459 2531 1
2483 2480 2593 2544 Εκο
2626 2480 2837 2550 quidem
2874 2482 3085 2553 baptizo
3119 2498 3213 2539 vos
3243 2486 3293 2539 iu
3329 2492 3487 2558 aqua.
3515 2506 3535 2541 1

1952 2567 2021 2621 Et
2050 2578 2103 2622 tu
2124 2609 2139 2635 ,
2162 2570 2206 2622 si
2236 2578 2287 2624 te
2314 2580 2570 2640 agnoscas
2590 2608 2604 2637 ,
2629 2573 2875 2629 minister
2899 2589 2957 2628 es
2982 2590 3153 2645 aquas.
3194 2596 3213 2629 ε
3243 2578 3372 2648 Ego,
3406 2597 3426 2632 1
3460 2580 3543 2634 in.

1953 2661 2103 2729 quit,
2142 2678 2160 2711 ι
2188 2661 2400 2730 baptizo
2425 2676 2523 2716 vos
2560 2664 2611 2717 in
2640 2678 2807 2734 aqua;
2837 2667 2928 2735 qui
2959 2668 3137 2721 veniet
3176 2678 3355 2723 autem
3376 2713 3391 2736 ,
3422 2685 3540 2725 ma-

1944 2752 2033 2821 jor
2056 2764 2140 2807 me
2160 2764 2260 2808 est.
2293 2772 2312 2806 1
2338 2754 2612 2831 Quantum
2636 2760 2806 2827 major
2833 2768 2883 2813 te
2907 2760 3026 2815 est?
3061 2779 3079 2810 ‹
3107 2756 3271 2831 Cujus
3292 2776 3396 2816 non
3419 2778 3539 2817 sum

1951 2843 2142 2913 dignus
2168 2846 2453 2915 corrigiam
2488 2848 2831 2901 calceameuti
2869 2850 3097 2904 solvere.
3131 2868 3148 2901 1
3182 2852 3445 2918 Quantum
3482 2866 3541 2908 se

1952 2936 2276 3004 humiliaret,
2294 2939 2338 2992 si
2366 2953 2423 2993 se
2448 2939 2664 3009 dignum
2692 2941 2927 2996 diceret?
2948 2940 3021 2996 Ne
3050 2941 3152 2997 hoc
3177 2944 3389 3013 quidem
3407 2945 3543 2999 dixit;

1948 3024 2166 3096 dignum
2199 3041 2258 3081 se
2285 3041 2404 3083 esse
2425 3071 2439 3093 ,
2472 3031 2751 3100 corrigiam
2782 3032 3130 3087 calceamenti
3157 3035 3385 3089 solvere.
3419 3033 3542 3105 Ipse

1950 3127 2023 3172 est
2045 3120 2131 3188 qui
2156 3119 2379 3189 baptizat
2404 3122 2457 3175 in
2486 3121 2685 3191 Spiritu
2711 3123 3051 3193 sanclo(buc.
3085 3141 3161 3189 nt,
3197 3127 3283 3189 l6,
3304 3136 3352 3179 et
3379 3126 3536 3181 Joan.

1949 3229 1989 3279 1,
2019 3212 2110 3276 27,
2144 3215 2259 3284 55).
2289 3214 2423 3281 Quid
2458 3225 2509 3269 tc
2550 3230 2646 3284 pro
2671 3216 2884 3270 Christo
2912 3219 3205 3286 supponis?
3234 3218 3353 3289 Ipse
3378 3218 3542 3289 bapti-

1949 3316 2030 3358 ωε
2058 3306 2111 3359 in
2143 3306 2339 3375 Spiritu
2366 3315 2557 3360 sancto.
2588 3308 2728 3377 Ergo
2759 3308 2871 3376 ipse
2892 3309 3165 3377 justiﬁcat.
3196 3310 3273 3363 'l‘u
3298 3311 3425 3380 quid
3452 3311 3538 3365 di-

1949 3396 2060 3452 cis?
2082 3399 2190 3467 Ego
2215 3399 2425 3467 baptizo
2451 3400 2502 3451 in
2528 3399 2727 3467 Spiritu
2752 3409 2954 3460 sancto,
2981 3417 3080 3470 ego
3104 3403 3354 3469 justifico.
3378 3404 3539 3458 Certe

1951 3502 2057 3541 non
2088 3488 2221 3541 dicis
2240 3531 2254 3553 ,
2289 3488 2400 3554 Ego
2429 3503 2546 3542 sum
2574 3488 2857 3543 Christus?
2887 3493 3043 3544 Certe
3082 3506 3184 3545 non
3212 3508 3271 3545 es
3304 3493 3371 3548 de
3397 3493 3500 3547 illis
3519 3536 3535 3560 ,

1949 3578 2016 3631 de
2041 3580 2229 3646 quibus
2255 3579 2451 3633 dictum
2477 3589 2589 3645 est,
2626 3581 2780 3633 Multi
2806 3582 2998 3634 venient
3023 3584 3073 3635 in
3104 3585 3303 3637 nomine
3328 3600 3435 3637 meo
3458 3585 3539 3638 di-

1949 3679 2133 3734 centes,
2159 3667 2269 3737 Ego
2296 3686 2410 3722 sum
2435 3668 2661 3725 Christus
2688 3671 2902 3740 (Matth.
2931 3688 3073 3738 XXIV,
3098 3674 3192 3743 5)?
3221 3674 3417 3743 Captus
3437 3691 3494 3730 es
3518 3694 3532 3730 :

1948 3769 2105 3830 atque
2136 3762 2336 3814 utinam
2379 3763 2456 3816 vel
2504 3770 2690 3831 captus
2729 3764 3047 3829 inveniaris,
3090 3766 3179 3832 qui
3210 3780 3313 3818 non
3351 3774 3536 3835 captus

1950 3855 2204 3921 perieras.
2234 3855 2437 3909 Bonum
2467 3865 2546 3907 est
2575 3856 2641 3907 ad
2678 3871 2851 3908 eseam
2885 3857 3058 3925 magni
3091 3860 3229 3925 regis
3258 3860 3371 3927 capi
3406 3860 3534 3912 reti~

1948 3946 2048 4000 bus
2077 3947 2333 4001 veritatis.
2370 3947 2490 4001 Noli
2518 3963 2647 4017 ergo
2668 3948 2776 4017 jam
2804 3949 3001 4013 dicere,
3028 3951 3138 4019 Ego
3161 3952 3411 4017 justitico,
3437 3966 3536 4021 ego

1947 4040 2223 4092 sanctilico
2254 4057 2266 4092 :
2299 4055 2366 4093 ne
2396 4042 2729 4095 convincaris
2756 4042 2953 4109 dicere,
2991 4044 3099 4113 Ego
3126 4058 3239 4097 sunt
3269 4044 3533 4101 Christus.

1950 4130 2042 4195 Dic
2080 4133 2255 4201 potius
2285 4133 2425 4201 quod
2462 4132 2662 4186 amicus
2690 4135 2869 4203 sponsi
2892 4176 2907 4197 ,
2943 4149 3045 4187 non
3076 4137 3162 4204 qui
3205 4145 3254 4188 te
3280 4136 3415 4190 velis
3448 4136 3531 4207 ja-

1944 4233 2090 4278 ctare
2118 4240 2212 4293 pro
2240 4240 2437 4293 sponso
2470 4243 2482 4277 :
2520 4226 2693 4294 Neque
2716 4227 2802 4293 qui
2825 4228 3017 4296 plantat
3040 4237 3113 4281 est
3135 4227 3347 4295 aliquid,
3377 4242 3536 4298 neque

1945 4317 2030 4385 qui
2060 4317 2227 4386 rigat;
2254 4317 2341 4368 sed
2366 4318 2451 4384 qui
2475 4317 2831 4370 incrementum
2863 4319 2949 4371 dat
2980 4318 3117 4373 Deus
3146 4320 3185 4390 (l
3212 4318 3330 4374 Cor.
3354 4336 3431 4385 111,
3456 4322 3531 4392 7).

1945 4407 2081 4461 Audi
2110 4408 2267 4461 etiam
2296 4419 2351 4463 et
2374 4410 2567 4477 ipsum,
2592 4409 2661 4464 de
2690 4424 2793 4479 quo
2818 4406 3043 4480 agimus.
3068 4414 3294 4467 amicum
3326 4404 3531 4481 sponsi.

1944 4498 2103 4553 Certe
2122 4514 2243 4552 cum
2268 4499 2481 4553 Christo
2503 4503 2650 4570 quasi
2679 4502 2965 4570 discipulos
2992 4504 3238 4568 habebat,
3262 4512 3314 4556 et
3332 4502 3534 4556 Christi

1945 4593 2240 4664 discipulus
2266 4609 2371 4648 11011
2395 4604 2508 4648 erat
2534 4613 2544 4647 :
2572 4596 2691 4649 audi
2726 4596 2868 4649 illum
2897 4598 3237 4652 conﬁtentem
3258 4612 3313 4650 se
3335 4596 3534 4657 Christi

1945 4687 2285 4755 discipulum.
2334 4687 2464 4741 Vide
2507 4687 2650 4741 illum
2693 4689 2829 4742 inter
2871 4689 3065 4743 Christi
3106 4689 3428 4757 discipulos,
3478 4701 3534 4747 et

1946 4787 2096 4833 tanto
2120 4779 2399 4833 certiorem
2421 4819 2435 4843 ,
2465 4789 2663 4848 quanto
2692 4780 3061 4842 humiliorem;
3106 4786 3250 4833 tanto
3274 4777 3531 4835 humilio-

1943 4885 2093 4933 rem,
2142 4879 2341 4939 quanto
2380 4867 2655 4939 majorem.
2701 4870 2833 4925 Vide
2871 4870 3017 4923 illum
3061 4862 3342 4923 facientem
3386 4868 3531 4941 quod

1944 4964 2200 5031 scriptum
2232 4972 2343 5027 est,
2382 4963 2583 5029 Quanto
2627 4976 2838 5035 magnus
2868 4976 2949 5023 es,
2984 4971 3122 5015 tanto
3165 4963 3374 5017 humilia
3401 4973 3448 5018 te
3476 4965 3531 5020 in

1945 5056 2191 5119 militibus,
2214 5065 2259 5110 et
2280 5074 2450 5110 coram
2482 5056 2588 5111 Deo
2616 5059 2828 5111 invenies
2852 5057 3065 5126 gratiam
3095 5055 3283 5127 (Ecch'.
3316 5073 3388 5122 ttt,
3408 5058 3525 5129 20).

1942 5149 2059 5204 Jam
2091 5149 2243 5213 dixit,
2280 5148 2401 5203 Non
2431 5167 2542 5203 sum
2573 5151 2755 5219 dignus
2784 5150 3051 5219 corrigiam
3080 5149 3404 5204 calceamenti
3426 5150 3530 5205 sol-

1944 5257 2058 5297 vere
2080 5259 2097 5295 :
2119 5241 2213 5297 sed
2242 5258 2345 5296 non
2372 5243 2426 5296 in
2456 5242 2552 5295 hoc
2579 5217 2640 5295 se
2656 5217 2970 5309 discipulum
2999 5240 3398 5296 demonstravit.
3427 5242 3531 5309 Qui
3576 5217 3588 5235 ’

1942 5334 2007 5387 de
2037 5335 2180 5400 corio,
2215 5334 2403 5404 inquit,
2438 5333 2587 5397 venit,
2609 5347 2758 5399 super
2784 5346 2955 5384 omnes
2980 5342 3051 5385 est
3082 5330 3259 5401 (Joan.
3290 5346 3367 5398 nt,
3393 5332 3483 5406 51)
3511 5350 3526 5388 :
3587 5332 3595 5391 ἶ

1946 5441 2036 5479 nos
2061 5436 2229 5479 autem
2253 5440 2423 5478 omnes
2448 5423 2511 5475 de
2546 5421 2854 5492 plenitudine
2884 5423 2993 5492 ejus
3020 5422 3303 5492 accepimus
3334 5422 3442 5491 (Id.
3474 5439 3526 5492 1,

1948 5516 2058 5586 ts).
2080 5516 2220 5586 Ergo
2239 5526 2291 5568 et
2313 5517 2424 5584 ipse
2446 5514 2582 5567 inter
2602 5513 2890 5583 discipulos
2911 5522 3043 5578 erat,
3063 5514 3150 5582 qui
3174 5530 3293 5568 cum
3316 5513 3529 5572 Christo

1945 5607 2229 5677 discipulos
2270 5606 2570 5675 colligi-hat.
2606 5605 2743 5659 Audi
2783 5606 3014 5674 apertius
3052 5604 3304 5661 fatentem
3346 5622 3404 5663 se
3438 5608 3528 5661 di-

1947 5700 2206 5768 scipulum
2242 5715 2253 5750 :
2291 5696 2389 5761 Qui
2430 5696 2575 5750 liabet
2616 5714 2888 5767 sponsam,
2931 5714 3148 5767 sponsus
3187 5707 3296 5762 est;
3338 5699 3530 5755 amicus

1942 5803 2109 5846 autem
2137 5791 2309 5861 sponsi
2346 5800 2476 5856 stat,
2500 5801 2552 5844 et
2584 5790 2727 5844 audit
2757 5806 2867 5843 eum
2896 5788 3003 5861 (Id.
3040 5803 3097 5844 111
3118 5832 3131 5855 ,
3313 5788 3381 5849 Et

2009 5911 2022 5942 ι
2054 5908 2207 5967 tum,
2234 5920 2522 5969 irrwcursor.
2552 5914 2605 5958 Al
2628 5906 2849 5971 plerique
2872 5910 3000 5971 Mss,
3024 5918 3265 5961 recuraor.
