4036 6452
541 385 680 445 1527

541 511 682 572 stat,
712 520 833 574 quia
869 505 1016 562 audit
1047 521 1192 564 eum.
1232 511 1348 566 Stat
1377 520 1422 566 et
1459 513 1637 578 audit;
1666 514 1784 585 quia
1812 515 1855 569 si
1884 531 1990 570 non
2021 530 2120 569 au-

540 593 684 661 diat,
717 596 875 650 cadit.
919 598 1107 654 Merito
1151 602 1274 669 ille,
1306 603 1512 656 Λιιᾱὶιαὶ
1549 621 1658 658 meo
1683 605 1874 672 .dabis,
1916 606 2115 675 inquit,

540 689 918 744 exsultationem
943 702 988 745 et
1016 693 1260 748 ltrtitiam.
1291 696 1426 763 Quid
1458 706 1538 751 est
1557 739 1569 760 ,
1601 698 1794 752 auditui
1831 699 1979 753 meo?
2008 699 2118 753 Att-

537 777 654 834 dire
692 780 840 835 illum
863 824 877 848 ,
909 799 1014 838 non
1055 785 1223 840 audiri
1264 787 1399 842 velle
1435 803 1531 858 pro
1574 789 1684 843 illo.
1720 790 1784 844 Et
1812 797 1868 843 ut
1907 789 2118 845 noveri-

536 883 657 923 mus
686 872 809 940 quia
849 873 901 927 in
932 889 998 929 eo
1039 875 1178 945 quod
1206 876 1353 932 audit
1387 893 1507 932 eum
1531 919 1544 943 ,
1590 878 1940 934 humilitatem
1968 893 2119 934 com-

535 962 753 1019 mendat
785 982 798 1018 ε
831 981 952 1022 cum
990 967 1247 1036 dixisset,
1280 971 1489 1024 Auditui
1513 988 1622 1025 meo
1651 971 1794 1026 dabis
1822 971 2118 1026 exsultatio-

535 1071 650 1108 nem
679 1065 726 1110 et
749 1054 1009 1124 lmtitiam;
1030 1060 1280 1115 continuo
1297 1062 1586 1130 subjunxit,
1601 1073 1647 1116 et
1670 1063 1984 1117 exsultabant
2007 1078 2120 1117 ossa

535 1145 994 1219 humiliata(Psal.
1030 1166 1094 1216 ι,
1131 1150 1243 1220 10).
1283 1152 1400 1209 Stat
1424 1168 1551 1223 ergo
1575 1162 1630 1208 et
1658 1153 1804 1207 audit
1831 1167 1973 1208 eum.
2005 1153 2116 1207 Ea:-

534 1236 789 1291 sttltabunt
815 1255 928 1293 ossa
955 1239 1220 1294 humiliata
1239 1283 1252 1308 ,
1287 1244 1406 1314 quia
1447 1243 1760 1313 franguntur
1785 1243 1940 1298 elata.
1983 1243 2116 1297 Nul-

533 1325 618 1380 lus
643 1341 771 1398 ergo
792 1329 894 1383 sibi
920 1345 1108 1396 servus
1128 1341 1443 1401 potestatem
1467 1335 1674 1388 Domini
1698 1345 1952 1389 assumat.
1976 1333 2117 1390 Gau-

533 1416 657 1472 deat
683 1434 742 1474 se
769 1435 888 1476 esse
927 1423 976 1476 in
1007 1422 1224 1493 familia,
1256 1433 1310 1481 et
1331 1427 1376 1480 si
1401 1435 1485 1482 est
1512 1428 1844 1497 praepositus,
1883 1426 2116 1497 proferat

530 1507 588 1562 in
620 1517 857 1580 tempore
885 1516 1158 1570 conservis
1198 1518 1395 1573 cibaria
1422 1518 1634 1589 (Matth.
1674 1535 1796 1574 xxtv
1816 1561 1830 1587 ,
1861 1520 1988 1590 45);
2020 1520 2114 1575 sed

531 1603 674 1658 unde
702 1614 756 1659 et
793 1606 906 1676 ipse
944 1608 1118 1676 vivat,
1153 1626 1256 1664 non
1297 1620 1354 1664 ut
1393 1611 1459 1666 de
1489 1611 1605 1682 ipso
1635 1613 1710 1667 illi
1747 1613 1942 1668 vivant.
1981 1613 2112 1668 Nam

529 1696 658 1766 quid
699 1705 781 1752 est
818 1699 1061 1769 proferre
1103 1703 1154 1756 in
1197 1711 1435 1774 tempore
1463 1707 1695 1772 cibaria,
1741 1708 1841 1762 nisi
1872 1707 2114 1778 proferre

529 1788 821 1858 Christum,
854 1792 1067 1848 laudare
1097 1795 1387 1865 Christum,
1415 1800 1791 1855 commendare
1814 1799 2108 1867 Christum,

528 1881 821 1950 praedicare
845 1881 1146 1940 Christum?
1169 1887 1270 1942 hoc
1294 1899 1394 1955 est,
1421 1889 1662 1960 proferre
1694 1891 1743 1944 in
1777 1903 2015 1961 tempore
2037 1894 2112 1948 ci-

526 1971 694 2027 baria.
727 1973 856 2028 Nam
888 1987 944 2030 ut
969 1987 1110 2032 esset
1134 1979 1247 2049 ipse
1266 1978 1509 2036 Christus
1533 1982 1727 2038 cibaria
1749 1983 2108 2054 jumentorum

524 2077 764 2133 suorum,
787 2077 943 2124 natus
963 2071 1017 2125 in
1041 2074 1264 2142 praesepi
1289 2074 1490 2144 positus
1510 2084 1611 2131 est.

967 2205 1197 2264 SERMO
1233 2207 1527 2265 ccxcnr
1573 2209 1668 2284 (a).

847 2323 897 2367 tn
927 2316 1077 2369 Natali
1105 2321 1301 2373 Joannis
1331 2324 1547 2386 Baptistae
1581 2323 1670 2388 (b),
1703 2340 1784 2376 vn.

597 2443 650 2496 1.
682 2441 902 2497 Joannis
931 2455 979 2499 et
1006 2445 1198 2502 Christi
1221 2449 1276 2502 in
1315 2451 1573 2505 nativitate
1600 2453 1928 2523 comparatio.
1970 2452 2107 2510 San-

523 2534 593 2587 cti
634 2532 889 2602 Joannis,
923 2537 1074 2605 cujus
1105 2540 1432 2595 nativitatem
1454 2582 1469 2608 ,
1505 2557 1627 2596 cum
1659 2543 2000 2616 Evangelium
2033 2547 2106 2604 le-

519 2631 772 2692 geretur,
824 2627 1079 2682 mirantes
1125 2629 1458 2697 audivimus,
1511 2633 1901 2689 solemnitatem
1950 2637 2108 2694 hodie

522 2713 873 2768 celebramus.
896 2715 1099 2783 Quanta
1126 2726 1210 2773 est
1231 2719 1396 2788 gloria
1419 2720 1631 2789 iudicis,
1651 2724 1695 2777 si
1713 2733 1856 2779 tanta
1881 2735 1963 2780 est
1979 2743 2109 2798 pra:-

522 2805 710 2860 conis?
740 2806 923 2876 Qualis
960 2816 1044 2864 est
1071 2820 1325 2866 venturus
1353 2812 1434 2868 via
1455 2856 1471 2880 ,
1503 2816 1549 2870 si
1592 2812 1718 2871 talis
1739 2828 1823 2872 est
1849 2819 1938 2889 qui
1967 2835 2104 2889 prae-

521 2906 675 2966 parat
708 2899 886 2954 viam?
917 2900 1252 2959 Nativitatem
1282 2905 1504 2963 Joannis
1531 2909 1761 2978 quodam
1795 2911 1954 2967 modo
1979 2927 2106 2967 con-

521 2998 780 3045 secratam
821 2993 1068 3049 observat
1105 2995 1343 3052 Ecclesia
1378 3017 1391 3052 :
1426 3014 1525 3056 nec
1566 3002 1833 3058 invenitur
1871 3004 2010 3060 ullus
2051 3005 2104 3060 in

521 3077 804 3146 Patribus,
835 3084 987 3152 cujus
1019 3088 1346 3143 nativitatem
1384 3091 1695 3148 solemniter
1731 3095 2102 3154 celebremus:

521 3169 854 3227 celebramus
880 3174 1135 3243 Joannis,
1166 3179 1497 3235 celebramus
1533 3193 1585 3238 et
1610 3183 1801 3240 Christi
1838 3203 1850 3238 :
1884 3187 1984 3243 hoc
2009 3204 2103 3243 va-

521 3275 645 3316 care
669 3277 774 3317 non
803 3275 1007 3333 potest,
1040 3276 1094 3322 ct
1119 3269 1164 3324 si
1195 3269 1328 3326 forte
1355 3287 1386 3326 a
1417 3273 1568 3330 nobis
1597 3291 1692 3345 pro
1719 3286 1879 3334 tanta}
1907 3281 1984 3336 rei
2017 3281 2102 3336 di-

519 3353 721 3423 gnitate
755 3355 930 3412 minus
953 3359 1280 3429 explicatur,
1314 3361 1633 3422 fructuosius
1661 3377 1836 3425 tamen
1867 3381 1922 3427 et
1945 3373 2102 3431 altius

519 3445 800 3515 cogitatur.
832 3448 1076 3506 Nascitur
1099 3451 1332 3511 Joannes
1356 3456 1420 3512 de
1457 3460 1663 3514 anicula
1691 3463 1858 3518 sterili
1879 3506 1893 3529 ,
1927 3467 2101 3522 nasci-

520 3544 607 3591 tur
631 3537 873 3593 Christus
901 3541 968 3596 de
991 3543 1276 3612 juvencula
1298 3548 1521 3618 virgine.
1548 3549 1806 3607 Joannem
1838 3557 1973 3623 parit
1995 3567 2103 3612 ste-

519 3629 709 3697 rilitas,
727 3631 996 3690 Christum
1029 3637 1323 3708 integritas.
1355 3640 1409 3694 ln
1434 3642 1707 3700 nativitate
1731 3645 1952 3702 Joannis
1971 3657 2100 3706 aetas

517 3736 751 3792 congrua
778 3741 882 3779 non
911 3736 1026 3782 erat
1048 3731 1354 3796 parcntalis,
1376 3732 1427 3786 in
1449 3735 1723 3790 nativitate
1744 3735 1937 3792 Christi
1955 3755 2102 3794 com-

517 3815 707 3886 plexus
745 3833 848 3873 non
879 3822 1082 3876 exstitit
1108 3825 1384 3880 maritalis.
1415 3827 1510 3884 Ille
1548 3831 1738 3901 angelo
1778 3835 2099 3902 prtrdieantc

517 3907 789 3962 nuntiatur
807 3952 822 3976 ,
855 3911 955 3966 iste
975 3916 1164 3983 angelo
1189 3919 1466 3974 nuntiante
1494 3923 1806 3992 concipitur.
1837 3925 1952 3982 Non
1979 3944 2097 3983 ere-

515 3999 659 4055 ditur
681 4001 913 4059 Joannes
940 4008 1273 4074 nasciturus,
1304 4020 1359 4066 et
1396 4013 1454 4068 fit
1483 4024 1633 4083 pater
1661 4029 1838 4074 mutus
1866 4038 1879 4075 :
1923 4022 2097 4077 credi-

517 4096 605 4143 tur
627 4090 890 4160 Christus,
921 4106 974 4150 et
999 4098 1102 4153 tide
1126 4101 1442 4171 concinitur.
1473 4105 1557 4160 Fit
1585 4107 1730 4176 prius
1755 4110 2014 4168 adventus
2039 4115 2098 4169 ti-

516 4180 603 4236 dei
629 4182 679 4236 in
703 4198 795 4239 cor
816 4187 1054 4256 virginis,
1074 4199 1126 4246 et
1145 4195 1385 4264 sequitur
1410 4196 1708 4258 fecunditas
1731 4203 1781 4258 in
1812 4213 1963 4261 utero
1984 4223 2098 4262 ma-

517 4271 632 4326 tris.
662 4274 726 4328 Et
754 4283 928 4333 tamen
968 4296 1133 4353 prope
1161 4286 1346 4342 eadem
1376 4291 1535 4346 verba
1569 4303 1693 4349 sunt
1718 4296 1986 4354 Zacharite
2009 4302 2095 4355 di-

515 4364 704 4431 centis,
735 4381 857 4422 cum
883 4372 1101 4441 angelus
1125 4374 1383 4434 Joannem
1411 4383 1697 4452 nuntiaret,
1729 4385 1834 4442 Per
1857 4390 1979 4458 quid
2009 4409 2096 4445 ca-

515 4471 752 4525 gnoscam
790 4461 922 4514 hoc?
957 4461 1067 4532 Ego
1105 4467 1237 4520 enim
1264 4486 1378 4524 sum
1411 4489 1592 4539 senex,
1623 4487 1670 4530 et
1697 4494 1828 4533 uxor
1853 4498 1963 4536 mea
1981 4484 2096 4554 jam

517 4553 757 4618 processit
781 4554 833 4608 in
857 4555 1031 4611 diebus
1055 4560 1161 4612 suis
1194 4577 1212 4614 :
1240 4573 1293 4618 et
1319 4565 1494 4622 Maria:
1519 4581 1716 4628 sancta:
1742 4579 1935 4645 angelo
1960 4595 2095 4635 nun-

516 4639 680 4695 tiante
718 4652 923 4711 partum
953 4647 1072 4717 ejus
1109 4649 1341 4708 futurum
1366 4698 1381 4722 ,
1421 4677 1439 4710 ‹
1467 4659 1744 4726 Quomodo
1784 4639 1875 4722 [iet
1917 4670 2052 4726 istud
2075 4713 2092 4740 ,

513 4732 762 4799 quoniam
801 4734 972 4792 virum
1000 4754 1106 4795 non
1145 4749 1449 4815 cognosco?
1477 4768 1495 4802 ι
1533 4766 1668 4821 pene
1695 4755 1880 4811 eadem
1909 4732 2089 4817 verba:

511 4821 589 4876 Illi
628 4823 865 4880 dicitur:
903 4847 923 4881 ι
953 4829 1094 4888 Ecce
1135 4835 1242 4890 eris
1285 4845 1501 4904 tacens,
1543 4859 1642 4898 nec
1681 4857 1871 4914 potens
1913 4852 2089 4922 loqui,

509 4926 788 4983 quousque
816 4915 944 4972 ﬁant
970 4920 1103 4988 haec,
1138 4935 1356 4998 propter
1375 4931 1515 5000 quod
1539 4949 1642 4989 non
1669 4938 1939 4996 credidisti
1969 4915 2090 5000 ver;

508 5002 591 5057 bis
617 5005 752 5060 meis
771 5046 787 5073 ,
817 5023 936 5076 qua:
960 5013 1388 5085 adimplebuntur
1421 5030 1660 5094 tempore
1686 5043 1802 5084 suo.
1835 5051 1854 5085 ι
1887 5034 1966 5089 llli
1993 5051 2092 5091 au-

509 5100 616 5149 tem
649 5113 663 5149 :
702 5115 724 5150 ι
752 5097 980 5170 Spiritus
1009 5118 1224 5166 sanctus
1250 5119 1594 5183 superveniet
1633 5121 1685 5176 in
1715 5132 1767 5178 te
1787 5166 1800 5190 ,
1845 5136 1899 5182 et
1923 5128 2092 5188 virtus

507 5187 767 5244 Altissimi
803 5192 1141 5255 obumbrabit
1182 5203 1308 5270 tibi;
1342 5217 1620 5278 propterea
1660 5187 1802 5282 quod
1844 5187 2092 5277 nascetur

505 5291 569 5379 ex
605 5287 655 5332 te
682 5278 955 5352 Sanctum,
979 5290 1255 5347 vocabitur
1279 5294 1444 5353 Filius
1470 5300 1581 5355 Dei.
1616 5321 1633 5354 ι
1670 5278 1761 5360 ille
1782 5310 2085 5380 corripitur,

507 5366 594 5461 illa
637 5371 937 5432 instruitur.
976 5380 1055 5434 Illi
1095 5382 1319 5453 dicitur,
1365 5390 1496 5459 Quia
1528 5410 1632 5450 non
1661 5366 1938 5456 credidisti
1969 5422 1982 5458 ε
2015 5366 2090 5461 ui

505 5460 734 5531 dicitur,
767 5467 964 5540 Accipe
1003 5475 1142 5543 quod
1183 5480 1434 5548 quaesisti.
1469 5484 1856 5557 Propemodum
1900 5460 2086 5553 eadem

568 5609 590 5630 “
611 5617 877 5690 Cistigatus
898 5623 957 5672 ad
981 5623 1044 5674 cl.
1069 5639 1112 5675 r.
1138 5641 1226 5702 rm.
1250 5636 1284 5680 t.
1311 5640 1408 5685 vat.
1437 5642 1488 5687 et
1515 5638 1575 5687 ad
1592 5642 1726 5705 vign.

569 5671 643 5737 (ᾳ)
675 5677 832 5737 A1133.
865 5683 995 5734 inter
1029 5689 1341 5737 Vitmenanm
1369 5696 1418 5737 Et-

568 5674 645 5797 tu;
675 5674 832 5748 Attis.
865 5683 995 5734 inter
1029 5674 1418 5751 νιςιίεέίεῑίοῑὲ.
1438 5674 1488 5687 ν’
1515 5674 1575 5687 ““

499 5776 565 5838 Eu
588 5732 1558 5838 in?ﬁ“iii”ﬁﬂf§f§l‘39i°¥e
1588 5767 1800 5838 ηοηάυξη
1833 5770 2082 5838 impressa.

625 5792 637 5797 _
904 5807 914 5817 .
959 5792 1094 5798 __.__.
1129 5792 1234 5822 ἰν...
1267 5792 1558 5810 νωιυυωυυῡ
1590 5792 1800 5816 ιιυυυυιιι
1833 5792 2066 5834 unpressa

503 5792 565 5843 ad
588 5799 740 5870 ι
766 5817 816 5873 ιι,
836 5811 886 5854 et
903 5821 949 5855 in
977 5812 1175 5861 exordio
1188 5821 1426 5869 sermonis
1445 5825 1790 5888 subsequentis
1804 5816 2088 5901 (Karthagine

507 5867 812 5901 manumanu-

504 5867 812 5919 pronuntiati.

1778 396 1832 452 S.
1872 395 2240 457 AUGUSTINI
2281 395 2583 454 EPJSCOPI

3679 405 3817 468 ιδςε

2228 511 2390 566 verba
2433 519 2588 578 sunt,
2636 509 2737 565 Per
2764 510 2888 582 quid
2926 526 3224 583 cognoscam
3263 513 3397 570 hoc?
3423 524 3513 586 et,
3549 515 3815 585 Quomodo

2228 603 2312 671 ﬁet
2336 603 2500 656 istud?
2516 601 2624 658 Sed
2649 617 2771 658 eum
2796 603 2886 673 qui
2911 605 3070 659 verba
3102 605 3352 662 audiebat
3375 617 3431 663 et
3453 625 3549 664 cor
3578 614 3810 686 videbat,

2228 711 2335 751 non
2362 697 2576 752 iatebat.
2611 697 2668 752 in
2696 698 2972 770 utriusque
2998 701 3176 756 verbis
3201 704 3450 774 cogitatio
3475 705 3697 774 latebat;
3723 713 3814 768 sed

2227 788 2490 855 homines,
2523 805 2629 844 non
2654 791 2897 862 angelum
2925 793 3122 850 latebat
3150 809 3164 846 :
3200 794 3308 850 imo
3332 811 3436 852 non
3465 782 3668 854 latebat
3690 817 3811 858 eum

2225 881 2314 951 qui
2339 881 2654 950 loquebatur
2678 897 2774 953 per
2794 885 3062 954 angelum.
3092 885 3371 942 Postremo
3393 890 3636 946 nascitur
3658 892 3815 950 Joan-

2224 989 2321 1030 nes
2339 1016 2355 1040 ,
2386 974 2512 1029 dum
2538 975 2647 1046 jam
2669 976 2762 1031 lux
2788 977 3077 1045 minuitur,
3109 988 3164 1034 et
3187 995 3292 1035 nox
3317 981 3502 1053 incipit
3527 1000 3811 1045 crescere:

2223 1066 2463 1122 nascitur
2486 1067 2764 1134 Christus,
2796 1068 2924 1123 dum
2959 1085 3069 1126 nox
3094 1073 3287 1143 accipit
3311 1073 3690 1132 detrimentum
3710 1121 3726 1144 ,
3762 1091 3812 1136 et

2221 1154 2338 1212 dies
2377 1166 2738 1228 augmentum.
2770 1158 2837 1214 Et
2864 1167 3115 1232 tanquam
3143 1162 3247 1218 hoc
3272 1165 3480 1234 signum
3521 1169 3809 1232 nativitatis

2220 1247 2497 1303 amborum
2519 1247 2753 1306 Joannes
2779 1251 2893 1322 ipse
2915 1253 3226 1323 respiciens,
3259 1255 3387 1311 dicit
3417 1275 3432 1311 :
3466 1256 3629 1313 Illum
3663 1279 3812 1331 opor-

2220 1345 2289 1392 tet
2325 1355 2542 1395 crescere
2562 1381 2577 1406 ,
2609 1357 2690 1396 me
2729 1351 2899 1397 autem
2933 1344 3089 1398 minui
3125 1343 3302 1416 (Joan.
3333 1363 3422 1413 in,
3456 1349 3569 1419 50).
3603 1351 3808 1422 Propo-

2219 1430 2423 1484 suimus
2451 1431 2765 1501 inquirenda
2786 1473 2801 1498 ,
2844 1441 2899 1488 et
2933 1433 3267 1492 discutienda
3295 1438 3642 1508 praediximus
3673 1459 3688 1494 :
3719 1443 3807 1498 sed

2221 1519 2322 1576 hoc
2345 1521 2666 1590 praelocutus
2689 1537 2806 1577 sum
2828 1561 2844 1590 ,
2879 1531 2932 1579 et
2955 1525 3001 1580 si
3027 1526 3272 1583 omnibus
3303 1532 3430 1584 tanti
3460 1533 3703 1602 mysterii
3739 1533 3810 1588 si-

2219 1611 2378 1667 nibus
2405 1613 2804 1681 perscrutandis
2829 1629 2933 1668 non
2971 1615 3283 1685 sufficimus,
3314 1620 3393 1674 vel
3420 1619 3692 1688 facultate,
3729 1624 3806 1679 vel

2219 1712 2481 1775 tempore;
2499 1707 2687 1761 melius
2702 1721 2794 1762 vos
2807 1707 3017 1763 docebit
3033 1710 3120 1779 qui
3141 1710 3374 1780 loquitur
3388 1712 3443 1767 in
3459 1714 3632 1779 vobis,
3647 1717 3803 1771 etiam

2215 1793 2523 1850 absentibus
2550 1797 2721 1862 nobis,
2748 1813 2907 1866 quem
2936 1799 3021 1868 pie
3046 1801 3480 1873 cogitatis,quem
3508 1805 3676 1861 corde
3692 1822 3806 1863 sus-

2215 1885 2449 1955 cepistis,
2472 1885 2626 1954 cujus
2650 1888 2845 1956 templa
2869 1888 2993 1943 facti
3014 1891 3161 1946 estis.

2285 1975 2343 2030 2.
2375 1975 2603 2031 Joannes
2624 1966 2829 2048 quidam
2868 1981 3011 2037 limes
3035 1983 3213 2037 veteris
3249 1992 3297 2038 et
3321 1987 3438 2040 novi
3475 1986 3799 2045 Testamcnti.

2213 2064 2340 2121 Ideo
2365 2075 2413 2122 et
2435 2067 2500 2123 de
2523 2070 2723 2126 senibus
2746 2071 2970 2126 nascitur
2987 2113 3003 2139 ,
3035 2082 3081 2127 et
3101 2075 3156 2129 in
3179 2085 3317 2130 utero
3341 2079 3580 2134 exsultat.
3605 2081 3802 2137 Zacha-

2212 2158 2305 2212 τίω
2341 2176 2397 2214 os
2426 2160 2569 2231 prius
2608 2162 2870 2229 clausum,
2903 2173 2950 2218 et
2988 2173 3102 2235 post
3139 2176 3390 2235 apertum.
3421 2169 3648 2226 Videtur
3675 2189 3802 2244 ergo

2210 2249 2445 2309 Joannes
2467 2253 2776 2324 interjectus
2793 2257 3006 2326 quidam
3025 2258 3179 2315 limes
3194 2260 3658 2320 Testamentornm
3675 2267 3802 2322 duo.

2212 2360 2332 2401 rum
2353 2387 2368 2413 ,
2398 2349 2593 2402 veteris
2633 2359 2688 2404 et
2727 2351 2870 2404 novi.
2899 2350 3028 2405 Nam
3067 2367 3188 2407 eum
3221 2369 3372 2420 esse,
3407 2366 3465 2411 ut
3488 2357 3639 2428 dixi,
3666 2375 3800 2430 quo-

2211 2438 2332 2493 dam
2362 2440 2521 2492 modo
2549 2441 2769 2496 limitem
2796 2443 3052 2499 Dominus
3081 2445 3194 2516 ipse
3216 2454 3440 2503 testatur
3456 2449 3646 2506 dicens
3663 2469 3677 2504 :
3697 2451 3800 2508 Le:

2209 2539 2257 2584 et
2277 2529 2547 2600 Pmphetw
2567 2549 2720 2602 usque
2735 2534 2803 2585 ad
2819 2533 3068 2588 Joannem
3089 2535 3368 2608 Baptistam
3388 2539 3537 2611 (Luc.
3558 2559 3666 2608 xvr,
3688 2543 3796 2616 16).

2211 2617 2446 2674 Sustinet
2472 2637 2599 2689 ergo
2627 2638 2905 2691 personam
2930 2628 3224 2692 vetustatis,
3257 2639 3313 2684 et
3341 2633 3667 2699 praeconium
3696 2651 3796 2690 no-

2211 2711 2406 2766 vitatis.
2433 2711 2657 2782 Propter
2695 2728 2973 2782 personam
3008 2718 3320 2785 vetustatis,
3349 2720 3417 2776 de
3447 2723 3667 2778 senibus
3701 2742 3796 2779 na-

2210 2803 2410 2857 scitur:
2444 2815 2660 2873 propter
2683 2820 2964 2875 personam
2994 2810 3259 2876 novitatis,
3285 2811 3338 2866 in
3365 2814 3662 2872 visceribus
3688 2835 3800 2873 ma-

2208 2894 2304 2949 tris
2326 2895 2584 2964 pr0pheta
2611 2896 2931 2952 declaratur.
2953 2899 3197 2955 Nondum
3224 2903 3371 2958 enim
3398 2915 3553 2961 natus
3578 2909 3644 2962 ad
3671 2924 3798 2964 san-

2205 2995 2307 3044 ctze
2335 2987 2508 3042 Maria:
2533 2987 2841 3056 adventum,
2871 2993 3157 3048 exsultavit
3181 2995 3235 3050 in
3270 3004 3423 3052 utero
3450 3001 3656 3054 matris.
3679 3001 3794 3057 Jam

2208 3077 2280 3133 ibi
2307 3078 2610 3150 designatus
2635 3092 2750 3135 erat
2771 3121 2785 3146 ,
2817 3080 3125 3153 designatus
3155 3096 3442 3157 antequam
3471 3099 3627 3145 natus
3656 3108 3671 3144 :
3700 3107 3796 3147 (ιιι-

2201 3165 2290 3239 jus
2331 3184 2626 3239 praecursor
2663 3181 2805 3228 esset
2843 3174 3176 3242 ostenditur,
3209 3187 3496 3248 antequam
3525 3181 3591 3235 ab
3615 3197 3682 3236 eo
3715 3183 3798 3237 vi-

2205 3259 2439 3317 deretur.
2473 3262 2656 3317 Divina
2683 3274 2806 3318 sunt
2832 3265 2966 3332 hzcc,
2995 3275 3050 3321 et
3075 3283 3386 3324 mensuram
3417 3271 3664 3326 humana:
3693 3275 3798 3329 ira-

2206 3351 2422 3420 gilitatis
2443 3353 2722 3408 excedunt.
2756 3355 3035 3411 Postremo
3062 3359 3322 3427 nascitur,
3353 3363 3545 3430 accipit
3570 3379 3796 3434 nomen,

2207 3440 2382 3510 lingua
2411 3443 2634 3497 solvitur
2657 3447 2822 3514 patris
2851 3445 3001 3515 (Luc.
3031 3447 3094 3519 ι).
3126 3448 3286 3504 Refer
3311 3451 3455 3521 quod
3482 3451 3678 3508 factum
3714 3465 3798 3510 est

2205 3532 2271 3586 ad
2302 3533 2687 3604 signiﬁcantem
2729 3536 3012 3607 imaginem
3043 3555 3224 3595 rerum
3256 3559 3269 3593 :
3304 3550 3508 3598 tantum
3535 3545 3681 3614 quod
3720 3545 3799 3600 fa-

2203 3633 2345 3678 ctum
2375 3635 2547 3681 estne
2581 3642 2687 3682 non
2715 3627 2908 3683 factum
2938 3640 3091 3700 putes
3113 3673 3127 3696 ,
3158 3634 3408 3704 quoniam
3435 3636 3562 3705 quid
3595 3639 3799 3708 signiﬁ-

2202 3728 2351 3772 caret
2377 3717 2598 3773 forsitan
2635 3720 2804 3776 dices.
2847 3721 2958 3776 lloc
2982 3723 3122 3793 quod
3154 3724 3348 3781 factum
3392 3737 3511 3794 est,
3553 3731 3702 3785 refer
3727 3731 3794 3786 ad

2202 3805 2639 3876 signiﬁcationem
2683 3826 2861 3865 rerum
2882 3853 2897 3877 ,
2929 3821 2983 3867 et
3019 3814 3139 3869 vide
3166 3832 3413 3887 magnum
3454 3822 3792 3890 mysterium.

2201 3899 2484 3955 Zacharias
2511 3910 2670 3968 tacet,
2701 3912 2754 3957 et
2777 3904 2976 3959 amittit
3000 3921 3208 3973 vocem,
3240 3908 3414 3965 donec
3437 3910 3674 3969 Joannes
3696 3931 3795 3970 na-

2202 4001 2442 4046 sceretur
2459 4002 2768 4061 ‘praacursor
2792 3995 3037 4064 Domini,
3064 4007 3119 4052 et
3150 4001 3382 4069 aperiret
3417 4017 3625 4059 vocem.
3654 4006 3795 4074 Quid

2201 4091 2284 4139 est
2310 4084 2576 4140 silentium
2604 4086 2896 4154 Zachariae,
2927 4090 3026 4144 nisi
3056 4093 3332 4162 prophetia
3360 4095 3556 4164 latens,
3580 4107 3634 4153 et
3667 4110 3795 4155 ante

2201 4173 2632 4244 praedicationem
2652 4177 2844 4234 Christi
2865 4181 3093 4249 quodam
3116 4183 3274 4238 modo
3290 4188 3498 4242 occulta
3517 4202 3567 4244 et
3583 4191 3795 4247 clausa?

2200 4265 2451 4333 Aperitur
2480 4267 2620 4321 illius
2646 4267 2874 4323 adventu
2897 4310 2912 4336 ,
2945 4272 3086 4326 clara
3119 4273 3176 4327 lit
3200 4284 3426 4332 venturo
3451 4294 3516 4334 eo
3541 4281 3628 4349 qui
3662 4298 3793 4352 pro-

2203 4353 2536 4424 phetabatur.
2566 4356 2678 4411 lloc
2704 4366 2785 4412 est
2818 4362 3024 4429 apertio
3051 4363 3195 4420 vocis
3221 4365 3489 4422 Zacharize
3514 4370 3567 4424 in
3595 4373 3793 4427 nativi-

2201 4452 2307 4499 tate
2333 4444 2551 4500 Joannis
2570 4487 2584 4512 ,
2614 4447 2752 4516 quod
2779 4458 2861 4503 est
2885 4449 3132 4507 discissio
3162 4456 3263 4509 veli
3305 4457 3356 4510 in
3383 4473 3544 4515 crure
3569 4460 3785 4517 Christi.

2198 4533 2433 4589 Joannes
2457 4535 2500 4588 si
2529 4550 2586 4590 se
2610 4536 2780 4606 ipsum
2809 4541 3079 4596 nuntiaret
3101 4586 3116 4609 ,
3147 4545 3413 4602 Zachariae
3436 4565 3498 4604 os
3526 4567 3633 4606 non
3661 4570 3793 4623 ape-

2200 4627 2346 4682 riret.
2375 4627 2608 4684 Solvitur
2633 4630 2831 4699 lingua,
2861 4635 2983 4701 quia
3009 4639 3243 4692 nascitur
3267 4657 3368 4695 vox
3398 4660 3412 4697 :
3447 4659 3572 4700 nam
3598 4645 3791 4703 Joanni

2193 4715 2302 4787 jam
2325 4719 2699 4786 praenuntianti
2723 4722 3003 4779 Dominum
3027 4727 3223 4783 dictum
3249 4740 3351 4798 est,
3370 4731 3450 4787 Tu
3473 4737 3588 4804 quis
3611 4739 3704 4792 es.’
3727 4739 3794 4793 Et

2197 4809 2504 4878 respondit,
2535 4809 2646 4882 Ego
2688 4830 2800 4867 sum
2828 4831 2926 4871 vox-
2952 4819 3219 4877 clamantis
3250 4825 3299 4876 in
3328 4842 3493 4882 eremo
3524 4827 3708 4902 (Joan.
3739 4849 3790 4900 ι,

2195 4897 2284 4962 ea,
2317 4899 2429 4967 εδ).

2268 4989 2321 5043 '5.
2376 4989 2483 5046 νοω
2524 4991 2783 5062 Joannes,
2825 4997 3043 5055 Verbum
3090 5003 3337 5060 Christus.
3393 5007 3507 5064 Vox
3563 5011 3787 5068 Verbum

2199 5090 2393 5149 putata.
2420 5082 2533 5138 Vox
2556 5085 2809 5154 Joannes,
2840 5091 3097 5150 Dominus
3124 5107 3296 5151 autem
3320 5100 3372 5153 in
3399 5102 3654 5174 principio
3681 5118 3797 5162 erat

2206 5172 2421 5263 Yet-bum
2449 5176 2636 5246 (Ibid.,
2667 5179 2737 5252 Ι).
2762 5181 2993 5240 Joannes
3033 5204 3132 5242 vox
3172 5190 3237 5244 ad
3263 5201 3507 5263 tempus,
3541 5172 3794 5257 Christus

2195 5261 2429 5318 Verbum
2475 5266 2525 5320 in
2576 5270 2836 5340 principio
2876 5283 3153 5332 mternum.
3197 5279 3344 5336 Tolle
3370 5261 3629 5356 verbum,
3661 5290 3791 5360 quid

2195 5364 2277 5410 est
2297 5357 2440 5411 vox?
2466 5357 2565 5414 Ubi
2593 5362 2769 5419 nullus
2798 5375 2880 5421 est
2911 5365 3214 5426 intellectus
3233 5415 3248 5440 ,
3281 5373 3452 5431 inanis
3473 5389 3560 5434 est
3587 5357 3792 5453 strepi-

2197 5453 2300 5502 tus.
2324 5445 2438 5502 Vox
2464 5450 2581 5506 sine
2621 5455 2785 5510 verbo
2815 5472 2997 5513 aurem
3027 5462 3231 5530 pulsat,
3255 5479 3351 5520 cor
3387 5482 3498 5524 non
3534 5445 3791 5530 aediﬁcat.

2194 5535 2571 5596 Verumtamen
2611 5543 2663 5598 in
2693 5545 2807 5614 ipso
2836 5549 2999 5605 corde
3024 5562 3206 5608 nostro
3230 5555 3550 5615 :ediﬁcando
3589 5562 3792 5620 adver-

2194 5636 2367 5684 tamus
2386 5632 2626 5690 ordinem
2655 5652 2854 5693 rerum.
2877 5639 2932 5696 Si
2952 5643 3126 5713 cogito
3144 5647 3272 5716 quid
3290 5647 3468 5706 dicam
3487 5693 3503 5719 ,
3523 5653 3638 5722 jam
3665 5671 3793 5713 ver-

2194 5718 2315 5772 bum
2339 5729 2421 5774 est
2446 5721 2498 5775 in
2523 5725 2686 5780 corde
2715 5743 2836 5783 meo
2864 5746 2878 5783 :
2901 5732 2995 5786 sed
3019 5733 3161 5803 loqui
3189 5735 3256 5790 ad
3283 5746 3336 5793 te
3359 5718 3570 5807 volens,
3593 5760 3788 5814 quacro

2191 5811 2640 5877 quemadmodum
2669 5817 2738 5872 sit
2766 5821 2926 5876 etiam
2967 5823 3016 5876 in
3042 5825 3205 5881 corde
3230 5835 3353 5895 tuo,
3378 5833 3520 5900 quod
3559 5811 3676 5903 jam
3706 5847 3792 5894 est

2191 5900 2244 5956 in
2272 5915 2412 5961 meo.
2441 5905 2549 5962 ltoc
2588 5923 2832 5978 quaerens
2857 5915 3120 5986 quomodo
3138 5919 3208 5976 ad
3231 5929 3283 5979 te
3313 5900 3612 5999 perveniat,
3646 5939 3706 5988 et
3732 5932 3788 5988 in
