4102 6326
339 268 478 327 ιδεθ

336 381 499 439 corde
522 390 613 440 tuo
634 381 862 436 insideat
885 378 1105 434 verbum
1126 375 1269 449 quod
1286 375 1396 447 jam
1412 381 1493 430 est
1520 372 1573 427 in
1590 371 1753 426 corde
1776 383 1917 432 meo,

336 488 551 530 assumo
572 487 791 539 vocem,
817 480 871 528 et
907 478 1178 539 assumpta
1216 482 1346 523 voce
1375 467 1564 538 loquor
1602 462 1696 519 tibi
1721 478 1733 515 :
1758 474 1921 515 sonus

334 566 484 623 vocis
530 565 677 621 ducit
725 564 792 621 ad
837 574 890 620 te
936 564 1265 619 intellectum
1308 559 1572 616 verbizet
1618 572 1737 612 cum
1776 553 1839 608 ad
1870 560 1921 608 te

336 655 487 710 duxit
529 670 694 711 sonus
737 656 883 712 vocis
914 654 1240 710 intellectum
1286 651 1470 718 verbi,
1495 663 1659 706 sonus
1706 645 1919 718 quidem

336 748 451 818 ipse
474 748 795 818 pertransit;
822 747 1043 803 verbum
1065 756 1241 801 autem
1272 743 1414 815 quod
1442 742 1509 797 ad
1540 751 1590 797 te
1614 754 1779 796 sonus
1798 754 1923 810 per-

335 839 521 907 duxit,
549 840 658 910 jam
686 850 768 895 est
794 840 845 894 in
874 839 1034 895 corde
1060 848 1150 894 tuo
1168 878 1184 906 ,
1213 852 1313 894 nec
1338 835 1557 891 recessit
1596 849 1626 888 a
1652 847 1793 887 meo.
1824 830 1925 885 So-

337 948 437 987 nus
462 946 589 1002 ergo
612 973 626 997 ,
657 939 928 988 transacto
969 929 1134 986 verbo
1176 929 1244 985 ad
1273 938 1350 994 te,
1384 942 1558 983 nonne
1585 925 1678 980 tibi
1713 922 1925 978 videtur

335 1022 515 1078 dicere
543 1038 707 1078 sonus
742 1022 856 1094 ipse
878 1064 893 1089 ,
923 1021 1083 1078 Illum
1126 1030 1318 1093 Oportet
1360 1035 1609 1083 crescere,
1637 1034 1717 1070 me
1759 1023 1924 1068 autem

336 1113 536 1166 minui?
559 1113 734 1170 Souus
764 1115 908 1169 vocis
937 1114 1163 1184 strepuit
1192 1114 1243 1167 in
1271 1109 1624 1165 ministerium
1646 1148 1659 1171 ,
1688 1116 1743 1161 et
1770 1104 1921 1173 abiit,

336 1208 706 1278 quasidiccns,
728 1207 841 1262 Hoc
868 1208 1111 1280 gaudium
1140 1222 1306 1260 meum
1330 1205 1632 1273 completum
1648 1208 1722 1255 est
1738 1197 1919 1271 (Joan.

336 1314 423 1363 ιιι,
456 1298 525 1354 50
550 1341 564 1365 ,
592 1299 707 1369 29).
738 1300 968 1355 Verbum
1004 1309 1280 1354 teneamus
1301 1336 1316 1360 ,
1345 1294 1575 1349 verbum
1616 1289 1924 1345 medullitus

337 1400 651 1461 conceptum
682 1407 786 1446 non
836 1392 1160 1446 amittamus.
1202 1388 1293 1443 Vis
1337 1387 1519 1443 videre
1548 1399 1731 1439 vocem
1777 1392 1925 1437 tran-

337 1491 578 1536 seuntem
598 1524 612 1549 ,
636 1491 690 1537 et
708 1482 865 1537 Verbi
893 1482 1227 1537 divinitatem
1252 1479 1598 1536 manentem?
1626 1477 1926 1546 Baptismus

336 1572 559 1628 Joannis
602 1574 760 1630 modo
792 1574 880 1629 ubi
929 1575 1049 1630 est?
1078 1572 1427 1640 Ministravit,
1455 1581 1510 1627 et
1552 1570 1700 1624 abiit.
1730 1567 1926 1623 Christi

337 1678 477 1718 nunc
495 1663 797 1733 Baptismus
819 1664 1201 1735 frequentatur.
1225 1663 1422 1719 Omnes
1447 1663 1499 1717 in
1520 1660 1788 1717 Christum
1812 1674 1928 1713 cre-

337 1753 542 1821 dimus,
567 1756 791 1811 salutem
823 1757 874 1811 in
902 1757 1117 1813 Christo
1137 1772 1413 1827 speramus
1437 1774 1449 1810 :
1474 1755 1576 1810 hoc
1599 1756 1776 1809 sonuit
1801 1769 1923 1807 vox.

337 1843 468 1899 Nam
496 1848 616 1916 quia
642 1848 946 1905 discernere
973 1849 1190 1904 difficile
1232 1860 1314 1904 est
1354 1864 1384 1903 a
1424 1864 1556 1904 voce
1587 1847 1805 1903 verbum
1826 1890 1841 1915 ,
1873 1855 1928 1904 et

339 1938 452 2009 ipse
480 1939 712 1996 Joannes
738 1952 951 2012 putatus
975 1951 1057 1998 est
1076 1942 1341 1997 Christus.
1370 1942 1481 1996 Vox
1504 1941 1721 1995 verbum
1748 1949 1927 2009 putata

338 2042 456 2088 est:
486 2034 577 2089 sed
618 2036 830 2105 agnovit
855 2052 912 2090 se
947 2050 1082 2100 vox,
1115 2051 1182 2089 ne
1210 2034 1505 2090 offenderet
1534 2034 1773 2088 verbum.
1807 2033 1928 2088 Non

339 2138 474 2188 sum,
506 2123 694 2193 inquit,
717 2122 965 2190 Christus,
986 2142 1075 2178 nec
1093 2123 1259 2191 Elias,
1280 2142 1368 2179 nec
1393 2129 1656 2196 propheta.
1678 2125 1929 2195 Respon-

339 2230 454 2268 sum
481 2223 563 2268 cst
584 2256 597 2278 ,
627 2214 705 2267 Tu
748 2233 865 2287 ergo
891 2217 1003 2286 quis
1028 2217 1121 2270 es?
1143 2215 1253 2287 Ego
1292 2233 1405 2271 sum
1425 2258 1439 2282 ,
1473 2216 1669 2285 inquit,
1700 2232 1797 2270 vox
1817 2217 1928 2270 cla-

339 2309 522 2362 mantis
560 2309 613 2362 in
638 2326 801 2363 eremo
823 2351 836 2374 ,
866 2309 1056 2364 Parate
1092 2311 1223 2363 viam
1250 2308 1468 2363 Domino
1493 2307 1605 2377 (Id.
1636 2325 1651 2362 ι
1674 2351 1689 2375 ,
1712 2307 1925 2379 20-25).

348 2397 460 2452 Vox
483 2399 748 2453 clamantis
773 2402 822 2454 in
848 2417 1036 2466 eremo,
1063 2416 1165 2455 vox
1187 2399 1481 2469 rumpentis
1507 2399 1795 2454 silentium.
1823 2398 1931 2452 Pa-

340 2499 447 2543 rate
473 2491 600 2543 viam
626 2488 850 2545 Domino
871 2533 887 2558 ,
919 2500 1171 2561 tanquam
1211 2490 1440 2555 diceret,
1465 2490 1574 2559 Ego
1615 2488 1734 2544 ideo
1760 2503 1892 2547 sono
1911 2531 1927 2558 ,

341 2590 398 2635 ut
427 2581 573 2635 illum
604 2582 656 2636 iu
680 2597 773 2637 cor
800 2582 1132 2637 introducam
1158 2600 1170 2635 :
1196 2580 1289 2637 sed
1316 2598 1421 2651 quo
1452 2580 1787 2637 introducam
1818 2596 1925 2635 non

342 2673 590 2743 dignatur
642 2675 859 2740 venire,
909 2675 1007 2731 nisi
1058 2676 1195 2729 viam
1243 2676 1577 2746 prmparetis.
1632 2674 1770 2744 Quid
1815 2684 1929 2743 est,

350 2763 497 2819 Viam
543 2777 755 2837 parate;
797 2769 929 2837 nisi,
979 2784 1213 2839 congrue
1260 2768 1589 2838 supplicate?
1627 2769 1761 2836 Quid
1812 2780 1929 2835 est,

357 2856 496 2911 Viam
527 2870 737 2928 parate;
771 2860 903 2925 nisi,
937 2860 1208 2915 humiliter
1246 2861 1512 2931 cogitate?
1540 2860 1623 2915 Ab
1650 2861 1765 2931 ipso
1792 2864 1934 2915 acci-

345 2951 451 3021 pite
477 2950 790 3007 humilitatis
816 2954 1140 3023 exemplum.
1165 2954 1385 3009 Putatur
1413 2952 1654 3009 Christus
1674 2996 1689 3022 ,
1720 2954 1847 3010 dicit
1870 2969 1932 3010 se

345 3057 447 3097 non
477 3058 595 3098 esse
625 3044 761 3113 quod
794 3052 1026 3114 putatur,
1059 3060 1159 3099 nec
1200 3044 1268 3098 ad
1310 3060 1465 3100 suum
1503 3045 1697 3100 fastum
1729 3047 1745 3076 ί
1776 3060 1933 3101 erro-

345 3149 455 3187 rem
488 3135 705 3188 assumit
732 3135 983 3190 alienum.
1015 3135 1073 3191 Si
1094 3135 1332 3202 diceret,
1364 3136 1476 3207 Ego
1504 3151 1622 3191 sum
1650 3137 1931 3205 Christus;

345 3238 503 3291 quam
525 3224 769 3280 facillime
790 3226 1115 3291 crederetur,
1143 3227 1231 3296 qui
1257 3237 1540 3297 antequam
1569 3229 1792 3295 diceret,
1815 3244 1934 3285 cre-

345 3317 607 3372 debatur?
636 3319 750 3372 Non
791 3319 923 3373 dixit
950 3338 961 3373 :
990 3321 1209 3390 agnovit
1239 3335 1297 3374 se
1319 3362 1333 3385 ,
1361 3320 1603 3375 distinxit
1631 3337 1687 3375 se
1708 3361 1723 3385 ,
1756 3321 1934 3375 humi-

348 3409 491 3463 liavit
537 3426 613 3465 se.
670 3410 811 3465 Vidit
856 3410 943 3465 ubi
990 3409 1214 3465 haberet
1256 3410 1479 3466 salutem
1510 3427 1522 3462 :
1553 3411 1829 3466 lucernam
1876 3428 1935 3469 se

349 3500 639 3566 intellexit,
672 3510 726 3556 et
760 3516 829 3555 ne
878 3501 1519 3571 exstingueretunvento
1561 3503 1824 3573 superbiae
1871 3505 1938 3558 ti-

348 3592 500 3646 muit.

417 3684 472 3737 4.
513 3681 617 3737 Cur
662 3691 813 3739 tantae
855 3685 1036 3756 gratiis
1078 3683 1227 3739 homo
1274 3684 1485 3753 missus,
1530 3687 1616 3756 qui
1659 3684 1936 3756 perhiberet

352 3776 690 3829 testimonium
719 3774 937 3830 Christo.
960 3776 1085 3832 Hzec
1112 3778 1254 3831 enim
1281 3776 1558 3846 dispositio
1588 3776 1781 3846 placuit
1804 3778 1933 3844 Deo,

354 3875 409 3921 ut
436 3875 593 3920 tantm
620 3868 803 3936 gratia:
837 3868 997 3921 homo
1040 3868 1401 3923 testimonium
1443 3867 1748 3937 perhiberet
1780 3867 1936 3923 Chri-

352 3966 433 4009 sto
453 3998 467 4021 ,
501 3958 588 4025 qui
617 3966 796 4026 posset
827 3960 995 4026 putari
1017 3958 1279 4013 Christus.
1314 3959 1550 4029 Denique
1588 3959 1639 4012 in
1667 3960 1800 4013 natis
1825 3976 1937 4013 mu-

354 4048 551 4114 lierum,
582 4050 715 4103 sicut
736 4050 869 4103 dixit
898 4050 1010 4119 ipse
1042 4049 1287 4105 Christus
1307 4094 1321 4118 ,
1347 4069 1490 4106 nemo
1519 4054 1795 4107 exsurrexit
1824 4070 1934 4107 ma-

355 4142 432 4200 ior
456 4141 657 4194 Joanne
700 4142 931 4213 Baptista
958 4143 1168 4213 (Matth.
1207 4162 1296 4212 XI,
1334 4146 1445 4216 11).
1487 4146 1542 4202 Si
1584 4147 1683 4200 hoc
1722 4145 1937 4202 homine

356 4235 531 4287 nullus
568 4244 681 4289 erat
710 4237 881 4305 major
903 4236 1064 4290 homo
1084 4278 1097 4301 ,
1130 4238 1219 4306 qui
1249 4238 1419 4307 major
1447 4249 1526 4293 est
1558 4239 1649 4293 illo
1671 4281 1684 4305 ,
1710 4240 1826 4309 plus
1855 4248 1939 4295 est

356 4340 511 4393 quam
537 4324 717 4380 homo.
738 4327 982 4397 Magnum
1012 4329 1375 4382 testimonimn
1402 4328 1603 4383 Christi
1626 4330 1692 4385 de
1715 4346 1773 4385 se
1799 4332 1935 4400 ipso,

354 4415 447 4469 sed
480 4415 819 4485 lippientibus
858 4426 913 4472 et
951 4417 1178 4472 infirmis
1203 4419 1370 4472 oculis
1398 4435 1582 4488 parum
1609 4422 1675 4476 de
1705 4436 1762 4475 se
1786 4420 1936 4475 testi-

357 4508 544 4563 ﬁcatur
568 4509 682 4565 dies
712 4512 753 4563 ’.
784 4510 981 4565 Infirmi
1006 4511 1146 4565 oculi
1174 4511 1313 4565 diem
1342 4521 1731 4581 expavescunt,
1764 4512 1939 4567 lucer-

359 4614 478 4652 nam
518 4599 710 4654 ferunt.
755 4601 878 4657 ldeo
904 4603 1165 4671 prtemisit
1206 4604 1476 4658 lucernam
1507 4604 1622 4658 dies
1660 4614 1934 4660 venturus.

358 4689 459 4743 Sed
493 4690 545 4743 in
573 4692 733 4745 corda
762 4693 993 4748 fidelium
1019 4696 1288 4749 lucernam
1312 4697 1587 4766 praemisit,
1618 4697 1685 4750 ad
1712 4696 1930 4750 confun-

359 4779 530 4833 denda
590 4781 748 4835 corda
803 4782 1113 4837 infidelium.
1172 4782 1393 4851 Paravi,
1442 4786 1642 4855 inquit,
1685 4787 1939 4840 lucernam

361 4869 560 4925 Christo
601 4888 709 4924 meo
734 4886 751 4925 :
773 4871 913 4926 Deus
958 4873 1113 4927 Pater
1144 4874 1197 4927 in
1230 4874 1500 4944 prophetia
1548 4876 1802 4944 loquens,
1834 4874 1942 4929 Pa-

360 4966 466 5017 ravi
493 4965 747 5017 lucernam
777 4965 975 5018 Christo
998 4982 1105 5019 meo
1130 4981 1147 5019 :
1172 4965 1426 5020 Joannem
1456 4966 1714 5021 Salvatori
1739 4982 1942 5037 praeco-

364 5073 517 5123 nem,
545 5057 711 5125 judici
766 5072 1154 5126 prsecursorem
1204 5069 1459 5125 venturo,
1490 5061 1666 5117 futuro
1712 5063 1942 5117 amicum

361 5164 575 5220 sponso.
609 5148 797 5203 Paravi
816 5191 829 5213 ,
861 5149 1059 5219 inquit,
1094 5150 1348 5204 lucernam
1378 5151 1576 5207 Christo
1611 5170 1742 5207 meo.
1771 5153 1943 5222 Quare

363 5243 598 5312 parasti?
628 5240 864 5297 Inimicos
888 5245 995 5314 ejus
1027 5244 1233 5296 induam
1257 5246 1548 5315 confusione
1569 5261 1587 5299 :
1607 5262 1758 5318 super
1779 5248 1945 5318 ipsum

364 5344 527 5387 autem
556 5335 755 5405 ﬂorebit
783 5336 1116 5403 sanctiﬁcatio
1142 5350 1253 5388 mea
1285 5334 1453 5403 (Psal.
1485 5353 1679 5403 cxxxr,
1710 5338 1796 5405 i7,
1832 5338 1943 5411 18).

366 5426 642 5492 Quomodo
671 5444 763 5497 per
792 5427 926 5482 hanc
954 5428 1223 5482 lucernam
1256 5428 1455 5484 inimici
1486 5431 1600 5497 ejus
1630 5429 1792 5484 induti
1825 5442 1948 5486 sunt

366 5520 710 5576 confusione?
742 5523 1087 5590 Evangelium
1114 5532 1527 5592 perscrutcmur.
1553 5524 1949 5580 Calumniantes

432 5655 447 5721 ξ
476 5655 634 5717 vign.,
658 5656 853 5721 factum.
880 5658 1051 5721 Verius
1072 5664 1200 5720 Mss,
1227 5658 1399 5721 [mlum

428 5716 449 5747 ι
472 5716 598 5779 nas,
623 5716 915 5785 Jitstiﬁcalur
938 5719 1058 5775 dies.

1697 254 1925 313 SERMO
1960 250 2227 308 CCXCIIII.

3476 258 3616 322 £350

2030 365 2198 422 JUdil‘i
2230 368 2455 423 Domino
2496 368 2778 435 dixerunt,
2807 366 2873 423 In
2896 385 2997 440 qua
3034 378 3277 442 potestate
3312 372 3409 427 ista
3447 377 3618 444 facis?

2028 460 2094 538 ‘Si
2123 472 2176 515 tu
2205 480 2255 517 es
2278 464 2525 529 Christus,
2549 466 2631 519 dic
2659 466 2799 520 nobis
2822 466 3010 536 palam.
3034 465 3261 523 Causam
3282 468 3612 540 quaerebant,

2032 568 2135 607 non
2205 555 2398 621 fidem;
2450 557 2589 612 unde
2640 558 3036 625 insidiarentur,
3084 575 3191 617 non
3238 559 3379 619 unde
3420 561 3618 617 libera-

2030 656 2233 702 rentur.
2284 650 2519 721 Dcniqne
2568 653 2655 722 qui
2712 652 2873 707 corda
2919 668 3102 709 eorum
3156 654 3317 722 vidit,
3357 655 3616 713 attendite

2030 740 2155 809 quid
2212 742 2487 811 reSpondit
2540 746 2855 800 confusurus
2908 760 3002 801 eos
3054 746 3121 801 de
3171 748 3407 803 lucerna.
3444 748 3615 804 Inter-

2029 847 2151 901 rogo
2170 874 2185 899 ,
2214 832 2414 901 inquit,
2452 835 2602 889 etiam
2630 853 2713 891 vos
2740 854 2897 891 unum
2922 855 3201 894 sermonem
3228 856 3247 894 .'
3268 840 3433 895 Dicite
3452 842 3612 907 mihi,

2028 921 2294 994 Baptisma
2318 922 2536 979 Joannis
2575 928 2707 981 unde
2746 930 2858 983 est?
2884 929 2945 983 de
2985 930 3143 996 coelo,
3175 947 3241 983 an
3288 948 3350 985 ex
3394 932 3615 986 homini-

2030 1014 2160 1069 bus?
2205 1016 2281 1069 llli
2335 1018 2586 1073 continuo
2630 1022 2963 1089 repercussi,
2993 1031 3046 1077 et
3093 1024 3333 1092 quamvis
3385 1026 3616 1081 tenuiter

2031 1109 2271 1164 radiante
2330 1109 2445 1177 die,
2502 1110 2569 1164 ad
2620 1111 2939 1180 palpandum
2997 1114 3301 1183 compulsi,
3360 1116 3613 1185 quoniam

2031 1202 2325 1256 claritatem
2366 1203 2509 1256 illam
2540 1204 2801 1271 speculari
2843 1219 2947 1258 non
2977 1215 3221 1274 poterant
3242 1247 3256 1269 ,
3288 1206 3353 1260 ad
3380 1206 3462 1260 sui
3491 1223 3615 1262 cor-

2031 1292 2112 1347 dis
2139 1294 2386 1349 tenebras
2414 1293 2800 1365 confugerunt,
2832 1305 2885 1351 et
2934 1298 3004 1350 ibi
3048 1314 3229 1353 secum
3274 1298 3475 1354 turbari
3504 1316 3616 1356 caa-

2032 1395 2255 1456 peruut,
2298 1387 2626 1443 oﬂ‘eudeutes
2680 1398 2734 1444 et
2786 1400 3021 1444 ruentes.
3074 1391 3135 1446 Si
3178 1392 3483 1459 dixerimus,
3534 1394 3616 1448 iu-

2032 1478 2216 1545 quiunt
2241 1497 2252 1530 :
2279 1478 2380 1533 hoc
2421 1480 2557 1548 apud
2603 1494 2661 1535 se
2706 1480 2848 1548 ipsos
2868 1520 2881 1544 ,
2906 1480 2994 1533 ubi
3024 1481 3359 1550 cogitabant,
3391 1482 3483 1537 sed
3510 1498 3617 1553 quo

2034 1567 2121 1622 ille
2168 1570 2417 1623 cernebat
2447 1588 2457 1622 :
2490 1570 2550 1624 Si
2600 1571 2905 1636 dixerimus,
2937 1570 3210 1640 inquiunt,
3236 1572 3312 1627 De
3354 1575 3475 1628 cocto
3513 1583 3618 1641 est;

2034 1660 2163 1712 dicet
2189 1660 2327 1715 nobis
2348 1702 2362 1726 ,
2394 1662 2564 1726 Quare
2602 1679 2719 1732 ergo
2749 1679 2849 1715 non
2873 1662 3153 1715 credidistis
3197 1664 3281 1715 ei?
3312 1663 3425 1733 Ipse
3474 1666 3617 1719 enim

2034 1752 2394 1807 testiinonium
2440 1752 2783 1824 perhibuerat
2825 1752 3037 1809 Christo
3081 1754 3320 1807 Domino.
3357 1756 3417 1809 Si
3452 1766 3619 1810 autent

2034 1838 2341 1903 dixerimus,
2382 1838 2457 1890 Ab
2497 1838 2815 1902 hominibus;
2856 1839 3081 1908 lupidant
3124 1855 3215 1891 nos
3260 1841 3435 1909 populi
3456 1840 3618 1909 :quia

2034 1929 2291 2000 prepheta
2336 1945 2559 1999 magnus
2601 1930 2834 1985 Joannes
2875 1930 3185 1984 habebatur.
3237 1930 3304 1986 Et
3340 1930 3616 1998 dixerunt,

2036 2019 2327 2073 Nescimus.
2372 2019 2596 2075 Nescitis
2630 2037 2643 2074 :
2676 2020 2726 2073 iu
2779 2022 3011 2075 tenebris
3052 2022 3216 2085 estis,
3246 2022 3421 2075 lumen
3466 2022 3621 2076 amit-

2035 2112 2165 2167 titis.
2229 2112 2437 2179 Quanto
2501 2114 2645 2167 enim
2694 2112 2915 2180 melius,
2974 2114 3018 2167 si
3082 2113 3216 2168 forte
3282 2114 3517 2168 tenebrae
3566 2114 3622 2176 in

2035 2203 2197 2259 corde
2251 2202 2483 2257 humano
2535 2214 2840 2269 versantur,
2873 2205 3083 2259 lumen
3141 2204 3451 2271 admittere,
3510 2220 3622 2262 non

2035 2296 2298 2350 amittere.
2354 2294 2451 2350 Ubi
2501 2294 2782 2363 dixerunt,
2840 2294 3162 2349 Nescimus:
3207 2297 3280 2350 ait
3328 2297 3618 2367 Dominus,

2038 2386 2151 2443 Nec
2188 2404 2277 2457 ego
2308 2387 2419 2439 dico
2457 2386 2592 2440 vobis
2620 2387 2673 2440 in
2701 2403 2801 2456 qua
2834 2396 3074 2457 potestate
3112 2388 3208 2440 ista
3248 2389 3380 2458 facio
3404 2387 3619 2457 (Matth.

2037 2493 2171 2545 xxi,
2218 2475 2445 2549 23-27).
2490 2477 2612 2533 Scio
2657 2478 2801 2533 enim
2844 2494 2949 2549 quo
2989 2478 3151 2534 corde
3192 2478 3467 2547 dixeritis,
3507 2478 3622 2534 Ne-

2036 2574 2250 2642 scimus,
2300 2589 2408 2629 non
2456 2572 2697 2628 volentes
2749 2572 2964 2641 doceri,
3009 2572 3103 2629 sed
3157 2574 3407 2630 timentes
3448 2574 3621 2630 conti-

2039 2665 2160 2720 teri.

2108 2758 2163 2813 5.
2192 2757 2418 2814 Christus
2448 2757 2581 2811 Deus
2602 2758 2759 2813 latens
2784 2758 2837 2813 in
2858 2775 3027 2812 carne.
3051 2757 3176 2814 Haec
3204 2758 3379 2817 divina
3409 2759 3622 2830 dispen-

2041 2852 2210 2919 satio;
2242 2860 2499 2923 quantum
2526 2853 2687 2909 homo
2709 2854 3026 2922 perscrutari
3050 2862 3257 2923 potest,
3289 2854 3477 2909 melior
3505 2870 3627 2909 me-

2040 2945 2164 3011 lius,
2184 2945 2400 3001 inferior
2416 2945 2665 3011 inferius;
2687 2944 2801 3001 haec
2826 2945 3004 3001 divina
3024 2946 3348 3016 dispensatio
3374 2961 3624 3017 maguum

2041 3037 2196 3094 nobis
2250 3038 2483 3093 insinuat
2536 3046 2950 3093 sacramentum.
3004 3037 3271 3095 Venturus
3318 3038 3460 3093 enim
3510 3050 3628 3093 erat

2041 3128 2285 3186 Christus
2310 3123 2367 3185 in
2385 3146 2546 3186 carne
2564 3172 2580 3199 ,
2604 3145 2711 3185 non
2733 3130 3052 3201 quicumque
3069 3171 3085 3196 ,
3117 3144 3221 3184 non
3244 3130 3485 3200 angelus,
3516 3145 3625 3185 non

2040 3223 2273 3293 legatus;
2294 3223 2387 3279 sed
2405 3224 2512 3293 ipse
2526 3224 2726 3277 veniens
2737 3222 2900 3275 salvos
2921 3222 3069 3293 faciet
3090 3238 3171 3276 eos
3188 3221 3235 3293 (l
3243 3221 3336 3275 sai.
3358 3237 3524 3289 xxxv,
3544 3220 3624 3292 4).

2040 3314 2156 3371 Non
2202 3324 2316 3370 erat
2361 3316 2678 3385 quicumque
2720 3324 3015 3370 venturus:
3042 3322 3097 3368 et
3139 3324 3313 3368 tamen
3356 3312 3625 3384 quomodo

2041 3418 2156 3463 erat
2198 3410 2489 3463 venturus?
2520 3407 2575 3462 ιιι
2620 3423 2782 3463 carne
2827 3408 3037 3462 mortali
3084 3408 3416 3474 nasciturus,
3450 3406 3624 3462 infans

2044 3501 2296 3570 parvulus
2326 3499 2558 3566 futurus,
2593 3501 2646 3554 in
2690 3500 2915 3570 priesepi
2944 3500 3220 3570 ponendus
3240 3541 3256 3569 ,
3283 3500 3434 3555 cunis
3457 3502 3625 3556 invol-

2042 3594 2246 3651 vendus
2265 3636 2279 3661 ,
2305 3594 2440 3650 lacte
2484 3594 2798 3649 nutriendus
2817 3634 2832 3659 ,
2861 3608 2956 3663 per
2984 3602 3170 3648 aetates
3196 3592 3497 3664 augendus,
3530 3608 3626 3664 po-

2046 3695 2247 3740 stremo
2274 3684 2433 3739 etiam
2460 3694 2633 3739 morte
2656 3684 3014 3755 pcrimendus.
3034 3684 3158 3739 Haec
3183 3698 3309 3755 ergo
3325 3685 3500 3739 omnia
3522 3685 3623 3740 hu-

2043 3777 2282 3831 militatis
2315 3776 2502 3831 indicia
2526 3786 2579 3830 et
2604 3776 2781 3830 nimia:
2804 3775 3115 3830 humilitatis
3140 3785 3221 3830 est
3249 3776 3437 3831 forma.
3462 3775 3626 3846 Cujus

2042 3869 2159 3925 haec
2196 3869 2501 3923 humilitas?
2526 3868 2753 3923 Excelsi.
2783 3868 2951 3934 Quam
2992 3867 3219 3923 excelsi?
3245 3867 3361 3923 Noli
3387 3884 3631 3938 quacrer

2045 3962 2096 4014 in
2128 3970 2288 4023 terra,
2319 3959 2631 4013 transcende
2657 3968 2710 4012 ct
2738 3960 2932 4013 sidera.
2956 3956 3087 4013 Cum
3114 3958 3180 4013 ad
3209 3960 3454 4015 caelestes
3474 3975 3630 4015 exet»

2044 4054 2179 4107 citus
2221 4052 2542 4123 Angelorum
2587 4053 2830 4118 veneris,
2857 4051 3041 4106 audies
3086 4052 3152 4105 ab
3195 4052 3306 4119 eis,
3338 4052 3525 4107 Transi
3571 4060 3627 4107 et

2045 4160 2161 4199 nos.
2192 4144 2322 4199 Cum
2364 4143 2573 4199 veneris
2616 4143 2681 4198 ad
2726 4132 2929 4207 Sedes,
2964 4143 3392 4208 Dominationcs,
3428 4143 3628 4198 Princi-

2046 4247 2230 4305 patus,
2282 4236 2612 4300 Potestates,
2663 4235 2879 4300 audies,
2934 4236 3123 4290 Transi
3167 4244 3217 4290 et
3269 4250 3400 4301 nos;
3430 4244 3483 4291 et
3526 4251 3626 4291 nos

2044 4328 2165 4382 facti
2194 4343 2377 4381 sumus
2402 4344 2415 4378 :
2449 4326 2632 4380 Omnia
2662 4343 2749 4397 per
2785 4331 2949 4397 ipsuut
2988 4330 3123 4397 facta
3147 4336 3281 4380 sunt.
3312 4326 3626 4382 Universum

2048 4421 2365 4477 transcende
2392 4432 2723 4485 creaturam;
2758 4420 3012 4490 quidquid
3038 4420 3309 4475 conditum
3339 4428 3442 4482 est,
3475 4420 3630 4490 quid‘
3694 4410 3699 4418 ’

2046 4514 2171 4585 quid
2194 4512 2491 4567 institutum
2510 4553 2524 4578 ,
2559 4512 2810 4581 quidquid
2841 4511 3111 4576 mutabile,
3135 4512 3247 4565 sive
3272 4526 3588 4581 corporeum
3606 4545 3627 4577 ο

2047 4608 2159 4661 sive
2190 4606 2559 4674 incorporeum
2581 4646 2594 4668 ,
2624 4613 2810 4657 cuncta
2853 4603 3187 4659 transcende.
3222 4602 3462 4657 Videndo
3490 4618 3629 4658 nou-

2046 4697 2172 4751 dum
2205 4706 2376 4766 potes,
2404 4695 2669 4750 credendo
2693 4695 3008 4749 transcende
3032 4712 3043 4747 :
3072 4694 3285 4764 perveni
3309 4694 3375 4747 ad
3404 4693 3630 4750 Creatoo

2048 4803 2194 4854 rem,
2228 4797 2281 4841 et
2326 4786 2536 4840 interim
2578 4784 2678 4839 fide
2720 4785 3070 4839 antecedente
3112 4792 3198 4849 te,
3229 4799 3349 4853 qua:
3390 4784 3630 4852 perducit

2050 4889 2102 4933 te
2122 4920 2137 4942 ,
2172 4878 2385 4947 perveni
2413 4877 2479 4932 ad
2508 4877 2834 4931 Creatorem.
2867 4875 2941 4929 lbi
2972 4874 3088 4929 vide
3107 4916 3122 4941 ,
3152 4872 3218 4927 In
3247 4876 3494 4945 principio
3525 4887 3629 4930 erat

2062 4971 2295 5024 Verbum.
2320 4971 2433 5024 Non
2461 4971 2600 5025 enim
2624 4969 2905 5039 aliquando
2931 4968 3124 5022 factum
3148 4978 3229 5023 est
3252 4986 3263 5021 :
3290 4969 3381 5023 scd
3411 4969 3461 5023 in
3486 4971 3630 5037 priu-

2052 5064 2192 5132 cipio
2235 5072 2367 5117 erat.
2414 5062 2528 5117 Non
2571 5062 2836 5132 quomodo
2881 5068 3155 5127 creatura,
3189 5060 3256 5131 de
3280 5077 3381 5131 qua
3412 5060 3625 5126 dicitur,

2052 5155 2118 5210 In
2149 5156 2398 5227 principio
2436 5157 2551 5225 fecit
2593 5156 2729 5210 Deus
2773 5153 2949 5208 caelum
2987 5164 3033 5208 et
3077 5165 3260 5208 terram
3298 5156 3447 5225 (Gen.
3473 5171 3518 5222 ι,
3550 5155 3627 5225 1).

2057 5249 2167 5302 lloc
2188 5249 2327 5319 quod
2356 5250 2407 5302 in
2438 5249 2695 5317 principio
2722 5256 2868 5313 erat,
2896 5264 2997 5301 nou
3021 5256 3102 5301 est
3127 5248 3337 5316 quando
3364 5264 3467 5302 non
3494 5257 3627 5302 crat.

2057 5343 2165 5397 lluc
2194 5358 2320 5413 ergo
2341 5343 2479 5413 quod
2502 5344 2553 5394 in
2577 5341 2823 5411 principio
2852 5330 2991 5406 erat,
3023 5350 3068 5394 et
3114 5340 3327 5395 Verbum
3361 5351 3470 5396 erat
3493 5342 3633 5412 apud

2055 5436 2233 5499 Deum,
2267 5448 2309 5488 ct
2344 5436 2511 5504 ipsum
2539 5431 2750 5485 Verbum
2770 5432 2904 5485 Deus
2925 5444 3028 5487 erat
3052 5449 3069 5485 :
3090 5443 3142 5487 et
3167 5434 3335 5486 omnia
3357 5450 3444 5503 per
3470 5438 3636 5503 ipsum

2056 5533 2191 5597 facta
2230 5538 2346 5582 sunt
2367 5568 2381 5589 ,
2411 5536 2456 5579 et
2494 5526 2601 5578 sine
2629 5525 2739 5594 ipso
2775 5530 2961 5595 factum
2984 5536 3053 5579 est
3096 5526 3221 5579 nihil
3243 5541 3261 5579 :
3280 5534 3335 5581 ct
3366 5529 3419 5580 in
3443 5543 3542 5597 quo
3562 5536 3636 5583 est

2056 5622 2154 5673 vita
2193 5619 2329 5689 quod
2369 5623 2559 5687 factum
2597 5627 2675 5683 est.
2706 5616 2882 5687 (Joan.
2908 5634 2957 5682 ι,
2986 5615 3119 5687 1-4),
3147 5618 3290 5672 venit
3314 5618 3379 5673 ad
3406 5632 3520 5673 nos.
3554 5618 3638 5674 Ad

2056 5712 2226 5787 quos?
2258 5710 2322 5766 ad
2371 5710 2594 5785 dignos?
2626 5711 2814 5768 Absit:
2845 5709 2938 5767 sed
2983 5709 3049 5766 ad
3099 5709 3364 5793 indignos.
3423 5710 3638 5770 Etenim
