4036 6500
433 429 673 490 Christus
709 447 806 505 pro
848 425 1015 504 impiis
1042 441 1271 486 mortuus
1299 439 1370 486 est
1395 429 1570 501 (Rom.
1601 445 1657 497 v,
1697 429 1777 499 6),
1809 437 1864 485 et
1892 427 2030 496 indi-

437 525 583 596 gnis,
603 523 929 592 sedﬁgmis.
961 521 1070 577 Nos
1098 521 1240 577 enim
1265 521 1464 594 indigni
1491 535 1714 590 quorum
1749 520 2025 574 miserere-

443 627 562 682 tur;
593 617 690 672 sed
723 617 915 686 dignus
957 616 1050 671 ille
1091 616 1180 686 qui
1219 616 1584 681 misereretur,
1615 613 1698 667 cui
1740 613 2030 680 diceretur,

443 708 664 778 Propter
689 709 1088 762 misericordiam
1117 717 1290 772 tuam,
1317 707 1559 772 Domine,
1591 705 1748 759 libera
1775 721 1886 758 nos.
1914 703 2032 758 Non

442 808 661 869 prepter
689 800 1041 868 prrecedentia
1068 810 1246 854 nostra
1280 801 1467 854 merita
1489 840 1503 864 ,
1537 797 1629 853 sed
1657 807 1860 869 propter
1881 797 2031 850 mise-

441 889 714 944 ricordiam
748 900 883 944 tuam
903 931 920 958 ,
944 889 1162 944 Domine
1184 933 1198 956 ,
1235 890 1391 944 libera
1418 906 1508 943 nos
1531 907 1550 954 ;
1579 899 1623 942 et
1654 889 1901 959 propitius
1930 881 2033 954 esto

442 984 664 1049 peccatis
696 983 878 1035 nostris
901 993 1105 1052 propter
1124 997 1303 1034 nomen
1333 993 1470 1034 (unm
1499 979 1669 1051 (Psal.
1701 995 1916 1046 Lxxvnt,
1951 978 2030 1048 9),

442 1089 550 1127 non
583 1087 798 1144 propter
826 1076 1071 1129 meritum
1105 1083 1363 1129 nostrum.
1391 1073 1521 1128 Nam
1547 1089 1650 1126 non
1678 1081 1894 1143 propter
1923 1088 2036 1126 mc-

443 1166 604 1219 ritum
634 1177 992 1234 peccatorum,
1022 1167 1115 1220 sed
1145 1176 1345 1236 propter
1372 1183 1551 1219 nomen
1583 1176 1742 1218 tuum.
1768 1164 1898 1218 Nam
1926 1178 2036 1218 me—

444 1257 606 1310 ritum
636 1268 968 1325 peccatorum
990 1300 1002 1320 ,
1028 1273 1130 1311 non
1164 1259 1346 1326 utique
1375 1257 1650 1327 prmmium
1673 1300 1688 1322 ,
1719 1256 1813 1310 sed
1839 1256 2010 1326 suppli

445 1349 606 1402 cium.
637 1349 778 1415 Ergo
808 1359 1010 1419 propter
1039 1366 1218 1402 nomen
1245 1358 1405 1402 tuum.
1439 1348 1574 1404 Ecce
1603 1349 1679 1424 ad
1698 1364 1831 1419 quos
1855 1347 2031 1415 venit,

445 1457 572 1496 ecce
597 1455 823 1510 quantus
855 1445 1017 1497 venit.
1049 1444 1125 1496 Ad
1159 1460 1254 1498 nos
1283 1445 1370 1498 ille
1399 1444 1666 1514 quomodo
1687 1445 1867 1500 venit?
1911 1443 2036 1499 Ver-

445 1534 563 1587 bum
604 1536 756 1602 plane
802 1553 920 1590 caro
971 1536 1161 1602 factum
1191 1545 1296 1598 est,
1325 1545 1384 1590 ut
1428 1535 1746 1590 inhabitaret
1789 1537 1842 1590 in
1882 1535 2036 1594 nobis

450 1624 626 1696 (Joan.
659 1642 709 1690 ι,
736 1626 849 1684 Hi.
883 1627 934 1680 Si
963 1628 1104 1680 enim
1138 1628 1189 1680 in
1230 1642 1321 1680 sua
1352 1627 1626 1681 divinitate
1669 1627 2035 1681 tantummodo

445 1716 684 1782 veniret,
730 1719 848 1787 quis
891 1734 1012 1772 eum
1061 1718 1262 1773 ferret?
1296 1718 1413 1787 quis
1466 1734 1586 1772 eum
1644 1719 1891 1787 caperet?
1918 1718 2036 1788 quis

447 1808 782 1877 susciperet?
808 1809 912 1862 Sed
944 1810 1174 1878 suscepit
1200 1808 1339 1878 quod
1371 1823 1468 1862 nos
1497 1823 1708 1863 eramus
1729 1851 1742 1875 ,
1775 1825 1840 1863 ne
1865 1824 2037 1863 rema-

447 1913 700 1952 neremus
725 1901 863 1968 quod
895 1915 1108 1953 eramus
1137 1919 1149 1954 :
1176 1901 1267 1955 sed
1296 1901 1433 1970 quod
1463 1917 1560 1954 nos
1583 1917 1795 1956 eramus
1824 1911 2030 1968 natura,

448 2004 554 2042 non
585 1990 758 2058 culpa.
789 1990 916 2057 Quia
949 1992 1088 2045 enim
1131 1992 1195 2045 ad
1229 1992 1470 2046 homines
1500 1992 1661 2046 homo
1681 2036 1695 2060 ,
1725 2010 1828 2046 non
1860 2002 2037 2048 tamen

449 2084 572 2152 quia
603 2085 666 2137 ad
703 2095 1015 2153 peccatores
1045 2095 1309 2155 peccator.
1345 2086 1418 2140 De
1447 2085 1654 2141 duobus
1681 2087 1813 2152 istis,
1848 2095 2038 2156 natura

447 2171 678 2228 humana
713 2183 768 2229 et
791 2176 942 2244 culpa
983 2175 1215 2230 humana
1243 2219 1255 2240 ,
1286 2192 1447 2229 unum
1477 2177 1746 2247 suscepit,
1776 2175 1918 2230 aliud
1949 2193 2036 2231 sa-

449 2267 615 2321 navit.
648 2266 780 2321 Nam
822 2268 865 2321 si
901 2268 1014 2337 ipse
1055 2270 1350 2338 susciperet
1395 2277 1630 2321 nostram
1677 2268 2036 2338 iniquitatem,

450 2370 503 2416 et
534 2361 648 2431 ipse
693 2372 958 2432 quaereret
1001 2363 1347 2418 salvatorem.
1379 2363 1625 2440 Suscepit
1664 2372 1836 2418 Lamen
1866 2363 2039 2420 feren-

449 2450 572 2506 dam
611 2463 665 2506 et
705 2454 1033 2521 sanandam,
1069 2470 1171 2508 non
1215 2464 1391 2509 autem
1437 2454 1734 2518 habendam
1761 2473 1772 2508 :
1801 2465 1852 2513 et
1878 2453 2040 2524 homo

450 2545 692 2614 apparuit
721 2548 859 2600 inter
890 2546 1134 2600 homines
1155 2591 1169 2616 ,
1195 2547 1366 2602 latens
1395 2547 1554 2600 Deus.

465 2656 474 2661 ·
499 2635 574 2689 ’6.
617 2636 726 2690 Deo
759 2637 808 2690 in
836 2654 989 2691 carne
1017 2638 1196 2692 latenti
1221 2639 1553 2692 necessarium
1579 2641 1674 2710 fuit
1705 2640 2040 2694 testiinonium

451 2725 700 2791 hominis,
727 2743 823 2795 quo
845 2745 945 2780 non
976 2739 1099 2781 esset
1136 2728 1267 2781 alius
1297 2730 1479 2800 major.
1511 2727 1736 2784 Joannes
1769 2730 2040 2798 discipulos

449 2817 582 2870 sicut
604 2814 830 2872 Christus
848 2804 1044 2873 habens
1066 2861 1079 2884 ,
1108 2821 1165 2888 ﬁt
1191 2819 1376 2872 Christi
1412 2821 1549 2874 testis
1578 2821 1883 2875 credibilior.
1911 2822 2040 2889 Quis

451 2922 579 2978 ergo
609 2911 969 2965 testimonium
1011 2909 1133 2964 huic
1161 2910 1444 2981 perhibent
1479 2911 1584 2967 diei
1610 2913 1792 2966 latenti
1824 2913 1873 2966 in
1906 2929 2038 2982 qua-

450 2999 574 3055 dam
618 3002 758 3056 nube
797 3002 1008 3056 carnis?
1036 3002 1110 3056 Da
1154 3003 1454 3067 lucernam,
1487 3013 1710 3058 testetur
1737 3003 1877 3058 diem
1909 3004 2042 3059 :scd

450 3095 590 3149 hanc
618 3097 887 3149 lucernam
915 3110 1046 3162 auge
1067 3137 1081 3161 ,
1107 3105 1164 3148 ut
1190 3095 1427 3165 quisquis
1455 3097 1570 3165 plus
1602 3097 1688 3150 illa
1719 3097 1893 3164 fuerit,
1925 3097 2039 3154 dies

449 3185 562 3240 sit:
592 3185 662 3239 In
708 3187 840 3239 natis
880 3187 1148 3240 mulierum
1192 3205 1291 3240 non
1330 3189 1608 3241 exsurrexit
1637 3190 1800 3259 major
1841 3187 2042 3244 Joanne

449 3275 685 3346 Baptista
734 3276 947 3347 (Matth.
981 3293 1068 3342 ιιι,
1101 3278 1212 3349 Η).
1258 3279 1308 3332 0
1349 3278 1631 3333 ineli‘abilis
1674 3279 2036 3348 dispensatio!

448 3367 563 3436 Ego
583 3409 598 3433 ,
633 3369 820 3423 fratres
843 3410 856 3434 ,
891 3383 1011 3422 cum
1045 3370 1159 3423 lucc
1185 3370 1359 3439 cogito
1382 3411 1399 3437 ,
1428 3371 1650 3425 multum
1693 3371 1857 3424 miror
1897 3373 2044 3442 quod

449 3457 580 3514 dicit
605 3461 836 3514 Joannes
871 3459 940 3514 de
965 3460 1181 3516 Christo
1205 3502 1220 3528 ,
1253 3469 1391 3514 teste
1418 3460 1706 3530 Evangelia
1733 3477 1745 3513 :
1776 3459 1896 3514 Non
1921 3479 2032 3516 sum

450 3550 651 3622 dignus,
672 3551 860 3621 inquit,
881 3553 1152 3622 corrigiam
1172 3551 1500 3605 ealceamenti
1519 3553 1627 3622 ejus
1649 3551 1837 3605 solvere
1859 3551 2037 3624 (Joan.

445 3659 494 3708 ι,
526 3645 638 3714 27).
689 3644 827 3712 Quid
877 3644 1130 3698 humilius
1183 3644 1287 3698 dici
1346 3644 1557 3712 potest?
1594 3643 1732 3709 Quid
1780 3645 2039 3701 excelsius

445 3733 696 3792 Christo?
725 3736 852 3805 quid
889 3736 1144 3789 humilius
1185 3735 1478 3790 (δι’υοὶῐίχοῖ
1511 3754 1529 3785 ‹
1565 3735 1664 3802 Qui
1696 3734 1856 3790 habet
1880 3751 2039 3805 spon-

445 3841 583 3894 sam,
609 3841 840 3897 sponsus
861 3835 977 3891 est;
1001 3826 1202 3881 amicus
1231 3837 1407 3880 autem
1440 3828 1621 3896 sponsi
1649 3835 1779 3889 stat,
1814 3837 1867 3881 et
1895 3827 2040 3883 audit

446 3936 590 3986 eum,
619 3930 674 3977 et
699 3921 894 3992 gaudio
919 3921 1114 3989 gaudet
1141 3930 1358 3990 propter
1377 3935 1564 3975 vocem
1593 3920 1775 3990 sponsi
1810 3939 1827 3972 ι
1859 3920 2038 3993 (Joan.

446 4031 528 4082 tu,
549 4015 662 4086 29),
693 4031 801 4070 non
827 4022 1045 4084 propter
1067 4028 1240 4067 suam.
1277 4031 1295 4065 ι
1329 4012 1466 4079 Nos,
1505 4031 1522 4063 ι
1554 4012 1754 4083 inquit,
1791 4031 1809 4062 ι
1838 4011 1903 4066 de
1929 4012 2042 4083 ple—

446 4107 688 4161 nitudine
709 4109 823 4174 ejus
851 4121 1039 4161 omnes
1071 4104 1378 4174 accepimus
1406 4123 1423 4155 ι
1453 4101 1564 4173 (Id.
1599 4119 1649 4167 ι,
1686 4102 1796 4174 l6).
1830 4104 2038 4168 Quanta

449 4198 580 4252 dicit
625 4197 690 4251 de
730 4198 983 4261 Christo,
1028 4213 1185 4266 quam
1239 4197 1494 4266 praeclara
1521 4197 1539 4249 Ξ·
1583 4209 1739 4264 quam
1793 4194 2036 4248 excelsa!

447 4301 607 4358 quam
638 4285 830 4354 digna!
860 4287 903 4339 si
935 4297 1109 4340 tamen
1141 4286 1207 4340 de
1234 4287 1328 4339 illo
1356 4285 1552 4354 aliquid
1583 4285 1650 4339 ab
1678 4285 1854 4354 aliquo
1880 4284 2038 4354 digne

447 4378 666 4434 dicitur.
713 4377 781 4430 Et
814 4386 987 4431 tamen
1021 4395 1124 4432 non
1153 4377 1387 4432 ambulat
1429 4377 1568 4431 inter
1605 4377 1890 4446 discipulos
1935 4377 2040 4431 D0-

446 4468 611 4537 mini,
641 4483 749 4524 non
775 4484 894 4522 eum
924 4477 1137 4523 secutus
1182 4479 1290 4534 est,
1320 4479 1380 4523 ut
1404 4468 1624 4531 Petrus,
1658 4476 1716 4521 ut
1758 4468 1998 4522 Andreas
2017 4510 2032 4536 ,

446 4572 506 4621 ut
547 4565 786 4619 Joannes
806 4603 821 4629 ,
846 4571 905 4616 ut
934 4561 1134 4616 caeteri.
1164 4560 1268 4615 Sed
1297 4560 1586 4629 discipulos
1613 4560 1709 4613 sibi
1739 4560 1850 4628 ipse
1875 4561 2040 4614 etiam

445 4656 820 4727 congregavit,
842 4664 896 4710 et
920 4653 1208 4709 constituto
1233 4652 1318 4705 hic
1343 4652 1466 4706 licet
1487 4653 1711 4706 Domino
1732 4668 1850 4705 cum
1879 4652 2038 4706 disci-

445 4749 587 4819 pulis
614 4749 756 4816 suis,
782 4747 1012 4802 habebat
1036 4744 1325 4814 discipulos
1347 4752 1401 4798 et
1425 4745 1682 4799 Joannes.
1713 4744 2037 4798 Dicebantur

445 4839 690 4909 discipuli
753 4839 996 4896 Joannis.
1048 4837 1336 4892 Dicebatur
1391 4836 1493 4905 ipsi
1549 4837 1807 4902 Domino,
1867 4836 2036 4901 Quare

444 4934 663 4988 Joannis
683 4934 922 5004 discipuli
953 4934 1230 5004 jejunant,
1257 4930 1496 4998 discipuli
1539 4939 1703 4982 autem
1734 4930 1805 4982 tui
1832 4946 1932 4984 non
1946 4931 2033 5000 je-

436 5026 624 5100 junant
653 5024 845 5094 (Marc.
869 5041 924 5092 ιι,
957 5025 1088 5090 l8)?
1118 5023 1229 5078 Hoc
1254 5030 1370 5077 erat
1397 5021 1577 5092 procul
1600 5021 1761 5075 dubio
1787 5037 2035 5076 necessa-

444 5121 584 5175 rium
617 5119 934 5190 praecursori
979 5118 1118 5174 lideli
1150 5120 1190 5185 ³,
1219 5117 1286 5172 ab
1333 5132 1398 5172 eo
1438 5116 1707 5172 Christum
1753 5116 2033 5187 prmdicari

443 5213 534 5283 qui
564 5221 745 5283 posset
766 5212 987 5266 :cmulus
1013 5211 1181 5266 credi.
1209 5210 1446 5264 Habebat
1466 5209 1755 5281 discipulos
1776 5209 2029 5277 Joannes,

445 5306 676 5360 habebat
715 5314 769 5359 et
796 5303 1043 5358 Christus
1072 5321 1084 5356 :
1116 5304 1265 5372 quasi
1292 5313 1441 5357 extra
1477 5301 1731 5369 docebat,
1760 5302 1852 5358 sed
1881 5302 2031 5356 testis
2103 5315 2108 5323 ‘

443 5397 756 5454 inbterebat.
789 5397 913 5452 Ideo
938 5399 990 5450 in
1022 5397 1150 5450 natis
1175 5397 1440 5450 mulierum
1462 5414 1604 5451 nemo
1625 5396 1900 5450 exsurrexit
1923 5412 2033 5448 ma-

439 5486 742 5561 jorJoo-nne
797 5488 1047 5558 Baptista.
1094 5488 1330 5542 Fuerunt
1376 5488 1685 5557 Prophelze,
1737 5488 2032 5542 habuerunt

443 5579 731 5650 discipulos
752 5622 765 5645 ,
795 5581 887 5635 sed
914 5597 1020 5638 non
1046 5589 1303 5649 przcsente
1325 5580 1556 5634 Christo.
1587 5581 1818 5634 Fuerunt
1849 5589 2027 5648 postea

445 5671 624 5740 ungui
653 5673 924 5742 Apostoli,
958 5673 1054 5730 sed
1085 5671 1205 5745 quia
1236 5671 1480 5742 discipuli
1509 5672 1740 5739 Christi,
1776 5688 1879 5726 non
1908 5671 2027 5741 quia

493 5787 528 5819 ι
547 5791 676 5858 με..
688 5781 828 5847 om.

1663 314 1723 371 s.
1763 299 2130 370 AUGUSTINI
2172 313 2477 374 EPISCOPI

3581 303 3727 386 im

2141 429 2428 504 discipulos
2466 419 2753 512 patuerunt
2796 433 2995 514 habere
3021 452 3142 514 cum
3169 437 3409 520 Christo.
3443 438 3627 506 Habet.
3648 442 3744 514 ιιιρ

2139 521 2457 592 discipulos,
2493 537 2814 608 congregat,
2850 529 3118 600 baptizat:
3147 523 3276 600 quid
3330 541 3586 600 putamus
3604 532 3740 602 Ue,-

2140 612 2252 680 ris,
2290 630 2353 668 an
2400 615 2584 671 intus?
2621 613 2733 671 Imo
2787 634 2911 674 vero
2959 621 3132 690 reipsa
3174 620 3352 690 intus,
3386 630 3443 686 ut
3488 632 3738 694 tanquam

2139 703 2300 758 homo
2329 722 2357 762 a
2393 706 2499 761 Deo
2539 708 2880 780 liberaretur;
2909 697 3087 784 Specie
3116 714 3274 792 quasi
3297 714 3430 782 foris
3451 755 3466 780 ,
3495 723 3556 772 ut
3591 715 3741 786 testis

2139 791 2468 880 Crederetur.
2502 796 2718 855 Intende
2750 801 2851 856 hoc
2881 803 3094 876 ipsum:
3126 791 3484 880 perhibebant.
3515 805 3739 870 Domino

2142 889 2501 966 testimonium
2524 931 2537 954 ,
2577 891 2726 946 verbi
2767 894 2938 963 gratia
2964 935 2980 961 ,
3022 893 3212 964 Petrus
3231 937 3247 962 ,
3273 895 3552 964 Andreas,
3582 895 3739 964 Joan-

2142 992 2239 1032 nes
2288 967 2338 1033 οἱ
2390 981 2598 1047 cmteri;
2637 997 2756 1037 cum
2800 973 3068 1054 diceretur
3117 987 3233 1054 eis,
3273 975 3528 1054 Laudatis
3583 1002 3738 1058 Quem

2142 1069 2458 1142 sequimini,
2495 1073 2792 1142 pra:dicatis
2835 1075 2918 1129 cui
2962 1075 3267 1140 adhaeretis.
3300 1077 3495 1142 Veniat
3524 1076 3737 1139 lucem

2141 1159 2470 1232 confundens
2502 1163 2741 1217 inimicos
2762 1206 2778 1242 ,ν
2805 1165 3015 1235 colligat
3043 1167 3351 1236 discipulos.
3379 1168 3555 1228 Habet
3581 1168 3734 1222 Chri-

2141 1262 2256 1308 stus
2280 1295 2293 1317 ,
2328 1251 2490 1309 habet
2510 1266 2560 1310 et
2581 1255 2833 1310 Joannes.
2866 1257 3108 1329 Baptizat
3130 1257 3396 1326 Christus,
3430 1260 3664 1328 baptism
3688 1270 3740 1322 et

2141 1343 2406 1411 Joannes;
2439 1355 2493 1400 et
2530 1346 2739 1407 venitur
2781 1347 2850 1421 ad
2890 1347 3148 1403 Joannem
3171 1391 3186 1416 ,
3215 1358 3268 1403 et
3310 1350 3507 1412 dicitur
3532 1351 3613 1414 ei,
3644 1349 3738 1405 Ille

2142 1437 2222 1490 cui
2252 1437 2587 1492 testimonium
2616 1437 2912 1509 perhibuiin
2928 1481 2941 1506 ,
2972 1457 3080 1493 ecce
3111 1439 3350 1511 baptizat,
3379 1450 3426 1496 et
3456 1457 3632 1494 omnes
3655 1456 3736 1494 ve-

2141 1530 2283 1584 niunt
2308 1532 2376 1583 ad
2401 1548 2512 1585 eum
2533 1548 2552 1584 :
2571 1539 2627 1585 ut
2647 1533 2794 1602 quasi
2822 1533 3047 1592 tumulus
3083 1533 3292 1588 invidiae
3320 1535 3387 1589 de
3413 1534 3628 1591 Christo
3648 1534 3739 1602 ali-

2143 1623 2266 1692 quid
2308 1623 2432 1676 mali
2462 1625 2780 1694 loqueretur.
2815 1612 2920 1682 Sed
2971 1625 3043 1680 ibi
3084 1626 3304 1694 lucerna
3348 1626 3506 1680 ardet
3538 1626 3735 1706 tutius,

2144 1713 2214 1767 ibi
2243 1714 2488 1784 splendet
2508 1715 2732 1781 clarius,
2757 1717 2828 1770 ibi
2860 1727 3155 1788 vegetatur,
3187 1728 3385 1806 quanto
3415 1719 3734 1792 distinctius,

2143 1812 2291 1859 tanto
2332 1808 2590 1862 securius.
2622 1808 2772 1872 Jam,
2805 1810 3010 1880 inquit,
3043 1809 3152 1879 dixi
3178 1809 3345 1876 vobis,
3371 1811 3490 1882 quia
3519 1826 3611 1880 ego
3641 1825 3737 1864 non

2143 1911 2255 1949 sum
2281 1895 2527 1952 Christus.
2573 1897 2671 1962 Qui
2699 1899 2845 1953 habet
2887 1918 3155 1970 sponsam,
3188 1918 3403 1974 sponsus
3430 1911 3502 1954 est
3527 1918 3545 1955 :
3565 1901 3651 1972 qui
3678 1901 3740 1955 de

2145 1987 2267 2040 malo
2308 1989 2468 2055 venit,
2497 2006 2648 2058 super
2689 2007 2860 2059 euntes
2901 2001 2971 2044 est
3003 1990 3181 2060 (Joan.
3227 2008 3314 2056 tu,
3342 1991 3559 2062 26-51).
3592 1991 3738 2046 Tunc

2146 2080 2219 2135 illi
2251 2081 2533 2136 credentes
2559 2081 2830 2136 Christum
2877 2083 3304 2150 admirabantur,
3338 2094 3462 2140 tunc
3484 2099 3614 2138 vero
3634 2083 3736 2136 ini-

2145 2172 2266 2225 mici
2303 2171 2781 2237 confundebantur,
2823 2173 3035 2243 quando
3061 2173 3288 2244 quodam
3319 2173 3480 2238 modo
3508 2174 3738 2242 compcl-

2145 2263 2355 2318 lebatur
2392 2263 2718 2335 prtedicare,
2753 2265 2842 2335 qui
2868 2265 3012 2319 credi
3045 2275 3256 2338 poterat
3293 2265 3552 2319 invidere.
3579 2263 3734 2336 Cogi-

2147 2364 2232 2409 tur
2261 2355 2401 2408 enim
2430 2355 2710 2409 Dominum
2737 2372 2922 2411 servus
2942 2373 3253 2428 agnuseere,
3273 2357 3481 2427 cogitur
3499 2366 3736 2410 creatura

2145 2445 2387 2501 Creatori
2419 2447 2778 2502 testimonium
2811 2449 3090 2518 perhibere
3120 2468 3132 2502 :
3162 2464 3264 2503 nec
3292 2449 3520 2518 cogitur,
3552 2447 3646 2521 sed
3671 2448 3735 2502 li-

2145 2538 2335 2594 benter
2356 2529 2496 2594 facit.
2528 2541 2742 2596 Amicus
2764 2550 2844 2596 est
2865 2543 3039 2610 enim,
3074 2558 3180 2597 non
3210 2541 3457 2596 invidus:
3487 2555 3587 2596 nec
3611 2539 3735 2616 sibi,

2146 2631 2240 2686 sed
2273 2646 2470 2700 Sponso
2499 2632 2654 2686 zelat.

2218 2725 2271 2778 7.
2314 2723 2378 2777 In
2427 2723 2612 2778 Christi
2665 2726 2852 2796 nuptiis
2895 2728 3276 2804 paranymphus
3330 2724 3579 2780 Joannes.
3627 2721 3737 2784 Hs.—

2148 2814 2314 2868 diator
2341 2814 2568 2870 Christus
2598 2815 2648 2868 in
2675 2827 2919 2887 quantum
2951 2817 3119 2882 homo.
3176 2817 3397 2872 Faciunt
3448 2815 3550 2870 hoc
3579 2815 3732 2872 amitti

2148 2908 2364 2975 sponsi;
2410 2918 2464 2962 et
2509 2917 2590 2962 est
2647 2909 2890 2990 qua-dam
2943 2910 2994 2963 in
3042 2910 3240 2986 nuptiis
3297 2907 3548 2963 humanis
3594 2907 3732 2963 sole-

2150 3002 2369 3074 mnitas,
2401 3013 2462 3056 ut
2501 3003 2740 3072 exceptis
2765 3003 2882 3058 aliis
2910 3003 3118 3069 amicis,
3151 3003 3310 3056 etiam
3341 3001 3731 3073 paranymphus

2147 3093 2483 3158 adhibeatur,
2509 3094 2712 3151 amicus
2741 3095 2983 3160 interior,
3015 3095 3263 3150 conscius
3292 3094 3483 3148 secreti
3516 3092 3731 3147 cubicu—

2147 3177 2292 3240 luris.
2348 3185 2453 3240 Sed
2503 3184 2589 3240 hic
2635 3186 2876 3249 interest,
2905 3194 2961 3240 et
3006 3185 3165 3260 plane
3217 3186 3441 3239 multum
3491 3185 3728 3238 interest.

2147 3276 2306 3345 Quod
2329 3278 2381 3331 in
2413 3277 2615 3348 nuptiis
2643 3278 2887 3340 humanis
2918 3277 3079 3332 homo
3111 3276 3314 3331 homini
3341 3273 3730 3346 paranymphus

2148 3379 2250 3435 est,
2283 3370 2382 3424 hoc
2407 3380 2488 3424 est
2525 3370 2756 3425 Joannes
2781 3369 3014 3436 Christo,
3057 3378 3112 3424 et
3138 3369 3278 3423 idem
3325 3368 3465 3424 Deus
3493 3366 3730 3422 Christus

2149 3479 2396 3536 sponsus,
2423 3465 2686 3519 mediator
2715 3465 2809 3519 Dei
2845 3473 2899 3520 et
2928 3464 3242 3530 hominum;
3271 3461 3364 3517 sed
3393 3460 3446 3515 in
3475 3469 3728 3531 quantum

2148 3556 2332 3613 homo.
2375 3555 2508 3609 Nam
2559 3557 2610 3609 in
2657 3565 2914 3626 quantum
2973 3555 3113 3610 Deus
3160 3569 3266 3608 non
3315 3552 3595 3612 mediator,
3639 3547 3728 3604 sed

2148 3651 2367 3726 arqualis
2388 3649 2556 3714 Patri,
2587 3649 2689 3702 hoc
2716 3650 2854 3706 idem
2883 3649 3023 3720 quod
3057 3649 3233 3716 Pater,
3264 3662 3382 3704 cum
3411 3646 3573 3710 Patre
3597 3657 3729 3697 unus

2151 3745 2310 3802 Deus.
2339 3735 2565 3814 Quando
2593 3753 2738 3798 esset
2765 3744 2863 3798 ista
2907 3742 3206 3806 sublimitas
3247 3739 3547 3804 mediatrix,
3571 3753 3600 3790 a
3630 3751 3731 3806 qua

2147 3841 2372 3896 multum
2416 3841 2573 3914 longe
2598 3838 2848 3908 disiuncti
2882 3837 3229 3908 jacebamus?
3277 3834 3343 3894 Ut
3389 3833 3597 3888 medius
3640 3830 3726 3897 sit,

2147 3932 2344 4002 aliquid
2375 3943 2610 3985 assumat
2637 3930 2778 4000 quod
2807 3944 2910 3982 non
2941 3937 3094 3982 erat:
3129 3927 3221 3981 sed
3252 3935 3308 3979 ut
3338 3923 3726 3994 perveniamus,

2146 4033 2360 4080 maneat
2396 4023 2536 4094 quod
2567 4033 2702 4077 erat.
2748 4022 2885 4076 Ecce
2913 4020 3055 4075 enim
3101 4019 3238 4084 Deus
3267 4033 3426 4086 super
3458 4030 3576 4079 nos,
3605 4027 3728 4068 ecce

2147 4133 2248 4174 nos
2279 4116 2414 4171 infra
2445 4118 2614 4184 illum,
2641 4124 2696 4170 et
2739 4115 2905 4180 multa
2935 4113 3249 4183 interiacent
3284 4109 3472 4180 spatia,
3500 4108 3728 4162 maxime

2149 4212 2354 4283 peccati
2379 4210 2712 4266 intervallum
2744 4209 2900 4280 longe
2927 4222 3026 4272 nos
3051 4206 3325 4276 distinguit
3352 4213 3507 4275 atque
3528 4200 3722 4269 abjicit.

2149 4305 2205 4360 lu
2236 4303 2337 4358 hac
2362 4312 2504 4357 tanta
2526 4303 2774 4358 distantia
2797 4317 2918 4356 cum
2943 4298 3258 4356 veniendum
3280 4304 3420 4352 esset
3447 4293 3511 4348 ad
3538 4293 3720 4356 Deum,

2149 4412 2252 4466 qua
2279 4396 2487 4450 venturi
2515 4393 2768 4449 eramus?
2810 4394 2926 4463 Ipse
2959 4392 3118 4460 Deus,
3150 4391 3286 4446 Deus
3323 4395 3501 4441 manet
3531 4403 3546 4439 :
3573 4397 3724 4437 acce-

2147 4487 2227 4542 dit
2256 4487 2414 4541 homo
2446 4486 2572 4549 Deo,
2603 4494 2657 4538 et
2689 4484 2746 4538 lit
2789 4499 2890 4537 una
2940 4497 3187 4552 persona,
3218 4490 3274 4534 ut
3310 4479 3382 4533 sit
3422 4493 3528 4532 non
3573 4473 3725 4530 semi-

2147 4580 2301 4646 deus,
2334 4579 2484 4650 quasi
2515 4586 2661 4648 parte
2694 4576 2784 4629 Dei
2819 4575 2982 4642 Deus,
3015 4582 3069 4628 et
3098 4581 3246 4642 parte
3273 4568 3501 4624 hominis
3527 4566 3721 4631 homo;

2149 4671 2243 4728 sed
2277 4681 2416 4725 lotus
2446 4673 2584 4725 Deus
2611 4678 2663 4724 et
2691 4677 2830 4734 totus
2858 4665 3023 4722 homo
3053 4683 3066 4719 :
3099 4664 3240 4720 Deus
3266 4662 3539 4726 liberator,
3568 4657 3726 4714 homo

2146 4763 2439 4826 mediator;
2468 4771 2525 4818 ut
2562 4777 2655 4832 per
2686 4760 2834 4814 illum
2864 4758 2930 4813 ad
2966 4757 3137 4823 illum,
3166 4771 3271 4810 non
3307 4769 3400 4824 per
3423 4752 3609 4818 alium,
3631 4762 3726 4804 nec

2145 4869 2258 4911 non
2284 4853 2350 4907 ad
2375 4852 2550 4918 illum;
2595 4851 2686 4907 sed
2727 4866 2822 4921 per
2843 4848 2894 4904 id
2923 4847 3067 4920 quod
3097 4848 3149 4901 in
3177 4846 3270 4900 illo
3307 4857 3405 4899 nos
3428 4856 3634 4908 sumus,
3660 4837 3722 4893 ad
3741 4891 3762 4925 ,³

2145 4947 2294 5004 illum
2315 4940 2408 5017 per
2428 4961 2586 5018 quem
2617 4945 2737 4999 lacti
2779 4934 2994 4999 sumus.
3024 4941 3148 4998 Ideo
3178 4938 3460 5011 Apostolus
3483 4932 3724 5006 quamvis

2145 5037 2420 5093 Christum
2449 5038 2653 5091 noverit
2683 5036 2848 5090 Deum
2885 5051 2897 5085 :
2932 5047 3052 5086 nam
3081 5032 3192 5102 ipse
3218 5030 3282 5085 de
3308 5029 3396 5083 illo
3423 5026 3576 5093 dixit,
3606 5038 3722 5080 cum

2148 5132 2216 5190 de
2243 5132 2547 5192 Judaeorum
2570 5128 2991 5200 praecedentibus
3009 5125 3213 5182 meritis
3238 5125 3564 5193 loqueretur,
3591 5120 3723 5185 Quo-

2147 5245 2263 5282 rum
2291 5236 2478 5298 patres,
2507 5234 2549 5286 et
2578 5239 2640 5278 ea:
2662 5221 2838 5293 quibus
2854 5218 3082 5276 Christus
3109 5214 3377 5272 secundum
3397 5228 3617 5275 carnem,
3639 5207 3721 5279 qui

2149 5330 2222 5375 est
2243 5336 2392 5390 super
2407 5316 2573 5372 omnia
2591 5313 2727 5368 Deus
2750 5311 3040 5367 benedictus
3065 5311 3113 5364 in
3134 5308 3315 5365 stecula
3345 5305 3520 5379 (Rom.
3544 5320 3620 5369 ιι,
3641 5302 3717 5367 5);

2145 5429 2266 5470 cum
2292 5427 2418 5482 ergo
2459 5411 2616 5466 sciret
2650 5407 2793 5462 illum
2833 5407 3024 5471 Deum,
3051 5412 3104 5460 et
3131 5417 3288 5472 super
3314 5399 3490 5455 omnia
3520 5398 3717 5462 Deum;

2144 5522 2207 5561 ac
2234 5523 2330 5576 per
2367 5505 2466 5559 hoc
2497 5503 2676 5572 utique
2707 5516 2867 5572 super
2893 5499 3094 5566 omnia,
3118 5497 3239 5568 quia
3272 5510 3368 5567 per
3396 5493 3546 5548 illum
3586 5490 3719 5545 iacta

2143 5609 2270 5655 sunt
2301 5597 2509 5662 on‘mia;
2555 5603 2772 5648 ventqu
2813 5602 2895 5647 est
2931 5599 2990 5646 ut
3029 5586 3419 5645 conunendaret
3461 5582 3717 5638 mediato-

2144 5706 2284 5755 rem,
2323 5699 2508 5742 etnon
2552 5685 2680 5740 dixit
2716 5685 2914 5749 Deum;
2957 5699 3063 5738 non
3091 5681 3229 5735 enim
3260 5679 3352 5750 pe‘r
3380 5677 3483 5732 hoc
3524 5673 3718 5757 media-

2144 5791 2229 5840 tor
2279 5788 2383 5850 est,
2411 5780 2552 5853 quod
2575 5779 2715 5842 Deus
2741 5787 2856 5852 est;
2887 5775 3102 5849 διιᾶσι)οι
3129 5772 3232 5835 hoc
3273 5764 3552 5857 mediator,
3593 5766 3715 5844 quis

2023 5837 2027 5841 ’
2050 5837 2096 5883 δὲ
