4102 6326
332 411 503 473 tactus
525 409 617 473 est,
633 399 819 471 horna,
841 392 964 473 ipsa
988 378 1341 471 animantia
1371 383 1569 447 nostra-
1605 366 1747 472 Ujms
1777 371 1908 473 ςηξηι

335 456 491 555 Beas.
516 456 648 573 Quia
684 456 865 558 utique
892 456 1148 551 Catholici
1179 472 1390 551 auditis,
1420 462 1664 521 instructi
1694 456 1921 573 auditis;

340 560 349 568 ⁹
1067 570 1079 573 λ
1463 562 1472 572 ι
1500 559 1510 573 I
1604 556 1616 573 |
1663 570 1679 573 -
1718 553 1873 573 τιδι’...

336 547 615 660 ιίὶειιιιιιῗριῖ
646 580 857 649 auditis,
886 575 1026 633 Unus
1050 570 1230 639 Deus:
1261 559 1512 645 numquid
1541 556 1683 610 solus
1718 547 1910 606 Pater?

334 649 591 747 nmisquid
622 676 770 743 solus
806 667 1005 743 Filius?
1053 658 1307 731 numquid
1358 657 1503 710 solus
1533 649 1759 720 Spiritus
1784 658 1909 701 san-

333 744 493 837 ctus?
528 767 633 831 Sed
666 767 845 843 utique
870 763 1024 829 Pater
1056 766 1107 811 et
1146 752 1312 815 Filius
1340 758 1399 817 et,
1435 745 1663 825 Spiritus
1700 744 1913 843 sanctus

334 830 469 925 unus
501 830 660 921 Deus.
692 830 849 927 litigo,
889 852 1031 927 Unus
1062 849 1219 913 Deus,
1242 859 1372 909 unus
1396 851 1445 911 et,
1466 838 1709 895 mediator
1744 830 1839 884 Dei
1867 837 1915 883 et

336 934 597 1019 hominum
618 924 1011 1019 homo'Christus
1035 940 1185 1007 Iesus
1204 937 1255 1009 (1
1284 935 1414 1001 Tini.
1446 948 1503 999 ιι,
1524 928 1600 998 5).
1620 928 1674 979 Si
1691 925 1915 1023 diceret,

335 1051 485 1111 Unus
515 1049 675 1112 Deus,
710 1016 926 1105 unuse}.
958 1036 1216 1113 mediator
1244 1030 1336 1085 Dei
1375 1037 1431 1086 et
1462 1023 1735 1113 hominum
1764 1016 1919 1070 Chri-

336 1150 449 1211 stus
500 1137 726 1207 lesus‘;
780 1112 1043 1203 tauquam
1086 1125 1259 1197 minor
1316 1120 1457 1197 Deus
1512 1112 1914 1185 intelligeretur.

337 1208 549 1292 Etenim
590 1230 655 1297 ab
696 1227 787 1295 illa
827 1219 1103 1301 Trinitatis
1130 1217 1324 1285 deitate
1364 1208 1515 1289 quasi
1559 1208 1929 1301 separaretur,

338 1331 381 1393 si
406 1344 538 1389 unus
565 1294 729 1387 Diaus,
755 1294 893 1377 unus
911 1294 963 1369 et
989 1312 1247 1383 mediator
1269 1305 1371 1373 Dei,
1388 1315 1440 1367 et
1464 1300 1740 1369 hominum
1766 1294 1919 1393 lcstts

339 1383 603 1480 Christus,
628 1383 777 1483 quasi
807 1427 910 1477 non
944 1408 1036 1462 ille
1066 1404 1201 1455 Deus
1226 1400 1313 1473 qui
1342 1409 1479 1459 unus
1500 1394 1786 1459 diceretur.
1814 1383 1920 1449 Sed

339 1516 464 1585 quia
492 1512 545 1575 in
590 1479 793 1564 unitate
842 1504 956 1567 Dei,
990 1499 1063 1567 ibi
1108 1498 1265 1559 Pater
1293 1501 1347 1561 et,
1387 1489 1550 1544 Filius
1590 1493 1644 1539 et
1694 1479 1923 1579 Spiritus

341 1569 557 1669 satietus
577 1620 589 1654 :
613 1600 871 1665 unitatem
898 1602 1073 1663 teneat
1104 1587 1372 1661 divinitas,
1392 1579 1732 1651 medietatem
1757 1569 1925 1639 susci-

340 1700 452 1772 piat
489 1695 813 1759 humanitas.

366 1852 369 1853 ν
412 1795 465 1849 8.
509 1790 809 1843 Mediatoris
829 1782 993 1854 gratia
1024 1776 1273 1847 omnibus,
1297 1782 1351 1827 ut
1382 1769 1489 1823 Deo
1518 1763 1925 1827 reconcilientur,

342 1884 643 1941 necessaria.
660 1882 770 1935 liae
788 1877 1068 1931 medietate
1084 1866 1453 1933 reconciliatur
1466 1862 1575 1915 Deo
1589 1856 1763 1914 omnis
1775 1868 1929 1923 gene-

342 1981 420 2042 ris
438 1976 659 2041 humani
683 1987 854 2027 massa
871 1967 1045 2033 abillo
1062 1979 1157 2035 per
1175 1960 1343 2017 Adam
1362 1957 1607 2009 alienata.
1641 1948 1743 2003 Per
1763 1947 1929 2002 Adam

345 2074 478 2139 enim
494 2078 749 2141 peccatum
767 2066 818 2118 in
833 2062 1041 2125 trauitin,
1052 2055 1316 2118 mundum,
1330 2061 1376 2106 et
1396 2066 1482 2119 per
1499 2054 1755 2118 peccatum
1772 2054 1929 2105 mors;

347 2174 393 2227 α
416 2165 489 2216 ita
511 2164 562 2215 iu
585 2174 756 2215 omnes
782 2154 1006 2208 homines
1030 2146 1341 2218 pertransiit,
1360 2144 1411 2196 in
1431 2157 1529 2211 quo
1551 2152 1722 2192 omnes
1748 2149 1929 2206 pecca-

347 2225 520 2315 uerunt
563 2252 739 2321 (Rom.
767 2264 819 2311 v,
852 2245 962 2316 t2).
1010 2242 1140 2310 Quis
1190 2239 1314 2292 hinc
1354 2230 1669 2289 erueretur?
1717 2228 1836 2298 quis
1865 2225 1932 2289 ab

349 2350 447 2410 hac
476 2360 648 2399 massa
677 2343 769 2397 ira:
790 2340 856 2393 ad
888 2331 1303 2391 misericordiam
1325 2320 1779 2394 diStingueretur?
1810 2317 1933 2383 Quis

349 2442 481 2498 enim
522 2448 567 2491 te
605 2432 882 2491 discernit?
924 2428 1056 2495 Quid
1086 2435 1253 2489 autem
1293 2423 1444 2481 habes
1472 2417 1604 2488 quod
1649 2431 1749 2469 non
1786 2426 1933 2475 acce-

351 2534 468 2606 pisti
502 2531 541 2599 (il
566 2527 682 2587 Cor.
714 2542 786 2588 IV,
810 2523 903 2594 7-)¹1-
930 2520 1046 2575 Non
1075 2533 1200 2587 ergo
1228 2531 1325 2573 nos
1367 2513 1677 2567 discernunt
1720 2504 1933 2570 merita,

352 2595 446 2695 sed
486 2595 672 2691 gratia.
705 2616 834 2678 Nam
866 2615 909 2669 si
953 2612 1163 2676 merita,
1194 2606 1430 2665 debitum
1476 2609 1593 2656 est:
1626 2598 1673 2653 si
1700 2595 1937 2661 debitum

353 2694 454 2779 est,
480 2714 642 2782 gratis
683 2725 785 2763 non
812 2717 892 2760 est
922 2724 933 2757 :
964 2705 1013 2765 si
1029 2702 1193 2773 gratis
1219 2714 1325 2759 non
1362 2705 1466 2762 est,
1497 2694 1675 2764 gratia
1697 2706 1801 2745 non
1830 2697 1933 2742 est.

353 2807 467 2865 Hoc
498 2806 610 2873 ipse
646 2799 930 2870 Apostolus
966 2796 1137 2857 dixit:
1172 2793 1232 2847 Si
1268 2799 1436 2853 autem
1462 2787 1648 2857 gratia,
1681 2784 1794 2852 jam
1837 2797 1939 2835 non

354 2916 416 2955 et
443 2896 705 2967 operibus;
751 2891 972 2961 alioquin
1004 2888 1170 2959 gratia
1200 2888 1314 2955 jam
1341 2900 1441 2939 non
1469 2890 1541 2945 est
1568 2879 1732 2951 gratia
1762 2875 1937 2947 (Rom.

351 3010 428 3057 ιιι,
454 2992 528 3060 6).
560 2990 662 3043 Per
691 2984 1168 3043 unumsalvamur,
1196 2978 1446 3048 majores,
1478 2975 1736 3038 minores,
1759 2984 1940 3035 senes,

339 3087 601 3152 juvenes,
630 3079 857 3151 parvuli,
884 3077 1144 3141 infantes;
1189 3089 1283 3142 per
1303 3086 1464 3131 unum
1484 3070 1772 3127 salvamur.
1801 3064 1944 3123 Unus

344 3181 490 3234 enim
532 3176 691 3241 Deus,
734 3189 867 3226 unus
912 3180 958 3223 et
996 3170 1239 3221 mediator
1287 3163 1383 3217 Dei
1421 3172 1467 3216 et
1506 3162 1767 3218 hominum
1793 3157 1943 3213 homo

346 3273 588 3328 Christus
615 3269 784 3321 Jesus.
816 3263 921 3318 Per
944 3279 1100 3323 unnnt
1134 3260 1386 3315 hominem
1412 3272 1566 3318 mors,
1598 3262 1645 3309 et
1680 3268 1768 3322 per
1788 3267 1947 3309 unum

345 3359 655 3417 resurrectio
671 3365 1005 3411 mortuorum.
1038 3351 1180 3407 Sicut
1201 3351 1253 3402 in
1272 3348 1432 3401 Adam
1450 3360 1620 3403 omnes
1639 3342 1943 3407 moriuntur,

347 3456 430 3510 sic
445 3462 487 3506 et
510 3454 562 3504 in
579 3449 779 3504 Christo
800 3462 972 3501 omnes
987 3442 1370 3515 viviﬁcabuntur
1396 3438 1446 3508 (l
1465 3435 1583 3491 Cor.
1606 3452 1700 3502 xv,
1716 3436 1807 3499 21,
1825 3433 1942 3502 2‘2).

372 3584 375 3585 ν
433 3545 485 3598 9.
522 3543 708 3595 Omnes
731 3539 785 3592 in
815 3536 981 3590 Adam
1005 3544 1051 3587 et
1077 3550 1246 3589 omnes
1270 3532 1322 3583 in
1358 3528 1579 3584 Christo.
1619 3528 1717 3583 Hic
1755 3526 1948 3593 aliquis

357 3635 614 3697 occurrit,
638 3640 693 3688 et
718 3629 845 3683 dicit
875 3627 1002 3684 mihi
1034 3644 1046 3680 :
1075 3623 1356 3692 Quomodo
1376 3621 1581 3675 omnes?
1611 3619 1709 3687 Qui
1740 3632 1869 3687 ergo
1896 3617 1947 3673 in

360 3729 662 3800 gehennam
708 3721 948 3777 mittendi
990 3728 1133 3782 sunt,
1175 3717 1267 3787 qui
1302 3730 1423 3771 cum
1462 3714 1674 3769 diabolo
1724 3712 1948 3766 damna-

361 3823 578 3885 buutur,
609 3817 699 3886 qui
722 3815 935 3869 internis
962 3813 1169 3883 ignibus
1212 3809 1630 3880 torquebantur?
1674 3804 1950 3874 Quomodo

363 3933 535 3970 omnes
582 3924 635 3970 et
686 3916 897 3969 omnes?
945 3914 1076 3981 Quia
1123 3927 1283 3966 nemo
1320 3910 1386 3963 ad
1432 3917 1659 3963 mortem
1712 3904 1813 3959 nisi
1859 3919 1954 3973 per

364 4010 555 4073 Adam,
588 4024 747 4064 nemo
795 4009 859 4062 ad
905 4008 1064 4061 vitam
1106 4007 1205 4060 nisi
1237 4022 1333 4075 per
1382 4004 1672 4058 Christum.
1708 4000 1764 4056 Si
1808 4007 1955 4054 esset

363 4106 499 4160 alius
528 4122 619 4175 per
644 4121 803 4176 quem
834 4106 1141 4159 veniremus
1175 4102 1239 4156 ad
1271 4110 1518 4165 mortem,
1549 4116 1653 4153 non
1685 4111 1873 4153 omnes
1900 4097 1953 4150 iu

365 4198 534 4253 Adam
563 4208 917 4252 morerentur.
953 4195 1010 4250 Si
1035 4204 1175 4249 esset
1196 4195 1333 4249 alius
1361 4210 1453 4263 per
1473 4208 1629 4262 quem
1653 4173 2012 4245 veniremus.

367 4293 433 4347 ad
457 4293 639 4357 vitam,
668 4308 772 4347 neu
802 4307 989 4346 omnes
1016 4292 1067 4344 in
1090 4289 1303 4344 Christo
1330 4290 1739 4342 vivificwrcntur.

440 4386 529 4439 10.
574 4384 809 4454 Infantes
839 4385 990 4447 etiam
1021 4382 1120 4453 ipsi
1152 4392 1295 4452 egent
1336 4382 1617 4439 liberatore.
1646 4377 1779 4446 Quid
1806 4392 1953 4445 ergo,

370 4477 443 4530 ait
464 4478 673 4546 aliquis,
698 4487 750 4529 et
772 4475 943 4528 infans
974 4474 1172 4543 indiget
1200 4472 1519 4525 liberatore?
1544 4471 1704 4524 Plane
1726 4468 1955 4538 indiget:

371 4560 523 4628 (estis
563 4575 645 4623 est
671 4568 839 4623 mater
871 4566 1095 4629 fideliter
1121 4580 1345 4625 currens
1378 4580 1500 4619 cum
1532 4563 1750 4632 parvulo
1781 4558 1957 4629 bapti-

374 4660 547 4711 zando
572 4658 635 4711 ad
668 4659 968 4712 ecclesiam.
1018 4657 1191 4711 Testis
1233 4666 1316 4710 est
1364 4657 1478 4725 ipsa
1524 4664 1693 4709 mater
1725 4650 1958 4705 Ecclesia

377 4744 672 4820 suscipiens
718 4750 997 4819 parvulum
1048 4749 1395 4811 abluendum,
1446 4757 1499 4801 ct
1543 4756 1635 4800 aut
1682 4746 1961 4800 liberatum

376 4842 772 4904 dimittendum,
819 4852 907 4895 aut
953 4842 1145 4911 pietate
1189 4839 1546 4894 nutriendum.
1600 4838 1728 4905 Quis
1773 4836 1964 4889 audeat

377 4932 559 4995 dicere
576 4935 934 4991 testimonium
958 4942 1140 4995 contra
1170 4942 1366 4986 tantum
1391 4929 1654 4994 matrem?
1686 4929 1964 4991 Postremo

380 5037 436 5083 et
464 5031 518 5083 in
550 5030 666 5099 ipso
716 5027 935 5098 parvulo
986 5026 1215 5081 miseriae
1246 5025 1412 5095 ipsius
1458 5024 1608 5077 testis
1657 5030 1738 5075 est
1785 5019 1962 5074 ﬂetus.

379 5120 645 5189 Quantum
692 5130 885 5189 potest,
923 5128 1146 5175 testatur
1176 5127 1360 5173 natura
1402 5116 1631 5181 infirma,
1664 5130 1850 5185 parntn
1884 5115 1966 5167 in-

381 5214 661 5282 telligens;
696 5226 802 5264 non
843 5211 1025 5280 incipit
1055 5226 1081 5264 a
1114 5211 1249 5273 risu,
1284 5209 1465 5275 incipit
1493 5223 1527 5271 a
1552 5205 1698 5261 ﬂetu.
1726 5208 1969 5276 Agnosce

383 5305 673 5369 miserum,
732 5302 945 5375 porrige
994 5303 1271 5359 auxilium.
1332 5301 1532 5367 omnes
1590 5298 1971 5361 misericordia:

448 5416 466 5447 ι
491 5417 747 5486 t’iguerius
773 5429 835 5463 ex
868 5416 1014 5486 Regio
1036 5415 1201 5486 codice
1220 5450 1240 5486 ,_
1273 5414 1411 5486 homo
1434 5412 1651 5486 Christus
1688 5421 1841 5465 Jesus.
1876 5421 1973 5464 nec

383 5476 494 5549 ioco
516 5477 744 5549 meliores
771 5476 1074 5549 ntattuserijiti
1104 5492 1195 5527 non
1229 5479 1429 5535 habent,
1453 5479 1619 5549 tum»;
1642 5490 1784 5537 quam
1806 5491 1973 5526 vocem

386 5538 466 5587 hic
488 5540 673 5587 reticuit
702 5538 1083 5601 .tugustittus,’ut
1106 5554 1302 5587 St‘ltSlltl)
1331 5539 1530 5602 APOSUtll
1562 5554 1618 5589 ea
1642 5540 1854 5601 detracta
1880 5554 1973 5589 non

386 5612 605 5665 constare
631 5598 913 5651 ostenderet
950 5619 960 5651 ;
1003 5602 1083 5665 qui
1111 5604 1330 5650 nimirum
1365 5598 1543 5651 'seusus
1569 5614 1661 5660 est,
1699 5598 1975 5652 mediatoris

388 5663 595 5735 cilicium
619 5665 675 5735 ad
694 5666 942 5735 hominem
960 5663 1209 5735 Utristum,
1239 5665 1321 5728 qui
1347 5680 1471 5717 unus
1493 5680 1602 5714 cunt
1626 5674 1765 5715 Putre
1801 5675 1851 5715 et
1872 5666 1973 5728 spi-

387 5727 486 5780 I'itu
502 5731 666 5779 sancto
691 5734 816 5778 Deus
839 5734 943 5790 est,
970 5727 1236 5792 pertinere.

1688 240 1917 321 SERMO
1954 236 2227 311 Cuxetu.

2056 5723 2197 5791 -(b

3457 220 3590 279 i334

2016 352 2306 405 visceribus
2334 348 2637 403 induantur.
2667 346 2875 414 Quanto
2909 342 3088 397 minus
3114 354 3214 411 pro
3238 353 3296 394 se
3324 338 3424 408 ipsi
3464 354 3592 408 pos-

2014 452 2157 507 sunt,
2188 451 2334 495 tanto
2362 437 2758 509 misericordius
2782 448 2878 507 pro
2908 433 3144 511 parvulis
3168 447 3265 485 nos
3293 433 3589 501 loquamur.

2015 534 2283 588 Auxilium
2332 549 2510 588 rerum
2558 546 2771 589 suarum
2821 528 3135 584 tuendarum
3182 525 3419 581 Ecclesia
3461 524 3597 579 solet

2014 625 2256 695 prmbere
2286 626 2499 694 pupillis
2527 644 2539 680 :
2573 639 2759 679 omnes
2799 622 3080 689 loquamur
3117 633 3212 687 pro
3251 616 3502 687 parvulis,
3530 614 3602 669 ab

2016 716 2263 772 omnibus
2288 716 2367 771 eis
2393 716 2692 785 praebeatur
2728 714 3002 777 auxilium,
3035 727 3101 765 ne
3128 710 3354 781 perdant
3381 708 3600 763 caeleste

2017 808 2393 881 patrimonium
2416 808 2510 879 (a).
2557 807 2626 861 Et
2661 817 2878 877 propter
2917 788 3036 860 illos
3080 802 3337 857 Dominus
3388 800 3599 853 illorum

2020 902 2272 972 parvulus
2316 898 2484 954 laetus
2528 906 2631 953 est.
2662 897 2939 966 Quomodo
2965 896 3032 950 ad
3074 895 3193 964 ejus
3235 892 3601 947 liberationem

2021 1010 2127 1050 non
2168 994 2563 1069 pertinuerunt,
2601 992 2691 1063 qui
2736 1007 2831 1062 pro
2872 991 2963 1045 illo
2986 988 3142 1060 primi
3180 986 3350 1042 occidi
3393 998 3605 1039 merue-

2023 1088 2193 1143 runt?

2096 1181 2182 1234 Η.
2206 1177 2435 1234 Christus
2460 1178 2609 1232 etiam
2639 1176 2861 1247 parvulis
2893 1183 2967 1228 est
2993 1172 3161 1237 Jesus,
3190 1171 3244 1224 id
3269 1178 3340 1224 est
3364 1168 3603 1224 salvator.

2024 1272 2304 1328 Postremo
2330 1271 2397 1325 de
2426 1272 2540 1340 ipso
2566 1269 2791 1323 Domino
2834 1266 3127 1332 Salvatore,
3157 1280 3278 1319 cum
3313 1262 3429 1330 ejus
3474 1259 3609 1313 nati-

2026 1367 2160 1420 vitas
2195 1366 2433 1434 proxima
2476 1362 2940 1435 praznuntiaretur,
2973 1360 3173 1413 dictum
3202 1367 3307 1424 est,
3348 1354 3611 1409 Vocabunt

2026 1476 2206 1512 nomen
2252 1460 2359 1529 ejus
2387 1457 2563 1512 Jcsum
2590 1472 2608 1510 :
2637 1458 2744 1526 ipse
2775 1456 2909 1510 enim
2946 1454 3140 1507 salvum
3185 1453 3333 1524 faciet
3365 1450 3612 1522 papulum

2026 1569 2175 1605 suum
2206 1568 2236 1603 a
2265 1551 2480 1622 peccatis
2502 1566 2672 1603 eorum
2704 1546 2913 1620 (Matth.
2932 1562 2970 1609 ι,
2998 1544 3114 1614 21).
3138 1544 3318 1599 Jesum
3347 1552 3611 1608 tenemus,

2028 1643 2519 1713 interpretationem
2552 1628 2781 1695 nominis
2820 1638 2978 1708 hujus
3013 1635 3291 1690 habemus.
3322 1633 3498 1703 Quare
3522 1632 3615 1688 Je-

2029 1753 2139 1803 sus,
2176 1737 2317 1807 quod
2348 1736 2508 1790 latine
2548 1734 2790 1789 Salvator
2818 1732 3029 1798 dicitur,
3066 1743 3231 1799 quare
3260 1726 3453 1781 Jesns?
3496 1724 3620 1795 Ipse

2032 1832 2163 1891 enim
2191 1829 2387 1885 salvum
2428 1830 2576 1898 faciet
2605 1827 2849 1897 populum
2877 1841 3043 1878 suum.
3091 1820 3197 1876 Sed
3242 1821 3447 1875 salvum
3492 1817 3621 1873 fecit

2032 1925 2281 1999 populum
2324 1939 2477 1979 suum
2518 1923 2569 1975 in
2617 1936 2776 1973 manu
2808 1918 3006 1988 potenti
3026 1916 3266 1987 Moyses,
3300 1920 3355 1967 et
3384 1911 3437 1965 in
3466 1909 3622 1979 adju-

2033 2018 2171 2071 torio
2195 2015 2407 2069 Excelsi
2434 2029 2463 2066 a
2492 2012 2863 2083 persecutione
2881 2017 2935 2063 et
2964 2005 3326 2061 dominatione
3343 2001 3624 2071 Egyptio-

2033 2125 2150 2171 rum
2179 2127 2190 2161 :
2222 2107 2346 2161 fecit
2382 2106 2584 2159 salvum
2628 2103 2881 2174 populum
2922 2116 3076 2154 suum
3118 2108 3172 2153 et
3208 2096 3362 2151 .lesns
3406 2094 3550 2148 Nave
3592 2108 3624 2147 a

2034 2198 2467 2272 persecutoribus
2507 2197 2763 2266 bellisque
2804 2193 3085 2264 gentium:
3132 2190 3375 2245 fecerunt
3416 2187 3624 2242 salvum

2037 2296 2286 2365 pupulum
2320 2293 2553 2359 Judices,
2583 2307 2705 2346 eum
2738 2290 2805 2345 ab
2833 2286 3135 2357 Allopbylis
3178 2284 3502 2346 liberantes;
3545 2280 3628 2336 fe-

2037 2394 2227 2441 cerunt
2250 2395 2302 2439 et
2324 2386 2517 2463 Reges,
2548 2398 2577 2436 a
2603 2382 2878 2436 dominatu
2908 2380 3322 2447 circumquaque
3353 2374 3626 2428 oblatran-

2043 2478 2170 2531 tium
2199 2461 2434 2547 gentium
2474 2475 2777 2541 liberalites.
2816 2471 2928 2525 Non
2969 2471 3046 2523 sic
3084 2469 3253 2521 salvat
3285 2466 3483 2520 Jcsus:
3529 2461 3625 2517 sed

2040 2588 2078 2635 α,
2104 2568 2318 2637 peccatis
2349 2583 2539 2620 eorum.
2574 2564 2832 2625 Vocabunt
2860 2577 3037 2614 nomen
3068 2560 3176 2629 ejus
3200 2557 3395 2610 Jesum.
3416 2554 3627 2622 Quare?

2041 2658 2163 2735 Ipse
2178 2661 2309 2714 enim
2337 2659 2529 2712 salvum
2559 2636 2706 2726 faciet
2732 2654 2974 2727 populum
3018 2668 3183 2707 suum.
3211 2649 3401 2705 Unde?
3431 2652 3474 2700 Α
3515 2663 3630 2719 pec-

2044 2754 2168 2806 catis
2199 2768 2389 2813 eorwn.
2438 2740 2587 2803 Nunc
2616 2748 2683 2801 de
2725 2746 2942 2818 parvulo
2992 2744 3281 2811 interrogo,
3314 2740 3535 2798 affertur
3561 2737 3627 2792 ad

2045 2818 2325 2923 ecclesiam
2375 2838 2655 2894 faciendus
2701 2837 3046 2901 cluistianus,
3094 2830 3462 2907 baptizandus,
3502 2838 3631 2899 puto

2045 2936 2168 3006 quia
2204 2920 2321 2988 ideo
2373 2940 2429 2986 ut
2477 2932 2546 2985 sit
2595 2931 2646 2983 in
2702 2928 2899 2998 populo
2942 2925 3087 2981 Jesn.
3118 2925 3279 2993 Cujus
3325 2922 3493 2977 Jesu?
3530 2920 3633 2988 Qui

2047 3018 2239 3082 salvum
2272 3024 2397 3079 facit
2436 3022 2677 3093 populum
2704 3035 2849 3073 suum
2877 3036 2907 3070 a
2947 3016 3167 3089 peccatis
3211 3030 3404 3069 eorum.
3437 3013 3492 3068 Si
3525 3028 3633 3067 non

2047 3119 2208 3174 habet
2238 3116 2377 3188 quod
2422 3116 2474 3170 in
2523 3114 2611 3167 illo
2659 3112 2910 3172 salvetur,
2957 3108 3228 3163 auferatur
3262 3106 3405 3160 hinc.
3455 3103 3634 3171 Quare

2050 3228 2154 3267 non
2183 3210 2409 3263 dicimus
2447 3205 2730 3271 matribus,
2760 3203 2980 3258 Auferte
3017 3202 3140 3256 hinc
3171 3203 3301 3255 istos
3347 3198 3638 3270 parvulos?

2049 3305 2204 3360 Jesus
2247 3318 2477 3372 namque
2505 3301 2737 3357 salvator
2766 3308 2848 3352 est
2881 3312 2892 3350 :
2928 3297 2972 3350 si
3017 3312 3122 3351 non
3162 3295 3359 3350 habent
3384 3294 3471 3348 isti
3495 3293 3638 3363 quod

2052 3398 2103 3452 in
2139 3397 2245 3449 illis
2292 3394 2545 3456 salvetur,
2591 3392 2797 3446 auferte
2840 3388 2966 3442 hinc
3006 3385 3214 3458 eos(b).
3260 3385 3381 3440 Non
3410 3394 3482 3440 est
3511 3402 3640 3453 Opus

2051 3490 2188 3543 sanis
2240 3487 2480 3547 medicus,
2517 3484 2604 3539 sed
2649 3483 2782 3539 male
2846 3480 3140 3533 habentibus
3199 3477 3336 3551 (Id.
3382 3495 3457 3543 ιχ,
3502 3479 3570 3533 12
3598 3480 3636 3547 ).

2053 3579 2282 3635 Audebit
2310 3578 2438 3632 mihi
2465 3577 2743 3646 quisquam
2789 3573 2837 3626 in
2870 3572 2972 3625 hoc
2997 3571 3199 3639 parvuli
3227 3556 3536 3624 discrimine
3562 3568 3641 3623 di—

2053 3690 2176 3729 cere
2206 3693 2218 3727 :
2261 3671 2385 3725 Mihi
2414 3682 2495 3725 est
2523 3670 2698 3733 .lcsus,
2745 3666 2869 3720 huic
2906 3680 3009 3719 non
3041 3672 3121 3718 est
3148 3662 3323 3718 Jcsus.
3364 3663 3502 3732 Ergo
3546 3661 3641 3716 tibi

2054 3772 2136 3820 est
2161 3764 2345 3827 Jesus,
2398 3762 2522 3815 huic
2553 3775 2656 3814 non
2684 3765 2767 3812 cst
2790 3756 2981 3811 .lesus?
3008 3754 3123 3809 Non
3160 3753 3303 3808 venit
3330 3752 3396 3806 ad
3426 3753 3644 3817 Jesum?

2055 3872 2162 3909 non
2196 3869 2291 3924 pro
2338 3852 2427 3909 illo
2469 3849 2821 3919 respondetur
2866 3856 2925 3901 ut
2955 3846 3137 3900 credat
3166 3845 3217 3897 in
3247 3844 3468 3899 Jcsum?
3498 3843 3644 3898 Alte-

2057 3963 2173 4002 rtttn
2207 3942 2526 4014 baptiSmum
2567 3940 2891 3995 instituimus
2929 3936 3184 4008 parvulis,
3212 3936 3263 3988 in
3306 3948 3410 4005 quo
3448 3948 3555 3987 non
3588 3932 3647 3985 fit

2064 4038 2309 4094 remissio
2341 4034 2717 4105 peccatorum?
2760 4016 2931 4086 Plane
2967 4031 3009 4083 si
3042 4028 3142 4081 iste
3172 4026 3419 4096 parvulus
3464 4038 3559 4093 pro
3588 4038 3647 4077 se

2060 4130 2201 4199 loqui
2238 4138 2438 4198 posset,
2472 4142 2657 4180 vocem
2690 4122 3102 4180 contradicentis
3140 4119 3430 4180 refelleret,
3463 4126 3516 4171 et
3540 4115 3650 4170 ela-

2060 4232 2273 4279 maret:
2308 4222 2381 4275 Da
2434 4220 2560 4273 mihi
2601 4219 2764 4272 vitam
2812 4214 3047 4279 Christi;
3096 4214 3149 4267 in
3194 4211 3361 4265 Adam
3406 4218 3649 4264 mortuus

2062 4332 2214 4381 smn;
2248 4314 2313 4369 da
2342 4314 2469 4367 mihi
2488 4314 2646 4365 vitam
2664 4308 2882 4374 Christi,
2898 4308 2951 4360 in
2969 4306 3115 4370 cuius
3135 4312 3403 4372 conspectu
3431 4300 3648 4354 mundus

2064 4424 2163 4463 non
2192 4417 2284 4469 est,
2317 4422 2404 4459 nec
2432 4405 2603 4474 infans
2629 4402 2774 4471 cujus
2805 4409 2874 4453 est
2919 4399 3067 4455 unius
3095 4397 3193 4450 diei
3234 4396 3333 4448 vita
3366 4409 3519 4461 super
3547 4402 3650 4445 ter-

2064 4520 2175 4557 ram
2201 4499 2319 4572 (Job
2379 4514 2494 4563 xw,
2523 4498 2574 4564 4,
2607 4512 2703 4550 sec.
2740 4492 2928 4566 LXX).
2963 4494 3081 4546 Istis
3116 4494 3336 4562 gratiam
3369 4505 3472 4541 non
3493 4502 3655 4557 nega-

2065 4605 2167 4663 ret,
2211 4609 2311 4649 nec
2351 4592 2441 4662 qui
2481 4591 2547 4645 de
2602 4605 2698 4645 suo
2739 4588 2912 4643 daret.
2954 4587 3074 4643 Fiat
3118 4583 3479 4639 misericordia
3530 4598 3651 4637 cum

2066 4689 2297 4745 miseris.
2332 4684 2528 4756 thuid
2564 4698 2748 4739 eorum
2780 4681 3080 4736 innocentia
3108 4679 3243 4732 ultra
3288 4676 3502 4730 modum
3534 4676 3653 4729 lau-

2066 4781 2261 4850 datur?
2286 4778 2563 4845 lnveniant
2590 4776 2929 4843 salvatorem,
2960 4769 3199 4826 nondum
3244 4768 3478 4835 sentiant
3518 4766 3653 4822 adu-

2070 4877 2315 4930 latorem.
2350 4874 2454 4927 Nos
2502 4871 2658 4939 plane
2698 4870 2750 4923 iu
2783 4877 2929 4921 tanto
2971 4863 3247 4919 infantium
3292 4862 3530 4931 periculo
3559 4874 3659 4916 nec

2073 4967 2345 5037 disputare
2388 4964 2668 5030 debemus,
2714 4977 2778 5016 ne
2825 4974 3009 5014 eorum
3061 4958 3287 5021 salutem
3338 4956 3423 5009 vel
3472 4954 3656 5023 dispu-

2074 5060 2238 5119 tando
2264 5059 2477 5117 differre
2506 5057 2800 5112 videamur.
2843 5052 3131 5115 Affcratur,
3163 5052 3433 5115 abluatur,
3469 5049 3657 5103 libere‘

2076 5164 2181 5219 tur,
2213 5152 2534 5205 viviﬁcetur.
2580 5148 2723 5204 Sicut
2748 5147 2799 5200 in
2839 5145 3003 5198 Adam
3034 5160 3205 5198 omnes
3253 5142 3557 5208 moriuntur,
3590 5141 3657 5205 sic

2077 5255 2121 5305 et
2164 5247 2217 5305 itt
2258 5243 2457 5304 Christo
2499 5257 2669 5299 attines
2717 5238 3120 5308 viviﬁcabuntur.
3166 5236 3283 5292 Non
3329 5233 3529 5291 invenit
3560 5249 3658 5302 qua

2078 5342 2281 5419 veniret
2310 5340 2361 5394 in
2408 5338 2564 5408 hujus
2594 5333 2773 5389 smculi
2818 5333 2998 5396 vitam,
3028 5332 3128 5386 nisi
3164 5346 3258 5407 per
3298 5329 3464 5383 Adam
3501 5346 3514 5380 :
3558 5344 3661 5381 non

2081 5434 2314 5488 inveniet
2343 5445 2443 5500 qua
2486 5426 2678 5483 evadat
2718 5425 2881 5481 futuri
2927 5424 3107 5480 smeuli
3146 5437 3385 5493 pinnam,
3431 5420 3531 5475 nisi
3573 5433 3664 5485 per

2081 5528 2369 5583 Clu-istum.
2413 5522 2549 5589 Quid
2577 5519 2778 5574 claudis
2810 5519 3018 5573 unicam
3050 5515 3306 5588 jannam?
3353 5512 3495 5567 Unus
3534 5510 3663 5564 enim

2146 5664 2216 5722 (ιι)
2250 5662 2364 5710 Vide
2400 5673 2546 5709 serui.
2586 5657 2690 5722 176,
2729 5672 2777 5706 ιι,
2812 5654 2857 5722 ἓ.

2250 5664 2364 5710 Vide
2400 5673 2546 5709 scrin.
2586 5664 2690 5716 176,
2729 5672 2777 5706 n.
2812 5664 2857 5705 2.

2198 5664 2219 5790 3
2252 5722 2368 5775 Vide
2400 5735 2550 5775 serm.
2588 5720 2694 5783 171,
2731 5734 2766 5771 ιι
2815 5718 2915 5769 7-9.
