4036 6458
286 344 425 405 1337

285 458 475 516 salutis
514 466 570 513 et
602 455 727 512 vitae
768 464 981 511 aeternae
1020 451 1376 525 percipiendae
1403 464 1596 516 causa,
1629 448 1723 505 sed
1753 456 1873 502 tan-

288 548 566 605 tummodo
611 549 757 619 regni
804 547 1061 603 caelorum
1100 554 1156 601 et
1196 543 1345 616 regni
1374 543 1501 609 Dei;
1531 538 1877 612 baptizandos

289 640 504 711 quidem
533 638 785 707 fatentur,
814 639 909 694 sed
934 652 1039 693 non
1061 646 1275 707 propter
1295 636 1456 690 vitam
1482 645 1757 699 aeternam,
1781 630 1877 686 sed

288 742 509 803 prepter
539 747 758 803 regnum
796 732 1073 789 caelorum.
1104 729 1241 798 Quid
1269 728 1336 783 de
1363 728 1469 782 vita
1495 725 1729 783 aeterna?
1767 724 1876 778 Ha-

289 824 510 889 bebunt,
543 824 804 894 inquiunt.
834 823 1009 891 Quare
1036 820 1337 877 habebunt?
1360 819 1490 887 Quia
1518 819 1717 874 nullum
1743 832 1871 887 pec-

288 927 468 971 catum
495 916 711 982 habent,
744 926 798 971 et
821 916 888 971 ad
914 915 1310 970 damnationem
1335 912 1602 983 pertinere
1627 926 1730 965 non
1756 926 1879 980 pos-

288 1018 435 1062 sunt.
468 1008 609 1078 Ergo
640 1017 721 1063 est
746 1008 853 1061 vita
883 1018 1081 1062 aeterna
1111 1015 1259 1062 extra
1287 1020 1507 1075 regnum
1534 1002 1825 1058 caelorum?

363 1099 594 1156 CAPUT
626 1099 709 1155 Ill.
742 1129 813 1140 â€”
854 1100 907 1155 5.
961 1097 1128 1152 Vitam
1171 1106 1408 1152 (sternam
1441 1112 1542 1149 non
1565 1110 1671 1148 esse
1699 1102 1880 1164 preter

288 1208 502 1260 regnum
523 1191 778 1244 caelorum.
807 1189 834 1242 1
843 1199 950 1244 nter
977 1190 1207 1243 dextram
1235 1187 1301 1240 ad
1339 1202 1549 1256 regnum
1588 1183 1683 1237 Dei
1721 1184 1880 1253 perti-

289 1283 517 1338 nentium
539 1324 555 1349 ,
590 1291 637 1335 ct
663 1282 919 1336 sinistram
961 1280 1316 1334 damnatorum
1350 1278 1521 1331 nullus
1562 1274 1756 1329 medius
1801 1274 1880 1328 lo-

285 1389 401 1427 cus.
434 1372 644 1427 Primus
669 1372 755 1427 hic
784 1387 936 1436 error
961 1369 1285 1426 aversandus
1320 1368 1387 1422 ab
1411 1367 1652 1431 auribus,
1688 1365 1882 1420 exstir-

292 1463 503 1532 pandus
530 1478 560 1517 a
592 1463 882 1519 mentibus.
930 1462 1042 1517 Hoc
1085 1476 1280 1516 novum
1319 1460 1371 1513 in
1420 1459 1685 1523 Ecclesia,
1733 1456 1880 1526 prius

289 1555 587 1609 inauditum
616 1564 694 1609 est
717 1595 732 1621 ,
779 1568 898 1609 esse
942 1555 1103 1608 vitam
1150 1560 1404 1607 mternam
1436 1560 1629 1617 praeter
1656 1562 1879 1617 regnum

288 1647 550 1702 caelorum
571 1688 585 1712 ,
615 1661 735 1701 esse
762 1646 987 1700 salutem
1009 1653 1263 1699 aeternam
1292 1650 1485 1712 praeter
1511 1655 1732 1710 regnum
1761 1639 1877 1694 Dei.

290 1737 472 1792 Primo
500 1736 644 1804 vide,
663 1735 847 1804 frater,
878 1752 946 1791 ne
976 1735 1110 1791 forte
1140 1735 1263 1789 hinc
1287 1734 1586 1790 consentire
1610 1732 1761 1787 nobis
1788 1730 1882 1787 de-

289 1828 450 1895 beas,
480 1829 725 1899 quisquis
748 1828 814 1882 ad
836 1843 1060 1898 regnum
1092 1827 1187 1882 Dei
1213 1841 1316 1881 non
1358 1826 1621 1895 pertinet,
1651 1840 1774 1879 eum
1813 1823 1880 1878 ad

288 1919 690 1974 damnationem
718 1920 834 1975 sine
873 1918 1034 1974 dubio
1076 1918 1359 1988 pertinere.
1394 1916 1657 1970 Venturus
1703 1914 1883 1968 Domi-

288 2026 390 2064 nus
411 2049 431 2077 ,
461 2020 516 2065 et
536 2010 867 2080 judicaturus
890 2011 959 2066 de
984 2011 1117 2065 vivis
1157 2019 1211 2065 et
1236 2009 1488 2074 mortuis,
1530 2009 1667 2062 sicut
1708 2007 1881 2061 Evan-

288 2103 491 2171 gelium
530 2103 781 2173 loquitur,
831 2104 964 2158 duas
1002 2112 1178 2173 partes
1206 2102 1440 2158 facturus
1477 2113 1597 2167 est,
1639 2103 1880 2158 dextram

294 2202 349 2247 et
374 2194 667 2249 sinistram.
698 2193 941 2249 Sinistris
969 2194 1224 2256 dicturus,
1255 2193 1333 2246 Ite
1351 2194 1402 2247 in
1431 2194 1594 2263 ignem
1614 2202 1877 2259 wternum,

292 2285 381 2353 qui
425 2294 633 2354 paratus
675 2294 747 2338 est
776 2284 977 2340 diabolo
1006 2295 1051 2339 et
1080 2286 1273 2356 angelis
1300 2287 1409 2355 ejus
1438 2301 1457 2339 :
1485 2285 1685 2340 dextris
1710 2284 1883 2339 dictu-

289 2392 418 2443 rus,
474 2376 668 2445 Venite,
714 2378 956 2433 benedicti
1001 2378 1175 2432 Patris
1202 2380 1333 2447 mei,
1385 2381 1624 2449 percipite
1672 2397 1880 2450 regnum

288 2471 426 2537 quod
446 2470 581 2525 vobis
611 2480 846 2541 paratum
874 2481 943 2525 est
966 2472 1027 2524 ab
1067 2473 1260 2542 origine
1296 2473 1489 2530 mundi.
1527 2473 1633 2527 llac
1658 2488 1878 2543 regnum

287 2558 549 2626 nominat,
582 2561 681 2614 hac
707 2576 827 2615 eum
856 2561 1067 2616 diabolo
1095 2561 1509 2616 damnationem.
1539 2562 1725 2616 Nullus
1753 2564 1880 2617 reli-

288 2659 408 2703 ctus
436 2659 517 2704 est
542 2650 747 2706 medius
776 2652 923 2707 locus
942 2694 955 2715 ,
994 2653 1080 2707 ubi
1110 2668 1308 2723 ponere
1331 2668 1497 2723 queas
1526 2654 1769 2709 infantes.
1806 2654 1880 2710 De

288 2740 430 2793 vivis
451 2752 503 2794 et
525 2742 744 2795 mortuis
767 2740 1089 2810 judicabitur
1137 2762 1150 2796 :
1192 2743 1279 2796 alii
1316 2751 1472 2798 erunt
1496 2743 1561 2797 ad
1602 2742 1876 2810 dextram,

290 2831 384 2885 alii
415 2832 481 2886 ad
508 2833 774 2887 sinistram
806 2851 819 2886 :
850 2849 955 2889 non
1004 2834 1129 2889 novi
1172 2834 1332 2889 aliud.
1380 2834 1479 2901 Qui
1517 2835 1725 2890 inducis
1768 2850 1879 2891 me-

289 2921 437 2975 dium
462 2964 476 2982 ,
500 2922 691 2978 recede
717 2923 783 2978 de
812 2924 1024 2978 medio:
1056 2940 1159 2979 non
1187 2932 1240 2979 te
1264 2924 1496 2979 offendat
1521 2926 1609 2994 qui
1636 2927 1876 2981 dextram

288 3014 501 3081 quaerit.
533 3014 601 3067 Et
627 3024 675 3068 te
702 3015 871 3084 ipsum
895 3015 1156 3071 admoneo
1186 3035 1198 3070 :
1230 3016 1419 3072 recede
1443 3017 1511 3072 de
1537 3019 1715 3071 medio
1737 3059 1753 3083 ,
1784 3018 1879 3073 sed

292 3104 402 3157 noli
452 3104 504 3157 in
545 3105 835 3161 sinistram.
870 3106 925 3161 Si
952 3121 1078 3176 ergo
1106 3107 1291 3161 dextra
1322 3108 1424 3161 erit
1449 3116 1503 3162 et
1529 3108 1744 3163 sinistra
1764 3149 1779 3174 ,
1824 3118 1881 3165 et

289 3194 493 3249 nullum
526 3195 757 3250 medium
789 3197 962 3251 locum
992 3199 1043 3252 in
1088 3198 1377 3268 Evangelio
1409 3200 1653 3255 novimus
1695 3218 1708 3253 :
1756 3215 1880 3257 ecce

288 3285 341 3339 in
374 3284 557 3339 dextra
589 3301 811 3356 regnum
837 3288 1094 3343 caelorum
1119 3298 1232 3355 est,
1263 3288 1544 3360 Percipite,
1576 3291 1778 3362 inquit,
1808 3310 1882 3349 re-

286 3394 464 3447 gnum.
488 3377 587 3445 Qui
617 3379 688 3434 ibi
717 3395 820 3434 non
846 3388 967 3447 est,
1001 3382 1053 3435 in
1079 3382 1291 3437 sinistra
1317 3394 1417 3438 est.
1443 3384 1578 3454 Quid
1606 3386 1707 3440 erit
1734 3386 1787 3441 in
1809 3386 1883 3440 si-

286 3469 493 3524 nistra?
519 3468 598 3524 Ite
626 3472 676 3525 in
713 3473 880 3544 ignem
918 3483 1177 3529 (sternunt.
1209 3476 1266 3530 ln
1306 3476 1495 3531 dextra
1524 3478 1587 3531 ad
1616 3494 1835 3548 regnum
1860 3519 1877 3547 ,

287 3560 472 3631 utique
498 3570 791 3627 aeternum;
827 3563 881 3618 in
910 3564 1123 3619 sinistra
1165 3566 1217 3620 in
1250 3567 1424 3637 ignem
1468 3576 1747 3623 aeternum.
1779 3570 1881 3637 Qui

288 3664 397 3704 non
425 3652 476 3705 in
504 3651 686 3707 dextra
705 3694 719 3719 ,
752 3655 933 3723 procul
961 3655 1123 3710 dubio
1149 3657 1203 3711 in
1230 3658 1441 3713 sinistra
1472 3677 1484 3712 :
1516 3675 1643 3729 ergo
1668 3661 1754 3728 qui
1773 3676 1878 3716 non

290 3741 343 3795 in
382 3757 552 3811 regno
571 3784 585 3809 ,
617 3746 798 3813 procul
829 3745 989 3801 dubio
1017 3747 1071 3801 in
1100 3748 1217 3818 igne
1246 3758 1469 3804 aeterno.
1499 3747 1653 3806 Certe
1684 3751 1881 3807 habere

289 3843 469 3903 potest
494 3837 509 3865 Â¹
542 3836 701 3890 vitam
727 3848 978 3893 aeternam
1000 3882 1015 3908 ,
1046 3841 1135 3910 qui
1162 3856 1268 3895 non
1292 3841 1621 3912 baptizatur?
1641 3844 1756 3900 Non
1779 3846 1882 3901 erit

292 3926 345 3979 in
378 3926 581 3992 dextra,
614 3927 665 3981 id
694 3939 773 3984 est
794 3972 809 3997 ,
844 3946 946 3984 non
978 3932 1080 3985 erit
1105 3933 1157 3986 in
1188 3948 1371 4002 regno.
1401 3934 1572 3989 Vitam
1622 3944 1878 3993 aeternam

286 4026 567 4086 eomputas
594 4019 768 4089 ignem
799 4022 1217 4092 sempiternum?
1237 4024 1306 4078 Et
1328 4025 1395 4079 de
1422 4026 1533 4095 ipsa
1557 4027 1661 4081 vita
1681 4036 1879 4083 aeterna

285 4109 409 4164 andi
442 4114 775 4180 expressius,
808 4116 929 4184 quia
960 4116 1092 4171 nihil
1139 4117 1281 4173 aliud
1324 4128 1406 4174 est
1458 4136 1678 4191 regnum
1721 4138 1878 4193 quam

286 4201 395 4255 vita
427 4212 648 4258 aeterna.
701 4205 855 4261 Prius
885 4223 1107 4277 regnum
1150 4210 1472 4279 nominavit,
1518 4213 1613 4268 sed
1656 4214 1710 4269 in
1751 4214 1880 4271 dexâ€”

285 4296 413 4361 tris;
444 4296 619 4368 ignem
652 4307 911 4353 aeternum
938 4301 991 4354 in
1020 4301 1266 4356 sinistris.
1294 4304 1542 4358 Extrema
1571 4314 1746 4359 autem
1766 4322 1881 4361 sen-

288 4391 451 4444 tentia
473 4432 487 4454 ,
520 4400 578 4445 ut
618 4392 834 4448 doceret
878 4392 1002 4463 quid
1031 4396 1099 4449 sit
1122 4410 1341 4464 regnum
1363 4438 1379 4462 ,
1413 4404 1467 4451 et
1497 4397 1620 4467 quid
1650 4399 1719 4453 sit
1746 4399 1880 4469 ignis

286 4492 555 4552 aeternus,
591 4484 750 4553 Tune,
796 4486 1004 4556 inquit,
1048 4488 1252 4543 abibunt
1298 4490 1383 4544 isti
1421 4492 1474 4544 in
1516 4491 1879 4548 ambustionem

284 4585 569 4640 aeternam;
597 4578 728 4646 justi
751 4588 921 4632 autem
943 4579 997 4633 in
1039 4580 1193 4634 vitam
1226 4592 1464 4637 azternam
1506 4582 1716 4656 (Matth.
1752 4602 1876 4655 xxv,

284 4667 788 4741 3,54,41,46).

357 4758 588 4815 CAPUT
615 4760 704 4815 IV.
734 4791 805 4802 â€”
830 4761 971 4818 Ecce
996 4766 1240 4835 exposuit
1273 4767 1363 4822 tibi
1385 4768 1513 4839 quid
1541 4770 1611 4825 sit
1632 4785 1876 4843 regnum,

282 4859 339 4904 et
368 4850 497 4919 quid
523 4850 593 4906 sit
617 4850 752 4922 ignis
777 4862 1045 4921 aeternus;
1075 4864 1133 4910 ut
1156 4857 1369 4925 quando
1392 4860 1665 4916 conï¬teris
1690 4878 1882 4931 parvu-

283 4942 396 4995 lum
426 4956 530 4997 non
561 4941 793 4998 futurum
822 4945 874 4999 in
914 4961 1112 5017 regno,
1140 4946 1351 5003 fatearis
1381 4949 1616 5006 futurum
1667 4953 1720 5009 in
1759 4953 1880 5025 igne

282 5043 512 5089 aeterno.
544 5033 784 5106 Regnum
810 5039 950 5093 enim
978 5041 1235 5095 caelorum
1263 5050 1344 5096 est
1368 5043 1473 5097 vita
1499 5053 1720 5101 aeterna.

362 5124 419 5179 4.
444 5124 745 5181 Exclusioni
768 5145 800 5181 a
825 5146 979 5200 regno
1023 5129 1118 5184 Dei
1136 5174 1152 5199 ,
1194 5135 1515 5204 conjunctam
1541 5152 1646 5191 esse
1680 5155 1880 5208 pinnam

288 5215 428 5287 ignis
450 5218 647 5275 eterni.
674 5218 783 5276 Nec
802 5221 945 5276 aliud
985 5224 1145 5278 etiam
1187 5226 1459 5296 apostolus
1499 5227 1725 5297 Paulus,
1757 5247 1877 5287 cum

289 5316 525 5365 terreret.
546 5308 819 5378 homines,
848 5329 952 5368 non
982 5318 1250 5386 parvulos,
1284 5335 1392 5374 non
1419 5320 1715 5391 baptizatos
1734 5366 1750 5393 ,
1782 5326 1876 5382 sed

282 5398 547 5455 scelestos
569 5441 583 5466 ,
622 5400 952 5459 facinorosos
976 5447 991 5472 ,
1020 5408 1440 5473 contaminatos,
1472 5413 1736 5481 perditos;
1770 5432 1876 5472 non

281 5504 387 5545 eos
413 5493 606 5547 terruit
648 5494 788 5563 quod
814 5506 972 5551 erunt
1010 5498 1062 5553 in
1106 5498 1224 5568 igne
1249 5502 1573 5572 sempiterno
1592 5548 1606 5573 ,
1633 5522 1738 5576 quo
1763 5509 1879 5565 sine

280 5580 453 5637 dubio
475 5583 658 5648 ibunt,
684 5586 728 5640 si
755 5602 859 5642 non
888 5590 1223 5660 corrigantur
1251 5611 1264 5648 :
1306 5595 1398 5648 sed
1428 5604 1626 5651 tantum
1653 5602 1836 5657 terruit
1860 5644 1874 5669 ,

276 5674 411 5745 quia
445 5676 498 5729 in
530 5692 695 5747 regno
726 5696 828 5735 non
859 5693 1049 5750 erunt;
1086 5694 1142 5739 ut
1167 5700 1284 5740 cum
1316 5688 1542 5746 viderint
1569 5706 1627 5748 se
1659 5694 1878 5764 perdere

341 5798 357 5822 Î¹
385 5790 525 5855 Editi,
544 5803 639 5843 non
661 5799 828 5857 potest.
853 5796 1018 5863 Abest,
1052 5809 1165 5865 non,
1189 5812 1214 5850 a
1240 5806 1346 5853 Mss.

1679 330 1911 393 SERMO
1946 332 2217 392 CCCXIV.

3423 352 3564 413 i358

1982 461 2131 517 spem
2153 451 2318 521 regni,
2344 467 2448 508 non
2472 453 2715 511 viderent
2740 470 2860 514 esse
2882 470 3293 534 eonsequentem
3323 466 3425 522 nisi
3449 484 3567 541 pte-

1981 555 2104 594 nam
2133 541 2269 612 ignis
2294 548 2498 602 aeterni.
2532 566 2552 601 c
2595 548 2802 619 Nolite,
2844 571 2863 605 Î¹
2899 553 3102 625 inquit,
3144 577 3163 609 â€¹
3196 573 3377 615 errare
3408 577 3423 615 :
3465 578 3565 618 ne-

1983 645 2087 699 que
2144 631 2524 704 fornicatores,
2571 655 2744 710 neque
2792 642 2946 699 idolis
3002 646 3329 715 servientes,
3392 666 3567 722 neque

1984 720 2251 791 adulteri,
2298 742 2468 797 neque
2498 730 2721 795 molles,
2755 748 2929 803 neque
2973 738 3326 795 masculorum
3367 720 3566 799 concu-

1984 811 2208 881 bitores,
2252 832 2424 888 neque
2450 820 2631 889 fures,
2677 838 2851 895 neque
2896 828 3074 896 avari,
3121 846 3292 901 neque
3331 834 3563 908 ebriosi,

1986 922 2157 977 neque
2184 910 2424 966 maledici
2450 955 2464 977 ,
2498 930 2670 986 neque
2697 933 2916 988 rapaces
2954 936 3179 992 regnum
3208 924 3302 979 Dei
3328 928 3566 995 posside-

1986 997 2135 1052 bunt.
2163 1018 2181 1051 Î¹
2204 1001 2319 1057 Non
2346 1003 2498 1069 dixit,
2522 1006 2601 1061 llli
2626 1016 2679 1063 et
2704 1010 2813 1078 illi,
2836 1012 2970 1067 tales
2992 1022 3045 1069 et
3073 1014 3203 1070 tales
3232 1017 3337 1087 igni
3367 1028 3569 1075 aeterno

1986 1091 2402 1160 torquebuntur;
2426 1096 2551 1164 sed,
2580 1114 2786 1170 regnum
2804 1100 2903 1156 Dei
2927 1120 3026 1158 non
3053 1107 3390 1175 possidebunt.
3434 1109 3572 1166 Sub-

1987 1191 2151 1237 tracta
2180 1183 2392 1254 dextra,
2428 1204 2533 1243 non
2559 1194 2817 1248 remansit
2866 1195 2967 1250 nisi
3016 1197 3250 1252 sinistra.
3297 1199 3448 1259 Unde
3474 1218 3571 1256 au-

1988 1283 2092 1328 tem
2120 1276 2349 1332 evadunt
2382 1278 2451 1334 ab
2475 1279 2595 1351 igne
2620 1284 2984 1353 sempiterno?
3008 1288 3124 1345 Non
3154 1291 3223 1346 ob
3251 1292 3395 1347 aliud
3418 1334 3432 1359 ,
3468 1294 3569 1349 nisi

1984 1369 2106 1438 quia
2151 1380 2310 1425 erunt
2351 1372 2404 1426 in
2453 1388 2635 1444 regno.
2680 1374 2972 1447 Sequitur:
3024 1400 3045 1434 Î¹
3088 1383 3154 1438 Î•Î¹
3198 1383 3312 1439 haec
3350 1386 3569 1458 quidem

1986 1459 2178 1515 fuistis.
2217 1482 2233 1515 Î¹
2272 1464 2338 1517 Et
2376 1464 2514 1520 unde
2549 1466 2658 1533 jam
2686 1483 2789 1522 non
2819 1470 2979 1524 sunt?
3013 1491 3032 1525 Î¹
3065 1473 3172 1529 Sed
3200 1476 3365 1532 abluti
3403 1478 3567 1547 estis,

1986 1553 2079 1606 sed
2110 1554 2422 1610 sanctificati
2452 1559 2617 1623 estis,
2648 1559 2744 1614 sed
2784 1560 3055 1630 justificati
3092 1567 3222 1622 estis
3262 1568 3315 1622 in
3354 1571 3570 1625 nomine

1989 1643 2197 1698 Domini
2227 1647 2392 1701 nostri
2440 1647 2564 1702 Jesu
2604 1649 2798 1705 Christi
2818 1694 2832 1717 ,
2864 1663 2919 1707 et
2945 1652 2996 1706 in
3026 1653 3224 1723 Spiritu
3252 1658 3345 1714 Dei
3376 1661 3567 1717 nostri.

1989 1734 2042 1789 In
2072 1739 2284 1794 nomine
2316 1739 2524 1794 Domini
2549 1743 2715 1797 nostri
2745 1742 2870 1798 Jesu
2893 1744 3086 1800 Christi
3121 1764 3140 1799 Î¹
3172 1747 3214 1819 (l
3239 1748 3355 1804 Cor.
3388 1767 3439 1805 v1
3464 1793 3480 1819 ,
3507 1751 3571 1808 9-

1988 1828 2102 1899 H).
2142 1850 2159 1881 Î¹
2196 1831 2309 1885 ÎÎ¿Î·
2340 1835 2481 1887 enim
2507 1843 2591 1889 est
2618 1835 2759 1890 aliud
2803 1852 2997 1893 nomen
3042 1839 3142 1894 sub
3187 1841 3325 1897 caelo
3368 1844 3420 1898 in
3463 1859 3570 1914 quo

1986 1930 2193 1990 oportet
2219 1924 2392 1979 salvos
2418 1923 2529 1979 ï¬eri
2576 1942 2673 1982 nos
2706 1946 2725 1979 Î¹
2761 1928 2897 1999 (Act.
2930 1946 3001 1984 IV.
3040 1930 3165 2002 12),
3195 1949 3295 1989 nos
3338 1950 3527 1992 omnes
3548 1978 3566 2006 ,

1985 2014 2207 2082 pusillos
2250 2032 2372 2071 cum
2415 2018 2639 2087 magnis.
2687 2020 2741 2076 Si
2785 2031 2963 2078 autem
3010 2025 3186 2083 salvos
3217 2026 3330 2083 ï¬eri
3360 2039 3571 2100 oportet

1987 2121 2085 2159 nos
2111 2107 2163 2160 in
2192 2106 2294 2163 hoc
2332 2111 2582 2177 nomine,
2633 2112 2750 2167 sine
2793 2112 2895 2169 hoc
2935 2116 3151 2172 nomine
3201 2120 3573 2189 proculdubio

1987 2211 2084 2250 nec
2108 2198 2251 2252 salus
2276 2200 2401 2265 erit,
2435 2216 2555 2270 quae
2583 2204 2698 2257 sine
2721 2201 2933 2260 Christo
2956 2208 3284 2276 promittitur
3310 2212 3567 2280 parvulis.

1985 2286 2123 2341 Pace
2166 2302 2349 2343 eorum
2394 2290 2597 2358 dicam,
2641 2293 2732 2364 qui
2770 2296 3012 2365 cuiquam
3057 2300 3281 2355 salutem
3309 2304 3572 2372 promittit

1985 2377 2103 2432 sine
2131 2378 2362 2447 Christo,
2402 2383 2584 2439 nescio
2610 2392 2787 2439 utrum
2817 2386 2932 2457 ipse
2963 2389 3184 2445 salutem
3216 2390 3414 2449 habere
3440 2407 3571 2465 pos-

1985 2471 2051 2525 sit
2076 2471 2128 2525 in
2156 2471 2388 2529 Christo.

2055 2566 2279 2622 CAPUT
2310 2567 2375 2622 V.
2406 2599 2477 2609 â€”
2495 2570 2549 2625 5.
2582 2569 2862 2641 Pelagiana
2881 2575 2994 2628 vita:
3018 2584 3220 2632 aeterna
3237 2586 3284 2633 et
3311 2580 3455 2650 regni
3470 2578 3571 2636 Dei

1983 2657 2234 2711 distinctio
2265 2659 2416 2728 plane
2456 2662 2740 2716 arbitraria.
2786 2663 2986 2721 Deinde
3030 2669 3319 2737 quaerimus
3348 2670 3416 2725 ab
3440 2671 3519 2726 eis
3549 2687 3568 2725 :

1983 2748 2154 2818 Quid,
2201 2751 2244 2804 si
2288 2752 2478 2821 aliquis
2517 2753 2689 2819 dicat,
2721 2757 2971 2825 parvulos
3019 2761 3209 2815 merito
3248 2762 3570 2819 innocentia:

1984 2854 2124 2906 sua),
2173 2841 2309 2896 sicut
2350 2842 2526 2899 dicitis
2546 2885 2560 2910 ,
2590 2854 2750 2916 atque
2780 2849 3129 2905 immunitatis
3168 2851 3237 2907 ab
3259 2854 3405 2909 omni
3432 2854 3568 2911 deli-

1983 2942 2070 2987 cto
2089 2974 2103 2999 ,
2134 2948 2238 2988 non
2266 2936 2435 2990 solum
2464 2936 2736 2995 habituros
2764 2942 2987 2998 salutem
3017 2953 3070 2998 et
3089 2945 3249 3000 vitam
3276 2953 3567 3019 aeternam,

1982 3025 2075 3080 sed
2106 3036 2158 3081 et
2186 3042 2404 3099 regnum
2438 3030 2567 3085 Dei?
2596 3034 2733 3089 unde
2762 3036 2900 3105 apud
2922 3052 3017 3091 vos
3035 3036 3308 3094 deï¬nitum
3337 3050 3572 3098 certum-

1983 3132 2089 3187 que
2122 3129 2234 3185 est,
2281 3121 2398 3176 sine
2444 3123 2714 3192 Baptismo
2753 3141 2974 3198 regnum
3024 3129 3115 3185 Dei
3145 3146 3251 3187 non
3297 3133 3571 3191 habituros

1983 3209 2263 3278 parvulos;
2297 3221 2354 3265 ut
2379 3211 2692 3269 divideretis
2732 3217 2810 3272 eis
2840 3233 2935 3287 pro
2968 3220 3191 3277 arbitrio
3218 3233 3430 3291 vestro,
3462 3240 3569 3281 non

1984 3310 2254 3380 adjutores
2285 3314 2623 3381 parvulorum
2648 3356 2664 3381 ,
2709 3316 2803 3371 sed
2841 3332 3186 3387 oppressores
3212 3322 3568 3389 miserorum;

1985 3408 2042 3454 ut
2071 3401 2364 3457 divideritis
2404 3404 2484 3457 eis
2515 3420 2610 3473 pro
2635 3406 2855 3461 arbitrio
2894 3418 3106 3476 vestro,
3156 3421 3211 3466 et
3250 3412 3450 3468 daretis
3491 3415 3573 3470 eis

1984 3491 2208 3545 salutem
2238 3499 2295 3547 et
2322 3494 2481 3547 vitam
2509 3505 2762 3550 aeternam
2794 3509 2987 3567 praeter
3015 3516 3236 3571 regnum
3273 3504 3573 3561 caelorum?

1983 3580 2134 3636 Alius
2158 3582 2563 3640 benevolentior
2589 3587 2742 3642 vobis
2763 3597 2818 3643 et
2844 3590 3258 3659 misericordior,
3290 3604 3346 3651 et
3381 3603 3439 3651 ut
3468 3612 3570 3667 pu-

1986 3673 2107 3726 tatis
2129 3672 2342 3743 justior,
2377 3684 2545 3731 totum
2574 3679 2652 3732 eis
2688 3678 2870 3743 dabit,
2913 3690 2966 3736 et
3010 3682 3173 3737 vitam
3216 3693 3472 3741 aeternam
3515 3696 3573 3743 et

1981 3780 2205 3834 regnum
2234 3767 2515 3823 caelorum.
2544 3768 2707 3824 Istum
2749 3773 3019 3841 quomodo
3044 3776 3402 3845 superabitis?
3425 3777 3572 3845 Quo-

1985 3856 2125 3909 niam
2152 3871 2248 3911 vos
2274 3858 2557 3928 aliquando
2582 3870 2768 3915 contra
2799 3861 3251 3919 evidentissimam
3278 3869 3571 3923 auctoritaâ€”

1986 3955 2090 4002 tem
2138 3950 2473 4006 ratiocinatio
2515 3952 2744 4008 humana
2788 3954 3018 4011 delectat
3048 3962 3100 4026 â¸,
3131 3958 3363 4029 proferte
3398 3962 3570 4032 ipsam

1986 4042 2221 4111 regulam
2248 4044 2471 4099 rationis
2496 4057 2720 4111 vestrae,
2750 4058 2805 4103 et
2833 4051 3054 4106 asserite
3072 4092 3087 4118 ,
3133 4054 3344 4123 quantis
3370 4055 3571 4113 viribus

1984 4134 2285 4202 valueritis,
2326 4137 2466 4192 unde
2495 4140 2737 4194 vincatur
2767 4141 2903 4208 iste,
2950 4144 3039 4212 qui
3081 4146 3317 4214 parvulis
3353 4157 3573 4219 propter

1985 4227 2173 4281 merita
2223 4229 2575 4298 innocentiae,
2622 4244 2839 4303 propter
2891 4236 3124 4306 nullam,
3179 4238 3316 4295 sicut
3363 4239 3568 4309 dicitis,

1985 4317 2193 4387 culpam
2216 4359 2231 4385 ,
2260 4319 2364 4375 hoc
2390 4329 2501 4387 est,
2531 4322 2792 4393 originale
2826 4335 3099 4395 peccatum
3121 4368 3136 4393 ,
3176 4328 3307 4385 dare
3344 4331 3574 4388 voluerit

1985 4411 2143 4465 etiam
2174 4427 2280 4467 non
2305 4412 2617 4483 baptizatis,
2648 4432 2754 4471 non
2782 4418 2952 4473 solum
2975 4420 3136 4476 vitam
3166 4431 3449 4489 aeternam,
3478 4439 3575 4479 ve-

1984 4517 2101 4556 rum
2131 4503 2291 4557 etiam
2317 4520 2537 4574 regnum
2566 4507 2824 4564 caelorum
2854 4527 2867 4564 :
2898 4510 3056 4566 istum
3082 4513 3295 4569 vincite.
3318 4513 3430 4584 Ego
3454 4515 3574 4571 sine

1985 4598 2292 4666 praeiudicio
2313 4608 2487 4669 partes
2519 4601 2675 4669 hujus
2702 4618 2988 4675 parumper
3012 4606 3271 4676 suscipio,
3302 4614 3357 4661 et
3395 4606 3573 4663 dicam

1984 4688 2127 4758 quod
2152 4690 2265 4760 ipse
2289 4705 2395 4745 non
2422 4692 2595 4747 sentio
2624 4711 2637 4747 :
2662 4694 2755 4750 sed
2782 4696 3045 4752 admoneo
3069 4712 3195 4763 vos,
3226 4706 3282 4752 ut
3308 4698 3573 4755 acriorem

1983 4780 2344 4837 adversarium
2375 4783 2615 4839 videatis.

2056 4872 2109 4928 6.
2142 4872 2340 4945 Negoto
2368 4876 2521 4931 semel
2557 4878 2796 4950 originali
2835 4888 3036 4950 peccato
3056 4919 3071 4943 ,
3122 4876 3429 4950 Pelagianos
3470 4897 3573 4937 non

1986 4979 2131 5033 posse
2156 4981 2267 5017 eum
2307 4968 2529 5034 vincere,
2575 4971 2660 5039 qui
2704 4968 2829 5024 nolit
2868 4968 3104 5040 parvulos
3128 4970 3330 5025 excludi
3356 4988 3387 5024 a
3416 4988 3573 5044 regno

1986 5053 2102 5109 Dei.
2136 5056 2275 5110 Ecce
2297 5058 2478 5113 existit
2512 5064 2693 5117 nescio
2717 5062 2836 5131 quis
2856 5102 2870 5125 ,
2900 5071 2954 5116 et
2979 5061 3107 5116 dicit
3135 5080 3147 5117 :
3182 5061 3438 5118 Parvulus
3462 5079 3572 5120 non

1985 5145 2189 5202 habens
2217 5148 2381 5203 ullum
2412 5153 2630 5207 omnino
2655 5162 2962 5221 peccatum,
3012 5168 3113 5209 nec
3152 5155 3293 5225 quod
3328 5169 3423 5211 sua
3463 5156 3577 5213 vita

1985 5241 2282 5308 contraxit,
2310 5258 2409 5298 nec
2428 5244 2569 5314 quod
2598 5244 2664 5298 de
2690 5245 2794 5297 vita
2818 5245 2972 5313 primi
3004 5248 3239 5316 parentis
3262 5248 3441 5318 traxit,
3472 5248 3574 5304 ha-

1985 5333 2130 5389 bebit
2158 5343 2213 5388 et
2243 5334 2402 5391 vitam
2431 5346 2684 5390 aeternam
2714 5343 2770 5390 et
2795 5350 3014 5406 regnum
3038 5339 3319 5394 ctelorum.

2058 5425 2282 5482 CAPUT
2322 5425 2408 5481 Vl.
2444 5454 2516 5465 --
2563 5426 2898 5495 Respondcte
2922 5470 2937 5496 ,
2966 5430 3161 5486 vincite
3188 5431 3457 5487 hominem
3488 5448 3578 5491 re-

1988 5519 2265 5571 sistentem
2296 5515 2480 5582 vobis,
2518 5516 2608 5585 qui
2646 5516 2800 5572 aliter
2830 5518 3080 5575 diriditis.
3114 5522 3217 5577 Vos
3255 5523 3395 5578 enim
3436 5522 3575 5581 dici-

1989 5610 2057 5665 tis
2076 5610 2268 5664 :Vilam
2284 5608 2495 5679 quidem
2518 5609 2731 5665 habebit
2749 5612 2846 5667 iste
2864 5630 2965 5667 non
2981 5614 3275 5684 baptizatus
3291 5626 3569 5689 aeternam,

1988 5812 2003 5863 Î¹
2052 5751 2067 5780 Î¹
2096 5746 2336 5859 Î¡Î›á½·Î¹á½·á¾¶Î·ÏÎµ
2369 5749 2442 5794 Er.
2466 5745 2616 5809 Lugd.
2644 5752 2696 5797 et
2719 5755 2833 5798 \â€˜cn.
2872 5750 3066 5813 habent,
3100 5752 3222 5803 ratio
3252 5750 3462 5807 Iiwnana
3480 5754 3573 5810 ds-

2004 5818 2144 5863 ectut.
2252 5842 2265 5858 .

2004 5818 2144 5863 ectat.
2209 5818 2265 5859 Îœ.

3112 5905 3138 5916 Î±.
