4036 6446
276 411 419 483 quod
445 411 542 466 Dei
564 410 728 466 Filius
757 419 875 465 erat
916 408 1133 479 aqualis
1170 405 1346 474 Patri,
1392 401 1623 459 Verbum
1670 402 1762 457 Dei
1805 404 1857 475 in

279 502 543 575 principio
571 503 710 557 Deus
736 500 879 571 apud
902 500 1091 564 Deum,
1124 506 1175 554 et
1200 498 1252 552 in
1275 512 1340 552 eo
1365 496 1505 567 quod
1535 496 1669 549 ﬁlius
1693 494 1863 549 homi-

279 600 363 656 nis
393 608 529 665 erat,
563 610 840 653 assumens
869 598 1099 651 animam
1129 593 1411 647 humanam
1441 599 1494 645 et
1522 603 1735 645 carnem
1767 588 1866 642 hu-

277 705 511 750 manam.
543 699 598 744 et
626 688 838 743 indutus
880 688 1181 748 hominem,
1226 682 1415 737 exiens
1457 682 1529 736 ad'
1574 680 1816 735 homines
1849 696 1862 733 :

277 782 402 853 quia
430 782 483 835 in
512 781 610 835 hoc
640 788 867 850 utroque
888 794 991 833 non
1021 778 1126 831 duo
1151 775 1332 830 christi
1363 782 1505 837 sunt,
1536 787 1635 827 nec
1664 771 1770 825 duo
1802 770 1863 825 ﬁ-

280 875 337 928 lii
365 874 459 928 Dei
511 872 603 927 sed
636 888 736 925 una
768 886 991 941 persona
1016 912 1030 937 ,
1077 882 1213 922 unus
1259 866 1504 921 Christus
1538 863 1632 919 Dei
1676 862 1866 928 Filius,

282 965 533 1034 idemque
565 980 698 1018 unus
728 964 969 1018 Christus
991 1004 1005 1027 ,
1053 976 1158 1015 non
1187 959 1319 1012 alius
1343 1000 1357 1025 ,
1414 957 1645 1011 hominis
1689 956 1868 1023 ﬁlius;

281 1056 379 1110 sed
413 1055 526 1116 Dei,
559 1052 724 1107 Filius
745 1052 1035 1107 secundum
1062 1050 1389 1105 divinitatem
1411 1090 1425 1114 ,
1457 1045 1686 1100 hominis
1731 1045 1872 1099 illius

282 1148 579 1203 secundum
605 1162 842 1202 carnem.
870 1146 998 1212 Quis
1022 1156 1200 1199 autem
1233 1152 1505 1207 nostrum,
1548 1142 1638 1210 qui
1686 1155 1870 1209 parum

285 1240 633 1300 advertimus,
662 1247 751 1291 aut
783 1252 968 1307 parum
991 1236 1256 1305 sapimus,
1284 1246 1387 1287 non
1414 1232 1588 1301 potius
1615 1231 1683 1283 ita
1709 1230 1874 1284 vellet

286 1331 635 1400 distinguere,
663 1328 829 1382 Filius
860 1329 949 1383 Dei
980 1327 1030 1381 in
1053 1327 1220 1390 coelo,
1267 1334 1318 1380 et
1363 1324 1527 1378 Filius
1566 1322 1794 1376 hominis
1822 1322 1874 1375 in

286 1421 474 1475 terra?
504 1420 608 1473 Sed
633 1435 698 1474 ne
718 1421 792 1473 sic
822 1418 1180 1473 divideremus
1200 1458 1213 1479 ,
1241 1424 1293 1469 et
1325 1417 1393 1468 ita
1423 1413 1706 1468 dividendo
1743 1413 1875 1467 duas

288 1528 544 1585 personas
575 1513 977 1577 induceremus,
1026 1509 1144 1563 Non
1188 1509 1412 1562 ascendit
1452 1508 1503 1559 in
1540 1505 1753 1571 cwlum,
1792 1505 1876 1557 in-

286 1607 425 1676 quit,
459 1606 554 1658 nisi
579 1606 663 1674 qui
689 1608 751 1656 de
787 1603 909 1656 caelo
936 1600 1187 1654 descendit
1221 1599 1387 1652 Filius
1430 1598 1662 1651 hominis.
1713 1594 1879 1648 Filius

287 1713 417 1767 ergo
454 1697 683 1753 hominis
714 1694 987 1748 descendit
1017 1692 1082 1746 de
1111 1693 1267 1746 caelo.
1302 1690 1487 1744 Nonne
1531 1689 1669 1741 ﬁlius
1706 1686 1879 1739 homi-

289 1790 373 1843 nis
400 1788 451 1841 iu
481 1796 619 1841 terra
647 1788 812 1839 iactus
835 1786 953 1838 est?
985 1800 1161 1837 nonne
1190 1782 1327 1837 ﬁlius
1358 1780 1587 1835 hominis
1635 1794 1729 1848 per
1767 1778 1878 1831 Ma-

288 1879 425 1933 riam
456 1877 628 1931 factus
649 1876 767 1930 est?
795 1876 921 1939 Sed,
946 1891 978 1928 o
1007 1875 1189 1938 homo,
1217 1873 1347 1938 noli,
1379 1872 1575 1939 inquit,
1605 1883 1876 1938 separare,

290 1986 450 2041 quem
475 1971 596 2022 volo
623 1969 898 2037 copulare.
931 1966 1123 2020 Parum
1163 1974 1245 2019 est
1282 1964 1402 2033 quia
1440 1962 1606 2015 Filius
1646 1958 1875 2013 hominis

280 2061 570 2116 descendit
599 2060 885 2130 (Christus
921 2060 1063 2112 enim
1100 2056 1409 2121 descendit,
1452 2053 1700 2123 idemque
1744 2052 1881 2104 ﬁlius

292 2152 526 2205 hominis
556 2151 644 2219 qui
674 2149 840 2203 Filius
872 2149 962 2202 Dei
984 2149 1121 2216 est);
1154 2147 1305 2200 sedet
1332 2147 1384 2199 in
1429 2145 1594 2208 ctelo,
1627 2144 1715 2213 qui
1771 2157 1883 2195 am-

290 2243 441 2297 bulat
468 2243 520 2294 in
549 2251 707 2294 terra.
744 2240 797 2293 lu
829 2240 966 2294 cwlo
986 2248 1121 2301 erat,
1150 2238 1271 2307 quia
1303 2238 1495 2305 ubique
1519 2245 1602 2289 est
1616 2234 1878 2301 Christus,

292 2335 541 2405 idemque
567 2333 813 2389 Christus
852 2341 1008 2387 estet
1034 2332 1199 2385 Filius
1232 2331 1322 2383 Dei
1363 2338 1416 2383 et
1449 2330 1586 2382 illius
1631 2328 1878 2381 hominis.

280 2426 518 2496 -Pr0pter
542 2426 797 2479 unitatem
827 2440 1069 2493 persona:
1097 2424 1147 2475 in
1172 2434 1311 2475 terra
1338 2420 1504 2474 Filius
1531 2420 1642 2481 Dei,
1671 2427 1884 2487 propter

291 2522 537 2574 eaiitdem
567 2521 822 2575 unitatem
847 2532 1089 2587 persona:
1115 2530 1237 2569 esse
1271 2514 1611 2583 probavimus
1654 2512 1706 2564 in
1748 2511 1885 2565 cmlo

286 2613 459 2666 ‘ﬁlium
492 2610 743 2672 hominis,
772 2625 837 2663 ex
866 2608 946 2662 his
968 2608 1142 2662 verbis
1172 2606 1377 2659 Domini
1404 2645 1419 2670 ,
1453 2603 1615 2656 Filius
1648 2601 1881 2667 holitinis,

288 2700 497 2773 inquit,
528 2702 713 2772 quiest
750 2702 803 2753 in
843 2702 987 2754 ctelo.
1049 2700 1272 2767 Propter
1310 2698 1562 2751 unitatem
1615 2710 1875 2764 pet-sonte,

293 2808 473 2848 nonne
501 2792 555 2846 in
586 2802 727 2846 terra
752 2792 1042 2844 constituto
1068 2799 1225 2858 atque
1248 2791 1541 2857 conspicuo
1581 2787 1771 2841 Petrus
1804 2785 1886 2840 di-

290 2887 385 2949 cit,
418 2885 494 2939 Tu
517 2901 568 2939 es
593 2884 823 2939 Christus
851 2881 1017 2936 Filius
1040 2881 1131 2934 Dei
1152 2882 1249 2935 vivi
1279 2880 1506 2947 (Matth.
1541 2895 1653 2943 xvn,
1685 2879 1817 2949 i7)?

369 2978 459 3033 10.
487 2977 555 3031 In
581 2974 760 3031 atrium
791 2975 931 3029 solus
958 2974 1187 3029 Christus
1230 2973 1474 3027 ascendit.
1514 2972 1703 3028 Christi
1734 2986 1887 3023 mem-

296 3070 387 3124 bra
411 3085 525 3122 cum
545 3070 710 3137 capite
750 3083 880 3120 unus
910 3066 1156 3120 Christus.
1204 3066 1345 3135 Ergo
1384 3065 1552 3118 discat
1575 3062 1890 3117 Nicodemus

296 3162 566 3234 quomodo
591 3162 682 3215 ﬁat
707 3160 860 3227 illud,
891 3158 1033 3230 quod
1063 3158 1113 3214 ei
1142 3158 1318 3211 minus
1342 3156 1677 3226 intelligenti,
1715 3156 1889 3209 incre-

292 3254 463 3315 dibile
486 3263 541 3309 et
568 3254 721 3323 quasi
749 3252 1077 3323 impossibile
1104 3250 1381 3305 videbatur
1420 3267 1433 3303 :
1464 3248 1633 3303 Nemo
1669 3248 1892 3303 ascendit

298 3349 353 3401 in
382 3348 560 3401 caelum
581 3388 595 3413 ,
624 3347 721 3399 nisi
753 3347 837 3416 qui
872 3346 932 3399 de
953 3345 1077 3398 ctrlo
1107 3344 1383 3398 descendit.

370 3439 596 3497 CAPUT
632 3438 701 3493 Χ.
724 3438 1010 3495 —Omues
1036 3448 1212 3492 autem
1254 3438 1344 3507 qui
1382 3444 1753 3500 renascuntur,
1780 3433 1887 3487 uti-

301 3547 407 3605 que
438 3531 735 3587 ascendunt
757 3532 809 3584 in
839 3530 1034 3585 calum
1071 3546 1083 3583 :
1110 3538 1425 3584 cteterorum
1454 3540 1613 3580 nemo
1648 3538 1885 3594 prorsus.

292 3628 375 3682 Et
395 3638 585 3679 omnes
606 3625 695 3694 qui
725 3632 1091 3687 renascuntur,
1117 3636 1210 3690 per
1231 3620 1451 3690 gratiam
1485 3618 1577 3671 Dei
1602 3615 1897 3670 ascendunt

296 3719 361 3773 in
400 3717 599 3773 calum
642 3732 655 3768 :
693 3724 747 3769 et
786 3726 929 3767 nemo
969 3713 1193 3767 ascendit
1228 3712 1280 3764 in
1321 3711 1529 3776 mlum,
1573 3710 1667 3761 nisi
1706 3709 1792 3779 qui
1835 3708 1897 3761 de

302 3812 430 3865 caelo
456 3809 743 3873 descendit,
779 3806 949 3860 Filius
987 3806 1205 3860 hominis
1242 3806 1421 3875 quiest
1459 3804 1511 3855 in
1554 3801 1696 3855 cwlo.
1746 3799 1897 3856 Unde

310 3902 447 3956 hoc?
497 3900 629 3966 Quia
674 3912 861 3952 omnes
899 3897 985 3966 qui
1028 3904 1396 3960 renascuntur,
1453 3891 1693 3948 membra
1734 3892 1897 3960 ipsius

303 3994 471 4058 ﬁunt;
520 4001 574 4046 et
613 3992 757 4045 solus
804 3989 1046 4043 Christus
1095 3987 1164 4041 de
1216 3987 1375 4041 Maria
1429 3994 1582 4038 natus
1624 3998 1760 4037 unus
1806 3989 1889 4037 est

298 4087 571 4150 Christus,
600 4092 655 4138 et
682 4097 802 4138 cum
829 4095 1055 4151 corpore
1079 4095 1176 4134 suo
1195 4087 1353 4148 caput
1376 4092 1507 4131 unus
1530 4086 1609 4131 est
1632 4076 1895 4129 Christus.

302 4178 424 4233 “oc
445 4191 571 4246 ergo
590 4175 770 4229 dicere
792 4173 979 4238 voluit,
1007 4172 1174 4226 Nemo
1194 4170 1438 4235 ascendit,
1464 4169 1562 4223 nisi
1584 4170 1667 4238 qui
1692 4168 1897 4220 descen-

308 4268 403 4321 dit.
436 4266 551 4320 Non
581 4281 708 4334 ergo
730 4263 1002 4329 ascendit,
1039 4262 1140 4316 nisi
1182 4261 1439 4315 Christus.
1485 4258 1541 4313 Si
1588 4261 1667 4313 vis
1714 4273 1901 4312 ascen-

304 4359 441 4413 dere
461 4398 474 4420 ,
504 4366 622 4411 esto
648 4358 699 4410 in
727 4370 956 4424 corpore
979 4354 1179 4408 Christi
1208 4371 1221 4406 :
1251 4354 1296 4405 si
1326 4352 1404 4405 vis
1433 4351 1721 4405 ascendere
1741 4392 1753 4415 ,
1784 4360 1901 4404 esto

308 4448 613 4503 membrum
651 4447 873 4501 Christi.
934 4446 1080 4500 Sicut
1112 4446 1243 4498 enim
1269 4445 1324 4497 in
1353 4460 1451 4497 uno
1489 4459 1699 4513 corpore
1741 4443 1903 4496 multa

310 4544 536 4605 miitbra
561 4542 820 4607 habemus,
842 4540 1015 4593 omnia
1047 4550 1212 4592 autem
1240 4536 1459 4591 membra
1494 4536 1718 4607 corporis
1739 4576 1753 4602 ,
1785 4551 1901 4588 cum

304 4635 415 4689 sint
441 4631 620 4696 multa,
651 4647 809 4686 unum
838 4640 909 4684 est
933 4645 1152 4700 corpus;
1176 4630 1247 4683 sic
1269 4640 1313 4682 et
1341 4628 1570 4682 Christus
1594 4629 1637 4697 (ι
1662 4625 1779 4681 Cor.
1806 4642 1901 4693 xu,

314 4725 407 4794 19)
437 4742 451 4777 :
480 4724 606 4794 quia
634 4729 795 4795 caput
816 4731 872 4776 et
893 4736 1089 4791 corpus
1126 4721 1389 4776 Christus.
1438 4721 1505 4775 Et
1537 4718 1803 4791 quomodo
1848 4717 1906 4772 ﬁt

314 4817 441 4880 hoc,
474 4816 651 4871 adhuc
674 4830 994 4886 quaeramus.
1030 4815 1183 4869 Latet
1224 4814 1470 4885 quaestio,
1513 4815 1773 4868 exaltatur
1817 4811 1904 4865 illa

316 4907 673 4981 profunditas.

391 5001 479 5065 11.
511 5000 777 5066 Quomodo
826 4998 1014 5054 Christi
1078 4997 1301 5053 membra
1345 4998 1607 5068 inficimur.
1664 4995 1820 5050 Fides
1855 4996 1909 5050 in

320 5093 582 5148 Christum
622 5093 905 5146 necessaria
954 5093 1025 5147 ad
1056 5093 1289 5145 salutent.
1338 5092 1582 5146 Christus
1632 5100 1908 5161 peccatum

317 5201 425 5240 non
459 5184 637 5251 habet,
673 5199 768 5239 nec
800 5185 1058 5254 originale
1086 5186 1283 5250 traxit,
1330 5200 1429 5240 nec
1470 5199 1622 5239 suum
1659 5183 1907 5237 addidit:

312 5288 473 5334 extra
493 5276 819 5347 voluptatem
840 5277 1068 5331 carnalis
1092 5276 1324 5330 libidinis
1354 5276 1497 5332 venit
1521 5316 1535 5340 ,
1558 5291 1665 5329 non
1699 5275 1771 5329 ibi
1816 5274 1913 5330 fuit

314 5370 636 5440 complexus
678 5369 937 5424 maritalis
974 5386 986 5422 :
1028 5370 1097 5424 de
1146 5369 1377 5439 Virginis
1424 5384 1649 5439 corpore
1685 5384 1792 5422 non
1827 5384 1912 5424 as-

313 5462 551 5533 summit
598 5462 825 5530 vulnus,
874 5463 967 5518 sed
1008 5460 1483 5527 medicamentum;
1543 5477 1652 5517 non
1706 5477 1913 5517 assum-

316 5556 429 5625 psit
453 5554 598 5626 quod
627 5564 877 5621 sanaret,
922 5554 1015 5610 sed
1055 5554 1196 5608 unde
1230 5565 1442 5610 sanaret
1482 5573 1496 5608 τ
1536 5564 1793 5626 quantum
1846 5556 1912 5612 ad

318 5657 601 5718 peccatum
629 5648 880 5717 pertinet,
912 5646 1051 5701 dico.
1080 5646 1240 5701 Solus
1264 5662 1395 5718 ergo
1423 5649 1513 5703 ille
1534 5649 1650 5704 sine
1671 5660 1909 5719 peccato:

314 5742 593 5815 qumodo
619 5748 776 5799 emat
800 5739 1037 5799 membra
1064 5739 1200 5815 ejus,
1232 5754 1458 5816 quorum
1486 5740 1665 5799 nullus
1684 5742 1913 5802 estsine

1670 288 1898 373 SEBMC)
1932 293 2199 367 ccxciv,
2290 370 2293 373 _

1972 408 2224 475 peccato?
2258 405 2572 475 Quomodo?
2596 405 2734 462 Audi
2774 406 3174 463 similitudinem
3216 423 3337 480 qua:
3372 398 3550 481 sequi-

1972 506 2056 551 tur
2086 516 2097 550 :
2133 496 2201 550 Et
2225 497 2354 551 sicut
2383 496 2585 569 Moyses
2611 499 2849 553 exultavit
2881 510 3157 572 serpentem
3177 500 3230 553 in
3250 517 3433 566 emno,
3478 506 3550 556 sic

1973 596 2166 657 Oportet
2191 590 2402 641 exaltari
2434 588 2626 643 Filium
2654 589 2870 645 hominis
2893 632 2907 656 ,
2939 600 2995 643 ut
3017 591 3178 645 omnis
3203 572 3295 662 qui
3324 590 3482 645 credit
3499 592 3553 646 in

1972 693 2110 745 eum,
2137 695 2236 733 non
2262 689 2446 748 pereat,
2471 681 2559 735 sed
2581 682 2761 736 habeat
2783 682 2935 735 vitam
2967 692 3205 736 (sternam
3255 682 3439 755 (latin.
3470 699 3548 753 ιιι,

1974 770 2063 838 ill,
2098 771 2205 843 l5).
2240 771 2391 827 Unde
2418 775 2510 828 tibi
2543 792 2644 829 non
2672 774 2949 830 videbatur
2977 787 3284 846 peccatores
3310 776 3555 833 homines

1973 876 2131 931 posse
2159 862 2272 917 ﬁeri
2301 865 2534 919 membra
2565 864 2795 933 Christi,
2826 865 2878 920 id
2900 878 2980 921 est
3002 909 3015 929 ,
3037 858 3178 921 illius
3217 868 3306 936 qui
3351 868 3554 921 nullum

1977 956 2193 1009 omnino
2233 955 2450 1011 haberet
2498 960 2808 1026 peccatum?
2849 958 3121 1029 Serpentis
3154 973 3334 1012 morsu
3377 974 3557 1013 move-

1978 1045 2124 1101 baris
2153 1064 2165 1099 :
2199 1046 2320 1102 ideo
2340 1049 2663 1119 cruciﬁgitur
2684 1050 2955 1116 Christus,
2986 1052 3104 1105 ideo
3134 1050 3305 1105 fundit
3341 1052 3556 1121 sangui-

1979 1152 2100 1191 nem
2122 1137 2363 1194 Christus
2394 1140 2447 1193 in
2480 1142 2843 1196 remissionem
2870 1152 3244 1212 peccatorum;
3278 1143 3398 1212 quia
3437 1158 3561 1211 pro-

1978 1238 2099 1298 pter
2124 1237 2421 1298 peccatum,
2451 1231 2501 1285 id
2533 1238 2633 1296 cst,
2658 1234 2917 1302 serpentis
2944 1249 3226 1297 venenum,
3252 1232 3395 1288 Sicut
3420 1233 3560 1287 exal-

1981 1320 2100 1372 tavit
2122 1318 2324 1397 Moyses
2349 1332 2626 1392 serpentem
2658 1323 2708 1376 in
2738 1340 2921 1389 eremo,
2954 1325 3092 1380 unde
3127 1335 3441 1379 sanarentur
3471 1324 3558 1394 qui

1982 1408 2034 1462 in
2061 1410 2148 1463 illo
2185 1412 2398 1465 deserto
2438 1428 2467 1466 a
2495 1413 2829 1483 serpentibus
2858 1415 3268 1483 mordebantur,
3310 1426 3364 1471 et
3412 1402 3558 1470 illum

1982 1501 2268 1555 exaltatum
2300 1502 2573 1558 attendere
2596 1504 2937 1573 jubebantur,
2968 1516 3021 1560 et
3057 1488 3294 1578 quisquis
3323 1506 3562 1563 attende-

1983 1603 2086 1655 rct,
2112 1597 2425 1662 sanabatur;
2455 1597 2528 1651 sic
2557 1608 2751 1667 oportet
2776 1598 2989 1652 exaltari
3013 1597 3202 1653 Filium
3227 1601 3462 1665 hominis,
3507 1610 3563 1654 ut

1983 1688 2145 1740 omnis
2167 1689 2253 1754 qui
2277 1689 2435 1742 credit
2453 1690 2503 1742 in
2528 1707 2657 1755 cum,
2687 1689 2736 1743 id
2758 1700 2860 1751 est,
2893 1691 2981 1760 qui
3010 1692 3230 1745 attendit
3254 1693 3561 1759 exaltatum,

1990 1780 2079 1847 qui
2102 1795 2204 1833 non
2229 1781 2497 1836 erubescit
2516 1782 2847 1845 cruciﬁxum,
2874 1784 2962 1853 qui
2986 1783 3036 1836 in
3059 1799 3216 1837 cruce
3242 1784 3437 1838 Christi
3459 1784 3567 1854 εἰο-

1986 1870 2169 1938 riatur,
2191 1888 2290 1924 non
2314 1882 2499 1941 pereat,
2528 1873 2616 1926 sed
2637 1875 2820 1928 habeat
2846 1876 2999 1927 vitam
3028 1885 3284 1929 cateruam.
3304 1873 3423 1928 Non
3445 1892 3565 1946 per-

1987 1973 2085 2028 eat,
2116 1964 2295 2019 unde?
2344 1965 2623 2019 Credcndo
2651 1968 2702 2019 in
2733 1981 2873 2020 eum.
2902 1966 3051 2022 Unde
3080 1982 3184 2020 non
3219 1967 3439 2036 pereat?
3469 1968 3568 2020 At-

1987 2053 2256 2109 tendeudo
2274 2054 2559 2109 exaltatum
2582 2056 2846 2126 :alioquin
2870 2060 3111 2127 perisset.
3142 2057 3257 2112 lloc
3290 2067 3371 2112 est
3393 2057 3565 2122 enim,

1990 2144 2169 2199 Omnis
2192 2147 2277 2215 qui
2302 2148 2460 2201 credit
2490 2148 2544 2201 in
2568 2164 2683 2202 eum
2703 2189 2718 2216 ,
2744 2166 2845 2202 non
2872 2160 3042 2219 pereat
3067 2191 3080 2215 ,
3107 2150 3194 2205 scd
3215 2150 3396 2203 habeat
3419 2149 3571 2203 vitam

1988 2247 2245 2290 (sternam.

2058 2329 2281 2385 CAPUT
2318 2328 2409 2383 XI.
2436 2356 2508 2372 —-
2532 2329 2621 2384 η.
2650 2329 2889 2383 Porculis
2928 2331 3093 2384 alieno
3130 2335 3264 2401 fbcto
3302 2331 3573 2385 vulneratis

1987 2421 2155 2474 aliena
2179 2421 2280 2490 ﬁde
2308 2420 2613 2475 subvenitur.
2648 2422 2862 2477 Profers
2885 2424 3157 2491 parvulum
3190 2422 3339 2485 mihi,
3390 2431 3442 2477 et
3488 2423 3574 2492 ju-

1987 2511 2083 2566 bes
2106 2522 2160 2565 ut
2182 2512 2419 2566 attendat
2449 2513 2764 2577 exaltatum,
2801 2529 2957 2582 quem
3002 2527 3163 2583 negas
3216 2514 3415 2569 habere
3454 2528 3572 2567 ser-

1992 2604 2165 2673 pentis
2189 2620 2470 2658 venenum.
2499 2605 2608 2659 lmo
2636 2606 2680 2659 si
2729 2604 2872 2659 faves
2901 2606 2947 2659 ci
2969 2646 2983 2669 ,
3028 2606 3070 2660 si
3115 2614 3293 2660 movet
3329 2616 3380 2660 te
3416 2607 3573 2659 inno-

1990 2697 2163 2749 centia
2192 2696 2242 2749 iu
2271 2696 2373 2749 vita
2403 2697 2616 2766 propria
2635 2737 2650 2763 ,
2674 2696 2781 2750 noli
2823 2712 3016 2767 negare
3060 2706 3285 2751 tractum
3344 2697 3573 2765 aliquem

1991 2798 2194 2842 reatum
2222 2788 2288 2842 de
2313 2790 2415 2842 vita
2446 2788 2635 2857 prima,
2656 2803 2761 2843 non
2782 2805 2894 2854 sua,
2919 2790 3011 2843 sed
3040 2790 3275 2860 parentis
3296 2792 3374 2844 sui
3393 2790 3571 2859 primi.

1990 2879 2106 2933 Noli
2136 2895 2364 2949 negare;
2394 2880 2653 2935 conﬁtere
2675 2896 2957 2945 venenum,
3006 2891 3061 2935 ut
3106 2896 3296 2949 poscas
3340 2882 3574 2935 medica-

1993 2983 2229 3028 mentum
2268 2973 2461 3027 :aliter
2486 2988 2591 3027 non
2618 2983 2852 3027 sanatur.
2882 2975 2987 3027 Aut
3027 2974 3209 3043 utquid
3258 2975 3306 3029 ei
3345 2974 3481 3029 dicis
3519 2983 3578 3030 ut

1994 3068 2174 3123 credat
2198 3067 2223 3119 ’ἶ
2246 3066 2355 3120 [loc
2382 3067 2525 3137 enim
2558 3066 2906 3135 respondetur
2931 3082 2959 3119 a
2990 3076 3232 3136 portante
3273 3067 3574 3137 parvulum.

1995 3161 2074 3214 Ad
2102 3160 2261 3214 verba
2288 3160 2458 3213 aliena
2482 3169 2720 3226 sanatur,
2752 3160 2872 3229 quia
2900 3160 2964 3213 ad
2990 3160 3184 3214 factum
3201 3160 3429 3215 alienum
3458 3161 3578 3217 vul-

1999 3262 2234 3307 neratur.
2270 3251 2453 3306 Credit
2477 3251 2731 3305 inlesum
2762 3251 3079 3306 Christum?
3108 3252 3165 3307 ﬁt
3193 3254 3535 3323 interrogatio
3562 3270 3577 3308 :

1996 3343 2372 3414 respondetur,
2402 3344 2600 3398 Credit.
2632 3344 2736 3398 Pro
2766 3360 2869 3399 non
2906 3344 3186 3413 loquente,
3228 3359 3324 3414 pro
3366 3340 3577 3413 silente,

2000 3448 2098 3505 pro
2120 3437 2312 3498 ﬂente,
2345 3444 2396 3489 et
2435 3434 2612 3489 ﬂendo
2650 3435 2877 3505 quodam
2918 3435 3077 3489 modo
3123 3444 3185 3489 ut
3234 3437 3583 3492 subveniatur

2000 3538 2207 3591 orante,
2234 3528 2606 3597 respondetur,
2639 3537 2691 3582 et
2721 3529 2879 3582 valet.
2906 3531 2985 3582 An
3017 3530 3176 3582 etiam
3215 3528 3318 3584 hoc
3360 3544 3581 3599 serpens

1998 3619 2089 3673 ille
2111 3620 2429 3688 persuadere
2449 3626 2690 3684 conatur,
2714 3620 2833 3688 quia
2854 3634 2957 3672 non
2985 3618 3164 3675 valet?
3186 3620 3335 3674 Absit
3355 3635 3382 3671 ι
3402 3620 3580 3675 cordi-

2002 3710 2100 3765 bus
2122 3711 2584 3779 qualiumcumque
2620 3711 3066 3764 Christianorum.
3109 3711 3249 3781 Ergo
3285 3712 3580 3781 responde-

2004 3810 2106 3867 tur,
2131 3810 2182 3855 ct
2205 3802 2361 3855 valet.
2387 3802 2788 3870 Conspirati‘one
2806 3802 3031 3871 quadam
3054 3804 3581 3873 communicatspiri-

1996 3904 2118 3959 ‘tus;
2146 3895 2313 3948 credit
2336 3893 2387 3947 in
2410 3893 2599 3961 altero,
2622 3896 2741 3964 quia
2765 3895 3004 3964 peccavit
3029 3894 3081 3947 in
3122 3895 3306 3949 altero.
3350 3896 3431 3949 An
3454 3910 3583 3951 vero

2002 3987 2205 4041 invenit
2230 3987 2392 4039 vitam
2425 3988 2704 4056 praesentis
2737 3987 2948 4053 sceculi,
2990 4002 3148 4057 quem
3186 3988 3466 4057 parturivit
3503 3988 3586 4043 in-

2005 4082 2257 4144 ﬁrmitas;
2290 4087 2344 4134 et
2371 4096 2475 4133 non
2514 4080 2717 4136 invenit
2754 4080 2914 4135 vitam
2954 4080 3117 4135 futuri
3166 4081 3381 4151 steculi,
3425 4096 3584 4154 quem

2004 4172 2279 4244 parturivit
2303 4172 2531 4229 Charitas
2546 4174 2572 4228 τ

2081 4268 2164 4319 l3.
2207 4265 2429 4336 Serpens
2459 4282 2617 4319 arcus
2662 4266 2908 4322 exaltatus
2936 4268 3100 4338 ﬁgura
3133 4267 3316 4324 Christi
3358 4271 3588 4339 cruciﬁxi

2006 4359 2059 4410 in
2080 4357 2415 4411 similitudine
2440 4358 2610 4411 carnis
2636 4359 2846 4427 peccati.
2878 4360 3016 4430 Ergo
3039 4361 3174 4415 sicut
3210 4361 3418 4432 Moyses
3447 4363 3589 4416 exal-

2011 4450 2137 4501 tavit
2160 4457 2467 4518 serpentem
2492 4449 2540 4502 iu
2564 4463 2764 4512 eremo,
2798 4458 2851 4503 ut
2895 4452 3121 4505 omnisa
3168 4460 3414 4522 serpente
3463 4467 3585 4521 per-

2005 4556 2197 4595 cussus
2224 4541 2521 4597 intueretur
2550 4543 2872 4608 exaltatum,
2904 4554 2957 4599 et
2978 4555 3253 4599 sanaretur
3282 4564 3292 4597 :
3323 4546 3400 4599 sic
3426 4560 3587 4615 opor-

2010 4635 2109 4687 tuit
2145 4634 2362 4688 exaltari
2412 4633 2601 4689 Filium
2656 4637 2901 4703 hominis,
2952 4646 3007 4690 ut
3050 4637 3222 4691 omnis
3264 4652 3291 4689 a
3343 4647 3590 4707 serpente

2009 4735 2307 4779 venenatus
2328 4726 2597 4780 intueatur
2624 4728 2932 4793 exaltatum,
2958 4737 3011 4781 et
3037 4737 3269 4783 sanetur.
3296 4729 3462 4783 Adam
3488 4731 3593 4798 pri-

2010 4832 2134 4870 mus
2153 4818 2359 4887 accepit
2381 4832 2617 4873 morsum
2640 4822 2902 4889 serpentis
2926 4835 3043 4873 cum
3075 4833 3300 4873 veneno.
3325 4819 3466 4889 Ergo
3501 4836 3595 4875 na-

2012 4918 2098 4963 tus
2120 4910 2171 4962 in
2201 4926 2361 4964 carne
2391 4913 2614 4980 peccati,
2647 4913 2705 4966 ﬁt
2725 4912 2900 4967 salvus
2923 4911 2975 4965 in
3004 4908 3213 4967 Christo
3237 4926 3334 4983 per
3352 4912 3594 4968 similitu-

2012 5000 2192 5055 dinem
2223 5003 2396 5056 carnis
2426 5005 2645 5072 peccati.

2084 5092 2309 5152 CAPUT
2348 5097 2461 5151 XII.
2487 5129 2557 5139 —
2584 5098 2725 5151 Misit
2754 5096 2892 5152 enim
2921 5097 3059 5151 Deus
3090 5095 3275 5152 Filium
3297 5092 3462 5166 suu'm,
3489 5116 3593 5155 non

2010 5187 2069 5244 in
2094 5203 2254 5243 carne
2280 5193 2513 5258 peccati;
2547 5190 2639 5245 sed
2660 5232 2674 5256 ,
2700 5189 2837 5243 sicut
2857 5190 3097 5259 sequitur
3123 5192 3212 5260 qui
3255 5192 3499 5261 scripsit,
3544 5194 3595 5246 in

2016 5281 2347 5336 similitudine
2366 5284 2534 5337 carnis
2560 5284 2748 5351 peccati
2772 5300 2791 5347 ;
2819 5283 2940 5352 quia
2969 5300 3071 5336 non
3102 5283 3168 5337 de
3188 5286 3463 5354 complexu
3486 5302 3597 5340 ma-

2014 5373 2177 5439 ritali,
2208 5375 2301 5429 sed
2332 5374 2401 5428 de
2430 5382 2581 5427 utero
2602 5374 2863 5443 virginali.
2903 5373 3042 5428 Misit
3063 5376 3114 5428 in
3139 5376 3467 5430 similitudine
3485 5394 3597 5430 car-

2017 5467 2095 5535 nis
2123 5467 2351 5535 peccati:
2376 5465 2559 5535 utquid
2588 5462 2723 5520 hoc?
2752 5466 2820 5521 Ut
2842 5467 2903 5520 de
2923 5478 3121 5538 peccato
3142 5468 3400 5521 damnaret
3431 5486 3598 5541 pecca-

2019 5567 2124 5612 tum
2144 5559 2197 5612 in
2222 5574 2373 5611 carne
2401 5558 2575 5627 (Rom.
2601 5574 2711 5623 vtu,
2745 5561 2801 5631 5)
2828 5578 2840 5613 :
2865 5559 2932 5613 de
2964 5570 3179 5630 peccato
3206 5571 3498 5631 peccatum,
3532 5561 3599 5617 de

2017 5657 2266 5719 serpente
2291 5658 2615 5718 serpentem.
2639 5650 2769 5715 Quis
2810 5651 2951 5706 enim
2988 5650 3197 5705 dubitet
3230 5652 3441 5707 nomine
3487 5668 3600 5708 scr.-

2016 5744 2195 5816 penus
2222 5744 2473 5816 appellari
2500 5742 2811 5816 peccatum?
2855 5742 2998 5815 Ergo
3034 5741 3101 5802 de
3144 5755 3363 5815 peccato
3407 5759 3593 5815 pecca-
