4108 6326
513 311 654 374 im

511 442 646 498 tum,
669 429 738 486 de
765 433 1014 497 serpente
1039 430 1347 493 serpentem
1393 434 1407 473 :
1455 413 1552 475 sed
1596 416 1666 474 de
1717 412 2096 481 similitudine,

511 523 638 594 quia
668 521 721 575 in
749 517 964 574 Christo
985 513 1188 570 nullum
1216 518 1514 582 peccatum,
1541 507 1636 564 sed
1667 507 1780 562 sola
1808 504 2099 560 similitudo

510 613 686 670 carnis
715 608 938 680 peccati.
986 605 1109 662 ldeo
1142 605 1406 660 exaltatus
1449 615 1705 672 serpens,
1753 599 1846 654 sed
1887 612 2096 660 aereus;

509 703 737 762 exaltata
780 709 862 758 est
898 698 1188 755 similitudo
1231 694 1407 751 carnis
1453 693 1686 764 peccati,
1723 701 1782 746 ut
1819 699 2098 745 sanaretur

509 797 658 864 origo
692 793 914 864 peccati.
943 791 1076 859 Quia
1103 789 1235 843 misit
1264 786 1402 842 Deus
1449 785 1644 840 Filium
1668 801 1814 840 suum
1839 785 1893 838 in
1918 783 2099 838 simili-

509 888 683 941 tudine
701 885 870 939 carnis
899 883 1109 954 peccati.
1141 880 1254 936 Non
1281 879 1334 935 in
1365 877 1712 934 similitudine
1735 876 1942 940 carnis;
1972 889 2094 929 nam

508 992 634 1034 vera
659 991 786 1031 caro
813 983 917 1043 est,
961 974 1056 1030 sed
1082 973 1136 1026 in
1155 971 1484 1026 similitudine
1518 971 1683 1023 carnis
1713 967 1943 1039 peccati;
1970 964 2094 1035 quia

509 1068 752 1124 mortalis
777 1081 904 1122 caro
931 1065 1048 1120 sine
1075 1065 1184 1119 ullo
1225 1063 1444 1119 omnino
1484 1071 1726 1132 peccato.
1762 1058 1830 1114 Ut
1867 1058 1929 1112 de
1975 1072 2096 1128 pec-

507 1171 654 1228 cato,
689 1169 907 1232 propter
948 1156 1348 1214 similitudinem
1373 1196 1389 1222 ,
1439 1155 1701 1208 damnaret
1742 1161 2001 1222 peccatum
2042 1151 2097 1205 in

505 1271 678 1320 carne,
709 1261 928 1324 propter
955 1265 1137 1306 veram
1181 1249 1535 1319 iniquitatem.
1572 1245 1710 1302 Vera
1751 1245 2002 1314 iniquitas
2041 1243 2093 1299 in

503 1345 718 1402 Christo
737 1361 844 1401 non
871 1344 969 1400 fuit
992 1361 1005 1398 :
1035 1343 1128 1398 sed
1152 1342 1444 1397 mortalitas
1465 1341 1517 1394 in
1550 1338 1641 1392 illo
1666 1337 1784 1392 fuit.
1811 1337 2092 1392 Peccatum

504 1453 610 1494 non
631 1436 886 1506 suscepit,
905 1434 999 1492 sed
1017 1449 1230 1504 poenam
1249 1431 1450 1502 peccati
1474 1428 1725 1499 suscepit.
1744 1425 2092 1498 Suscipiendo

503 1529 620 1584 sine
662 1527 814 1598 culpa
863 1541 1112 1596 plenam,
1155 1534 1209 1580 et
1255 1539 1466 1594 poenam
1511 1521 1716 1576 sanavit
1758 1529 1812 1575 et
1857 1520 2089 1590 culpam.

503 1621 640 1676 Ecce
663 1619 932 1691 quomodo
954 1620 1087 1673 liunt
1111 1619 1234 1672 ista.
1262 1615 1415 1684 Quod
1443 1614 1734 1670 admiratus
1770 1613 2092 1669 Nicodemus

502 1711 728 1777 dixerat,
763 1709 1027 1777 Quomodo
1055 1717 1262 1780 possunt
1290 1708 1387 1761 ista
1417 1705 1572 1776 ﬁeri?
1611 1705 1700 1761 Sic
1746 1705 1910 1761 eniml
1935 1719 2093 1760 sana-

501 1820 643 1872 mur,
667 1818 773 1858 non
821 1803 943 1872 quia
983 1815 1268 1856 meremur.
1313 1799 1452 1855 Ecce
1485 1797 1754 1868 quomodo
1794 1797 1928 1851 ﬁunt
1965 1799 2089 1852 ista.

500 1894 654 1951 Modo
680 1894 771 1949 ubi
800 1893 929 1947 mihi
956 1892 1206 1962 parvulos
1233 1889 1428 1961 ponis?
1457 1889 1573 1945 Jam
1608 1889 1774 1954 dicis,
1803 1888 1958 1944 Nullo
1995 1903 2090 1942 ve-

499 2003 641 2045 neno
665 1986 886 2042 sauciati
921 1995 1061 2042 sunt.
1104 1985 1268 2041 Aufer
1319 1999 1413 2040 eos
1456 2001 1486 2038 a
1529 1993 1819 2054 conspectu
1871 1983 2089 2039 exaltati

498 2081 784 2153 serpentis.
809 2079 865 2136 Si
897 2088 1078 2134 autem
1121 2094 1229 2134 non
1269 2077 1476 2146 aufers,
1506 2077 1771 2134 sanandos
1794 2077 1927 2133 dicis
1947 2118 1962 2144 ,
1992 2091 2087 2133 ve-

498 2185 722 2232 nenatos
748 2174 1039 2230 conliteris.

564 2265 795 2324 CAPUT
834 2265 975 2321 XIII.
1011 2295 1086 2307 -—
1130 2266 1216 2322 14.
1244 2263 1556 2335 Quicumque
1587 2264 1641 2316 in
1682 2263 1938 2318 Christum
1986 2278 2088 2316 non

497 2359 661 2420 credit
702 2358 996 2412 damnatur.
1027 2355 1292 2412 Iudicium
1339 2373 1432 2426 pro
1470 2355 1812 2410 damnatione.
1852 2353 2087 2426 Infantes

496 2453 618 2506 dicti
638 2451 834 2521 fideles.
869 2449 1147 2506 Peccatum
1185 2449 1415 2518 originis.
1453 2446 1658 2503 Deinde
1685 2447 1799 2516 ipse
1828 2445 2087 2501 Dominus

494 2542 548 2597 in
577 2541 768 2597 eodem
791 2555 1038 2596 sermone
1063 2539 1129 2594 ad
1167 2538 1513 2594 Nicodemum
1539 2553 1646 2594 non
1685 2537 1909 2592 audistis
1959 2537 2084 2607 quid

493 2635 709 2699 dixerit,
737 2648 858 2688 cum
887 2632 1073 2687 eadem
1103 2632 1262 2686 lectio
1285 2630 1443 2687 hodie
1465 2628 1771 2702 legeretur?
1803 2629 1902 2697 Qui
1926 2628 2086 2683 credit

491 2727 546 2779 in
573 2743 706 2792 eum,
731 2741 830 2778 non
850 2723 1261 2794 judicatur;qui
1303 2731 1471 2776 autem
1513 2737 1613 2775 non
1651 2721 1935 2786 crediderit,
1972 2721 2084 2791 jam

485 2819 748 2890 judicatus
767 2825 841 2870 est
868 2815 1049 2885 (Joan.
1083 2830 1162 2881 ιιι,
1185 2815 1240 2880 9,
1274 2814 1386 2884 18).
1422 2814 1490 2868 Ει
1524 2811 1609 2867 hic
1633 2812 1827 2882 qua-ris
1849 2811 2080 2866 medium

493 2910 655 2964 homo
681 2908 749 2962 de
779 2907 982 2971 medio,
1009 2914 1064 2960 et
1085 2905 1346 2976 disputas,
1376 2914 1428 2960 et
1447 2903 1758 2970 attenderis,
1787 2919 1888 2958 nec
1910 2911 2083 2956 atten-

491 2999 575 3053 dis
605 3017 617 3051 :
654 2999 751 3065 Qui
774 2998 931 3050 credit
957 2997 1009 3050 in
1031 3013 1166 3062 eum,
1190 3014 1290 3050 non
1314 2995 1612 3066 judicatur;
1641 2995 1728 3064 qui
1764 3005 1931 3048 autem
1981 3011 2081 3047 non

490 3092 778 3155 crediderit,
801 3092 915 3161 jam
924 3091 1188 3161 judicatus
1208 3099 1299 3143 est.
1326 3089 1462 3158 Quid
1482 3099 1566 3144 est
1592 3099 1768 3145 autem
1791 3131 1806 3154 ,
1853 3089 1974 3142 Jam
1989 3091 2082 3160 ju-

491 3183 690 3238 dicatus
718 3191 788 3235 est
810 3182 835 3234 ?
864 3183 1151 3234 Damnatus
1181 3189 1281 3235 est.
1305 3179 1436 3235 Nam
1454 3180 1712 3250 judicium
1734 3196 1832 3250 pro
1859 3181 2080 3235 damna-

490 3277 635 3331 tione
661 3275 970 3345 plerumque
992 3276 1116 3345 poni
1148 3275 1315 3329 nostis
1347 3292 1361 3329 :
1395 3274 1682 3344 Scriptura:
1715 3284 1880 3330 testes
1919 3283 2076 3341 sunt;

488 3367 722 3424 maxime
749 3368 838 3422 illo
873 3382 982 3422 uno
1025 3368 1330 3423 testimonio
1376 3368 1736 3437 apertissimo,
1788 3369 1872 3424 cui
1921 3383 2078 3424 nemo

487 3472 571 3519 est
592 3464 682 3533 qui
704 3462 1054 3516 contradicat.
1085 3462 1161 3517 De
1187 3463 1580 3518 resurrectione
1609 3478 1729 3518 cum
1750 3472 1930 3533 ageret
1969 3463 2078 3518 Do-

485 3556 662 3612 minus
685 3597 701 3622 ,
733 3557 834 3624 Qui
869 3557 991 3611 bene
1027 3557 1288 3626 fecerunt,
1334 3555 1535 3626 inquit,
1568 3557 1622 3610 in
1665 3557 2077 3611 resurrectionem

485 3648 630 3711 vitta;
655 3648 741 3717 qui
761 3647 894 3701 ntale
927 3656 1169 3718 egerunt,
1212 3647 1263 3701 in
1297 3647 1708 3719 resurrectionem
1733 3647 1919 3718 judicii
1961 3646 2072 3716 (Id.

490 3753 543 3803 ν,
573 3738 668 3809 29)
697 3757 711 3793 :
741 3739 926 3809 utique
941 3737 1196 3808 judicium
1224 3752 1321 3808 pro
1349 3736 1691 3792 damnatione
1714 3738 1905 3807 posuit.
1930 3737 1998 3791 Et
2020 3746 2076 3793 ιιι

483 3829 638 3885 aliter
655 3829 820 3885 audes
846 3829 1112 3885 disserere
1154 3837 1246 3884 aut
1290 3829 1554 3884 credere?
1602 3829 1699 3896 Qui
1755 3846 1857 3883 non
1895 3830 2069 3896 credit,

475 3922 587 3992 jam
597 3922 861 3992 judicatus
889 3931 984 3975 est.
1011 3922 1129 3975 Alio
1152 3922 1270 3976 loco
1304 3934 1316 3970 :
1346 3921 1444 3988 Qui
1465 3921 1619 3975 credit
1643 3922 1696 3974 in
1727 3920 1943 3988 Filium,
1975 3922 2073 3976 ha-

485 4013 560 4066 bet
590 4014 740 4066 vitam
761 4025 1002 4068 aeternam
1032 4030 1050 4066 :
1071 4030 1227 4084 quam
1262 4023 1314 4067 tu
1337 4015 1572 4082 parvulis
1601 4014 1949 4084 promittebas
1967 4030 2071 4070 non

485 4104 784 4173 baptizatis.
817 4105 916 4172 Qui
941 4106 1098 4160 credit
1123 4107 1175 4160 in
1205 4104 1254 4159 F
1256 4106 1419 4172 ilium,
1448 4105 1592 4160 habet
1623 4108 1773 4160 vitam
1809 4117 2068 4163 (sternam.

483 4195 587 4252 Sed
618 4195 794 4260 habet,
825 4197 1013 4266 inquit,
1031 4206 1084 4252 et
1104 4197 1192 4266 qui
1219 4213 1324 4252 non
1356 4198 1526 4252 credit
1564 4199 1850 4268 parvulus,
1882 4215 2070 4269 quam-

481 4289 566 4342 vis
585 4302 689 4343 non
718 4287 913 4344 habeat
941 4304 1160 4359 regnum
1193 4289 1307 4344 Dei.
1337 4290 1443 4346 Sed
1469 4291 1590 4346 vide
1616 4291 1757 4362 quod
1796 4293 2066 4364 sequitur:

487 4382 588 4448 Qui
612 4391 780 4436 autem
803 4381 1093 4436 incredulus
1127 4391 1198 4437 est
1238 4382 1397 4449 Filio,
1439 4401 1540 4438 non
1575 4385 1722 4440 habet
1759 4387 1950 4453 vitam;
1983 4385 2072 4441 sed

482 4489 559 4526 ira
588 4472 678 4526 Dei
720 4482 886 4526 manet
923 4489 1077 4541 super
1126 4490 1240 4527 eum
1268 4473 1445 4540 (Joan.
1479 4491 1555 4540 ιιι,
1603 4475 1716 4546 36).
1764 4475 1864 4532 Ubi
1916 4477 2070 4546 ponis

483 4564 731 4632 parvulos
758 4565 1087 4633 baptizatos?
1117 4565 1360 4620 Proiecto
1388 4566 1440 4621 in
1469 4583 1694 4622 numero
1713 4567 2066 4624 credentium.

479 4653 611 4708 Nam
637 4655 754 4710 ideo
783 4665 838 4709 et
877 4655 1265 4712 consuetudine
1302 4655 1556 4713 Ecclesia:
1599 4660 1814 4729 antiqua
1838 4701 1853 4725 ,
1900 4674 2067 4715 cano-

479 4748 620 4810 nica,
644 4748 1034 4816 lundatissinta,
1061 4750 1261 4820 parvuli
1294 4749 1538 4819 baptizati
1560 4752 1743 4808 ﬁdeles
1783 4763 2062 4810 vocantur.

480 4841 543 4894 Et
573 4841 649 4896 sic
671 4841 738 4895 de
769 4840 855 4895 his
894 4843 1186 4912 qumrimus
1215 4860 1227 4896 :
1253 4842 1356 4896 Iste
1397 4841 1568 4896 inl'ans
1595 4843 1917 4899 Christianus
1949 4846 2066 4902 est?

480 4934 848 5002 Respondetur
874 4950 887 4987 :
919 4935 1268 4990 Christianus.
1295 4933 1742 5003 Catechumenus,
1765 4951 1831 4992 an
1859 4937 2066 4994 ﬁdelis?

475 5026 708 5091 Fidelis;
741 5026 921 5096 utique
946 5044 975 5082 a
1005 5027 1141 5094 ﬁde,
1177 5029 1308 5083 ﬁdes
1347 5044 1376 5082 a
1423 5029 1710 5086 credendo.
1771 5031 1914 5088 Inter
1949 5047 2062 5089 ore.

475 5117 670 5172 dentes
691 5118 850 5187 igitur
875 5119 1172 5187 baptizatos
1193 5122 1441 5190 parvulos
1463 5122 1768 5178 numerabis
1809 5142 1824 5179 :
1853 5140 1952 5180 nec
1973 5125 2063 5194 ju-

480 5209 659 5264 dicare
681 5211 788 5263 ullo
820 5209 979 5264 tnodo
1006 5211 1420 5280 aliteraudebis,
1446 5214 1489 5268 si
1522 5229 1629 5268 non
1656 5215 1736 5269 vis
1765 5231 1885 5272 esse
1907 5223 2065 5287 aper-

475 5311 559 5354 tns
582 5301 882 5356 haereticus.
917 5302 1056 5373 Ergo
1082 5303 1203 5357 ideo
1227 5303 1422 5360 habent
1445 5306 1605 5361 vitam
1622 5316 1874 5364 mternam
1899 5325 1914 5363 :
1940 5310 2061 5380 quia

472 5396 555 5464 qui
583 5394 738 5447 credit
759 5395 812 5448 in
838 5393 888 5447 F
889 5394 1051 5460 ilium,
1086 5397 1230 5451 habet
1251 5399 1400 5452 vitam
1419 5411 1677 5455 aeternam.
1727 5466 1730 5470 ,

543 5488 769 5544 CAPUT
811 5489 950 5544 XIV.
982 5520 1053 5529 —
1078 5490 1195 5545 Noli
1216 5493 1294 5547 cis
1315 5493 1430 5549 sine
1467 5495 1566 5550 ista
1587 5496 1710 5561 ﬁde,
1744 5506 1798 5552 et
1821 5498 1937 5553 sine
1958 5498 2060 5554 isto

473 5591 811 5636 sacramento
848 5581 1004 5652 hujus
1035 5582 1188 5650 ﬁdei,
1223 5586 1533 5656 promittere
1575 5589 1734 5644 vitam
1782 5600 2056 5647 aeternam.

475 5671 574 5746 Qui
613 5682 783 5726 cutem
823 5673 1114 5729 incredulus
1159 5685 1231 5730 est
1262 5675 1435 5744 Filio,
1466 5688 1521 5733 et
1545 5679 1636 5749 qui
1661 5697 1764 5735 non
1807 5684 1976 5740 credit
2003 5685 2057 5742 in

471 5759 686 5836 Filium,
717 5781 818 5823 non
847 5766 993 5823 habet
1013 5767 1186 5838 vitam,
1217 5769 1307 5825 sed
1327 5769 1404 5826 ira
1427 5769 1524 5827 Dei
1557 5784 1723 5832 manet
1747 5793 1900 5851 super
1919 5753 2056 5843 eum,

1751 298 1808 356 S.
1849 292 2221 356 AUGUSTINI
2260 292 2560 356 EPISCOPI

3654 305 3799 368 i3“

2204 411 2322 469 Non
2345 415 2496 481 dixit,
2525 415 2711 471 Veniet
2737 431 2900 488 super
2937 433 3058 476 eum
3079 437 3094 488 ;
3117 420 3245 488 sed,
3270 432 3439 478 manet
3469 439 3623 494 super
3655 442 3796 481 eum.

2203 507 2458 578 Respexit
2503 509 2783 581 originem,
2821 526 2942 568 cum
2989 515 3084 581 ait,
3132 513 3227 568 Ira
3282 513 3380 570 Dei
3423 526 3590 572 manet
3642 534 3799 589 super

2195 616 2334 675 eum.
2361 599 2531 669 Quam
2577 603 2869 673 reSpiciens
2903 613 2958 660 et
2987 606 3274 676 Apostolus
3302 607 3473 674 dixit,
3500 607 3718 664 Fuimus
3745 619 3796 666 et

2202 707 2294 746 nos
2321 691 2596 762 aliquando
2639 704 2823 748 natura
2851 696 2948 764 lilii
2981 697 3074 751 ine
3107 696 3320 769 (Ephes.
3345 715 3382 754 ιι
3403 741 3417 766 ,
3447 701 3522 769 5).
3551 701 3667 756 Νοιι
3695 717 3792 758 ac-

2201 799 2451 840 cusamus
2489 795 2750 843 naturam.
2783 787 2997 843 Natura:
3045 799 3233 846 auctor
3279 792 3420 848 Deus
3455 803 3556 848 est.
3593 796 3638 848 A
3679 795 3794 851 Deo

2199 876 2337 932 bona
2359 885 2442 933 est
2467 879 2705 934 instituta
2731 889 2921 936 natura
2948 899 2961 934 :
2993 880 3086 937 sed
3115 897 3214 954 per
3241 883 3437 938 malam
3461 886 3790 942 voluntatem

2199 983 2231 1022 a
2259 981 2508 1039 serpente
2539 971 2718 1026 vitiata
2748 981 2852 1028 est.
2876 972 3002 1028 Ideo
3026 974 3166 1044 quod
3196 973 3290 1030 fuit
3322 976 3374 1030 in
3407 976 3575 1032 Adam
3595 978 3790 1048 culpzr,

2199 1077 2306 1117 non
2333 1074 2558 1132 naturae,
2590 1064 2745 1121 nobis
2775 1065 3077 1136 propagatis
3104 1066 3300 1122 factum
3325 1076 3408 1122 est
3423 1069 3533 1136 jam
3563 1077 3790 1125 naturas.

2198 1154 2282 1210 Ab
2312 1155 2414 1210 hoc
2455 1156 2583 1211 vitio
2614 1165 2839 1225 naturae,
2873 1172 2994 1213 cum
3021 1172 3127 1228 quo
3175 1160 3411 1214 nascitur
3451 1159 3612 1214 homo
3633 1203 3650 1228 ,
3680 1176 3789 1217 non

2197 1245 2388 1302 liberat
2409 1249 2508 1302 nisi
2530 1249 2620 1320 qui
2649 1257 2805 1304 natus
2826 1257 2909 1304 est
2928 1248 3044 1304 sine
3063 1249 3212 1304 vitio.
3244 1250 3326 1304 Ab
3351 1250 3454 1306 hac
3476 1267 3639 1307 carne
3661 1267 3791 1322 pec-

2195 1340 2296 1394 cati
2320 1356 2427 1395 non
2454 1341 2644 1397 liberat
2669 1342 2769 1398 nisi
2797 1343 2886 1398 ille
2906 1344 2995 1414 qui
3027 1355 3182 1398 natus
3210 1353 3292 1400 est
3315 1346 3433 1400 sine
3458 1355 3791 1415 peccateper

2195 1430 2354 1485 simili
2375 1432 2612 1487 tudinem
2643 1434 2820 1488 carnis
2842 1434 3065 1503 peccati.
3091 1433 3176 1488 Ab
3203 1433 3305 1489 hoc
3323 1450 3533 1490 veneno
3563 1450 3789 1505 serpen-

2196 1523 2264 1578 tis
2290 1538 2396 1578 non
2429 1523 2619 1580 liberat
2661 1526 2763 1581 nisi
2799 1526 3050 1582 exaltatio
3093 1528 3380 1598 serpentis.
3411 1527 3550 1595 Quid
3574 1528 3643 1582 ad
3671 1528 3788 1585 hinc

2192 1613 2365 1669 dicis?
2389 1614 2600 1670 Satisne
2621 1614 2723 1671 hoc
2744 1617 2855 1686 est?_

2269 1707 2360 1763 15.
2403 1706 2803 1780 Pelagianorum
2855 1708 3097 1781 e/fugium
3118 1751 3134 1776 ,
3188 1709 3310 1765 dum
3356 1720 3598 1782 urgentur
3625 1712 3786 1766 verbis

2193 1800 2423 1871 Apostolt
2442 1802 2505 1854 de
2541 1802 2777 1871 originali
2839 1812 3062 1872 peccato.
3107 1801 3231 1858 Non
3275 1805 3494 1874 primum
3540 1805 3787 1874 peccandi

2193 1893 2519 1964 exemplum,
2567 1897 2655 1951 sed
2719 1896 2928 1966 originis
2986 1904 3241 1963 peccatum
3300 1897 3372 1951 ibi
3420 1897 3782 1967 signiﬁcatum.

2194 1986 2366 2042 Unum
2409 1986 2607 2056 aliquid
2645 1988 3040 2053 acutissimum,
3070 1988 3211 2058 quod
3239 1989 3307 2044 ab
3348 1988 3427 2044 eis
3473 1987 3782 2058 profertur,

2191 2078 2462 2148 paululum
2489 2078 2766 2134 attendite.
2792 2079 2926 2134 Cum
2953 2081 3216 2149 coeperint
3236 2080 3414 2151 urgeri
3438 2081 3616 2136 verbis
3638 2082 3784 2150 Apo-

2188 2169 2314 2226 ειυΙὶ
2343 2169 2592 2237 dicentis,
2622 2169 2728 2224 Per
2755 2171 3178 2240 unumhominem
3207 2183 3468 2242 peccatum
3497 2172 3699 2226 intrauit
3727 2173 3783 2226 its

2192 2263 2453 2328 mundum,
2487 2273 2534 2316 et
2556 2280 2645 2335 per
2681 2274 2940 2335 peccatum
2961 2282 3098 2320 mors
3120 2275 3204 2330 ;et
3230 2267 3303 2319 ita
3328 2266 3381 2320 in
3410 2283 3584 2321 omnes
3611 2266 3781 2320 homi-

2190 2370 2278 2409 nes
2293 2355 2604 2422 pertransiit,
2628 2356 2682 2410 in
2704 2372 2802 2425 quo
2823 2372 2995 2411 omnes
3019 2367 3352 2426 peccaverunt
3377 2357 3554 2429 (Rom.
3579 2374 3630 2424 v,
3653 2359 3782 2429 12);

2187 2465 2306 2519 qua:
2333 2449 2494 2505 verba
2523 2450 2706 2506 nescio
2733 2449 2854 2520 quis
2884 2465 2988 2506 non
3033 2451 3322 2522 intelligat;
3348 2452 3402 2508 in
3437 2453 3631 2523 quibus
3654 2467 3781 2509 ver-

2185 2541 2270 2596 bis
2315 2541 2496 2597 nescio
2535 2550 2712 2597 utrum
2758 2543 3040 2613 quisquam
3084 2545 3448 2613 expositorem
3494 2545 3778 2614 requirat:

2187 2643 2448 2690 conantur
2488 2634 2816 2705 respondere
2837 2677 2854 2703 ,
2882 2645 2937 2690 et
2963 2635 3143 2691 dicere
3161 2676 3178 2703 ,
3206 2635 3327 2691 ideo
3351 2635 3550 2692 dictum
3581 2636 3682 2690 hoc
3707 2635 3782 2692 ab

2186 2727 2464 2798 Apostolo,
2490 2728 2614 2798 quia
2643 2728 2844 2804 primus
2873 2729 3112 2798 peccavit
3158 2729 3326 2784 Adam
3345 2769 3362 2796 ,
3391 2739 3446 2784 et
3473 2729 3560 2800 qui
3591 2737 3778 2800 postea

2187 2829 2561 2892 peccaverunt,
2594 2821 2742 2876 illum
2783 2821 3042 2876 imitando
3082 2830 3459 2891 peccaverunt.
3495 2821 3609 2876 Hoc
3648 2821 3779 2892 quid

2185 2923 2264 2968 est
2296 2912 2438 2967 aliud
2463 2955 2476 2977 ,
2499 2927 2659 2983 quam
2688 2914 2867 2968 conari
2901 2912 3151 2968 tenebras
3174 2921 3361 2983 aperto
3388 2913 3572 2968 lumini
3597 2913 3778 2968 olIun-

2182 3005 2348 3059 dere?
2395 3001 2668 3056 Peccatum
2699 3020 2790 3074 per
2834 3020 2993 3057 unum
3036 3004 3291 3058 hominem
3335 3005 3556 3067 intravit,
3601 3015 3647 3059 et
3687 3022 3781 3077 per

2185 3105 2442 3167 peccatum
2467 3110 2641 3159 mors;
2669 3105 2716 3149 et
2740 3097 2813 3149 ita
2830 3096 2885 3149 in
2913 3110 3085 3150 omnes
3113 3095 3342 3151 homines
3369 3098 3692 3164 pertransiit,
3721 3098 3778 3152 iis

2183 3205 2280 3259 quo
2320 3205 2491 3243 omnes
2534 3196 2882 3258 peccaverunt.
2932 3188 3157 3260 Propter
3195 3189 3548 3246 imitationem
3597 3189 3776 3261 dicis,

2183 3280 2305 3352 quia
2337 3281 2538 3349 primus
2570 3280 2810 3349 peccavit
2840 3279 3029 3336 Adam.

2253 3371 2478 3427 CAPUT
2519 3369 2635 3425 XV.
2657 3400 2730 3412 -—
2757 3371 3076 3442 Respondeo
3115 3386 3337 3444 prorsus
3365 3389 3379 3426 :
3411 3371 3527 3428 Non
3566 3373 3777 3443 primus

2182 3465 2419 3533 peccavit
2447 3465 2634 3518 Adam.
2660 3463 2717 3518 Si
2743 3465 2972 3534 primum
3003 3476 3336 3534 peccatorem
3368 3465 3622 3536 requiris,
3652 3465 3776 3520 dia-

2179 3556 2360 3612 bolum
2406 3556 2546 3612 vide.
2613 3556 2720 3613 Sed
2745 3557 2964 3612 humani
3018 3558 3234 3628 generis
3300 3572 3532 3614 massam
3589 3559 3775 3619 volens

2177 3647 2462 3705 ostendere
2491 3648 2778 3720 Apostolus
2815 3649 2883 3704 de
2905 3649 3111 3720 origine
3137 3657 3472 3716 venenatam,
3497 3649 3620 3706 ideo
3646 3665 3774 3707 eum

2179 3741 2350 3810 posuit
2391 3741 2534 3796 unde
2564 3741 2673 3796 nati
2707 3755 2894 3796 smnus
2915 3781 2932 3806 ,
2965 3756 3071 3797 non
3097 3757 3220 3799 eum
3263 3757 3424 3813 quem
3453 3742 3644 3799 imitati
3673 3759 3771 3799 su-

2176 3847 2316 3887 mus.
2351 3832 2551 3887 Dicitur
2573 3831 2786 3902 quidem
2829 3842 2883 3888 et
2912 3843 3061 3903 pater
3085 3840 3207 3888 tuus
3225 3875 3241 3900 ,
3263 3848 3421 3904 quem
3457 3833 3624 3890 fueris
3649 3835 3774 3890 imi-

2181 3932 2322 3980 tatus
2349 3941 2360 3976 :
2391 3922 2516 3977 Filii
2550 3924 2648 3977 mei
2667 3965 2680 3989 ,
2708 3924 2907 3993 inquit,
2935 3940 3058 3991 quos
3101 3925 3280 3978 iterum
3311 3925 3548 3994 ‘parturio
3570 3924 3768 3995 (Galat.

2174 4031 2249 4082 tv,
2276 4014 2384 4084 l9).
2413 4014 2512 4081 Qui
2539 4014 2718 4068 itidem
2754 4014 2881 4070 dicit
2907 4033 2918 4068 :
2945 4013 3235 4070 Imitatores
3266 4016 3364 4069 mei
3391 4025 3546 4070 estote
3569 4015 3615 4089 (Ι
3642 4014 3768 4072 Cor.

2176 4123 2253 4174 tv,
2289 4107 2396 4177 16).
2425 4107 2492 4162 Ει
2515 4118 2732 4176 propter
2760 4107 2929 4176 ipsam
2955 4107 3307 4162 imitationem
3327 4107 3523 4162 dicitur
3541 4107 3724 4178 impiis
3748 4127 3765 4166 :

2185 4199 2287 4256 Vos
2307 4218 2337 4254 a
2363 4210 2505 4270 patre
2529 4201 2728 4254 diabolo
2755 4201 2872 4254 estis
2906 4199 3084 4266 (Joan.
3109 4217 3224 4267 vut,
3247 4201 3362 4272 46).
3393 4201 3524 4257 Nam
3549 4211 3770 4258 constat

2174 4294 2227 4350 in
2254 4294 2513 4350 catholica
2537 4294 2657 4360 ﬁde,
2682 4293 2820 4364 quod
2845 4293 3088 4350 diabolus
3108 4310 3208 4350 nec
3220 4296 3496 4366 generavit
3523 4307 3766 4352 nostram

2175 4396 2441 4452 naturam,
2490 4401 2588 4442 nec
2627 4386 2864 4443 condidit
2910 4403 2924 4441 :
2981 4387 3096 4442 sola
3135 4387 3188 4442 in
3240 4387 3336 4443 illo
3393 4388 3632 4444 seductio
3678 4398 3767 4446 est

2177 4479 2562 4550 praecedentis,
2609 4480 2832 4534 imitatio
2876 4479 3278 4550 consequentis.
3337 4480 3576 4551 Denique
3621 4496 3764 4552 quo-

2170 4572 2332 4628 modo
2359 4571 2558 4626 dictum
2588 4580 2671 4627 est
2696 4570 2764 4625 de
2784 4569 2978 4635 Adam,
3002 4568 3067 4625 In
3085 4587 3186 4640 quo
3204 4587 3378 4626 omnes
3394 4583 3727 4641 peccauerunt
3741 4589 3766 4639 ;

2170 4663 2376 4734 legatur
2400 4662 2529 4718 mihi
2565 4662 2758 4718 alicubi
2780 4703 2795 4726 ,
2821 4661 3022 4718 Omnes
3055 4663 3108 4717 in
3139 4661 3351 4718 diabolo
3381 4674 3760 4733 peccaverunt.

2169 4755 2328 4810 Aliud
2357 4765 2441 4811 est
2465 4755 2554 4810 illo
2585 4754 2919 4825 praecedente
2938 4763 2994 4810 et
3012 4754 3302 4810 seducente
3331 4769 3553 4824 peccare
3571 4797 3586 4821 ,
3613 4755 3762 4812 aliud
3825 4766 3828 4770 '

2170 4848 2222 4903 in
2251 4850 2341 4904 illo
2369 4863 2609 4918 peccare.
2633 4848 2764 4916 Quia
2786 4847 3080 4902 secundum
3119 4850 3464 4919 propaginem
3502 4852 3680 4906 carnis
3704 4851 3759 4905 in

2168 4940 2259 4995 illo
2277 4954 2490 4996 eramus
2513 4953 2722 5006 omnes,
2749 4948 3030 5010 antequam
3057 4939 3166 4994 nati
3199 4954 3441 4996 essemus
3460 4981 3474 5006 ,
3506 4950 3757 5012 tanquam

2171 5031 2226 5087 in
2254 5040 2498 5103 parente,
2527 5039 2776 5101 tanquam
2804 5029 2857 5084 in
2891 5028 3069 5084 radice
3097 5029 3169 5084 ibi
3202 5045 3416 5086 eramus
3443 5049 3459 5087 :
3486 5032 3564 5086 sic
3591 5047 3760 5088 vene-

2169 5133 2294 5178 nata
2317 5133 2397 5179 est
2420 5124 2519 5179 ista
2544 5122 2723 5187 arbor,
2747 5122 2837 5176 ubi
2862 5135 3098 5176 eramus.
3134 5119 3267 5177 Nam
3297 5122 3420 5192 quia
3454 5122 3521 5177 ad
3564 5122 3758 5178 diabo-

2167 5217 2299 5284 lum,
2355 5216 2456 5272 hoc
2495 5226 2597 5283 est,
2649 5214 2944 5285 principem
2997 5215 3236 5284 peccati,
3273 5224 3327 5269 et
3366 5231 3490 5271 vere
3523 5216 3756 5285 primum
3799 5208 3843 5293 --

2167 5319 2524 5380 peccatorem,
2555 5323 2658 5364 non
2688 5309 2916 5377 pertinet
2943 5307 3114 5376 origo,
3143 5307 3238 5362 sed
3263 5307 3516 5373 imitatio;
3538 5324 3660 5364 cum
3685 5309 3757 5366 de

2169 5403 2260 5458 illo
2284 5401 2558 5470 Scriptura
2580 5401 2904 5469 loqueretur,
2924 5397 3146 5465 Invidia,
3171 5399 3357 5471 inquit,
3383 5400 3592 5466 diaboli,
3616 5417 3756 5458 mors

2162 5496 2371 5550 intrauit
2397 5495 2448 5547 in
2484 5493 2653 5547 orbem
2687 5503 2934 5546 terrarum
2965 5508 2984 5546 :
3012 5492 3276 5547 imitantur
3311 5504 3481 5547 autent
3505 5511 3639 5559 eum,
3665 5496 3758 5561 qui

2165 5599 2281 5643 sunt
2329 5606 2392 5642 ea:
2431 5597 2575 5659 parte
2614 5587 2774 5657 ipsius
2799 5585 2954 5655 (Sap.
2978 5601 3037 5649 ιι,
3067 5585 3292 5656 25,25).
3333 5585 3592 5641 ltnitnndo
3628 5601 3754 5642 eum

2168 5682 2301 5736 liunt
2325 5697 2391 5736 ex
2420 5689 2568 5750 parte
2597 5679 2779 5749 ipsius.
2803 5676 3067 5756 Numquid
3089 5677 3286 5732 dictum
3304 5686 3408 5738 est.
3442 5677 3496 5731 lu
3520 5679 3611 5733 illo
3626 5693 3756 5747 pec-

2164 5773 2454 5837 eaverunt?
2483 5774 2613 5834 Cum
2636 5787 2765 5864 vero
2790 5770 2858 5833 de
2881 5769 3054 5864 Adam
3083 5770 3370 5848 diceretur,
3399 5780 3619 5863 propter
3631 5773 3755 5866 ori:
