4036 6442
272 378 423 439 1345

278 498 460 569 ginem
489 532 506 559 ,
538 495 757 562 prapter
803 483 1166 557 posteritatem
1191 520 1208 546 ,
1257 480 1475 548 propter
1519 469 1861 543 propaginem

274 560 566 648 viscerum,
597 582 661 636 In
687 596 785 652 qua
814 593 984 632 omnes
1004 618 1018 642 ,
1052 573 1223 644 inquit
1241 613 1255 637 ,
1290 574 1633 639 peccaverunt.
1662 563 1795 618 Nam
1823 560 1867 615 si

276 688 559 752 propterea
589 676 793 746 primus
832 670 1154 727 constitutus
1183 674 1266 719 est
1293 663 1481 726 Adam,
1512 660 1635 729 quia
1666 657 1869 728 primus

276 771 553 845 peccavit,
587 780 836 839 tanquam
879 767 931 820 in
975 765 1219 833 exemplo
1261 762 1363 825 sit,
1396 774 1502 814 non
1531 758 1582 811 in
1626 752 1867 824 origine;

278 863 467 935 utquid
519 871 623 917 tam
663 860 716 914 in
760 858 1079 929 longinquo,
1109 863 1229 926 post
1257 864 1362 907 tam
1401 850 1602 922 prolixa
1632 858 1871 917 tempora

278 964 465 1011 contra
499 950 667 1006 Adam
693 949 947 1020 quaeritur
965 944 1244 1001 Christus?
1274 943 1331 999 Si
1359 956 1545 996 omnes
1569 949 1874 1010 peccatores

279 1047 349 1101 ad
372 1045 540 1100 Adam
566 1051 843 1114 propterea
874 1040 1161 1110 pertinent,
1192 1036 1315 1108 quia
1347 1035 1552 1107 primus
1580 1038 1869 1103 peccator:

281 1154 473 1195 omnes
508 1137 635 1207 justi
671 1136 967 1191 debuerunt
1007 1132 1074 1187 ad
1111 1132 1242 1187 Abel
1286 1131 1575 1199 pertinere,
1602 1125 1720 1195 quia
1767 1122 1877 1193 pri-

284 1231 615 1300 musjustus.
644 1226 819 1295 Quare
843 1225 1088 1280 Christus
1130 1220 1424 1293 quaeritur?
1452 1217 1836 1287 Expergiscere
1860 1253 1875 1279 ,

285 1321 471 1378 frater.
516 1320 691 1387 Quare
718 1317 963 1373 Christus
1007 1316 1261 1387 qureritur
1286 1312 1425 1381 ,nisi
1450 1312 1573 1382 quia
1615 1310 1667 1364 in
1709 1308 1879 1363 Adam

283 1414 535 1469 damnata
570 1422 651 1467 est
678 1410 955 1482 generatio
977 1452 992 1477 ,
1026 1409 1076 1463 in
1104 1407 1317 1464 Christo
1354 1405 1613 1478 quaeritur
1658 1416 1881 1473 regene-

286 1503 462 1558 ratio?

358 1595 585 1652 CAPUT
624 1593 764 1649 XVI.
796 1622 869 1634 —
898 1592 983 1647 16.
1013 1590 1409 1661 Pelagianorum
1454 1587 1668 1659 objectia
1706 1593 1883 1640 contra

288 1696 549 1759 peccatum
577 1684 840 1757 originale,
872 1682 975 1738 Cur
1000 1682 1062 1736 de
1088 1682 1345 1751 baptizata
1371 1695 1473 1733 non
1500 1680 1673 1748 justus
1716 1675 1883 1729 nasci-

290 1788 394 1834 tur.
426 1777 659 1833 Proinde
699 1791 858 1831 nemo
885 1789 984 1829 nos
1004 1774 1153 1828 fallat
1184 1791 1195 1825 :
1224 1771 1498 1840 Scriptura
1525 1769 1745 1826 evidens
1776 1773 1880 1832 est,

289 1872 582 1929 auctoritas
599 1869 967 1925 fundatissima
991 1874 1101 1931 est,
1131 1865 1262 1921 fides
1291 1863 1705 1918 catholicissima
1736 1868 1817 1915 est
1842 1858 1880 1911 ⁸.

288 1967 479 2024 Omnis
511 1972 834 2037 generatus,
880 1961 1204 2015 damnatus:
1252 1971 1413 2012 nemo
1456 1955 1711 2011 liberatus
1735 1993 1751 2020 ,
1782 1951 1885 2006 nisi

290 2066 658 2131 regeneratus.
685 2053 839 2111 Unde
860 2060 917 2108 et
942 2052 1095 2106 alteri
1124 2049 1377 2105 νει-8111101
1397 2047 1605 2102 illorum
1639 2045 1748 2116 jam
1792 2056 1888 2096 vos

292 2149 537 2205 instructi
578 2145 900 2216 respondete
920 2187 935 2213 ,
963 2142 1263 2200 charissimi
1295 2140 1544 2211 :quando
1581 2138 1803 2201 dicunt,
1835 2144 1890 2190 et

292 2242 546 2313 parvulos
594 2239 827 2303 turbant,
872 2236 926 2291 Si
974 2234 1044 2291 de
1088 2240 1371 2304 peccatore
1424 2239 1732 2300 peccatores
1779 2228 1888 2282 nati

290 2312 419 2381 sunt
440 2366 454 2390 ,
476 2338 644 2395 quare
674 2336 780 2377 non
810 2320 878 2374 de
910 2318 1179 2388 baptizata
1201 2317 1312 2387 jam
1355 2316 1519 2379 fideli,
1551 2314 1635 2369 cui
1667 2312 1889 2367 remissa

294 2425 424 2473 sunt
452 2417 698 2470 universa
724 2419 946 2484 peccata
967 2452 984 2475 ,
1008 2409 1138 2479 justi
1166 2410 1492 2464 nascuntur?
1518 2406 1635 2461 Cito
1662 2418 1889 2474 respon-

290 2509 418 2565 dete
447 2527 461 2562 :
494 2506 619 2562 Ideo
646 2506 713 2561 de
742 2504 1007 2573 baptizata
1032 2517 1141 2557 non
1167 2501 1339 2571 justus
1365 2499 1618 2560 nascitur,
1641 2496 1763 2567 quia
1783 2509 1890 2548 non

294 2615 420 2655 cum
452 2606 671 2669 generat
701 2596 842 2651 unde
864 2600 1212 2664 regeneratus
1241 2600 1344 2657 est,
1373 2589 1466 2645 sed
1494 2588 1636 2645 unde
1661 2600 1890 2657 genera-

295 2699 384 2745 tus
414 2699 515 2745 est.
550 2689 622 2742 De
645 2686 858 2741 Christo
888 2685 1086 2739 dictum
1115 2692 1217 2747 est,
1250 2681 1592 2749 Martiﬁcatus
1618 2694 1788 2743 carne,
1820 2676 1895 2730 ui-

295 2781 530 2850 viﬁcatus
575 2778 757 2849 spiritu
788 2774 839 2848 (1¹
858 2774 1000 2829 Petr.
1045 2790 1135 2838 nt,
1168 2770 1299 2841 i8):
1332 2771 1410 2825 sic
1431 2769 1501 2825 de
1531 2767 1746 2822 homine
1789 2765 1893 2820 dici

295 2870 849 2945 potest,Tabcfactus
889 2881 1050 2921 carne
1066 2868 1106 2930 ’,
1130 2862 1449 2934 justiﬁeatus
1492 2861 1701 2930 spiritu.
1748 2856 1896 2925 Quod

296 2968 524 3021 nascitur
551 2963 614 3018 de
657 2978 809 3015 carne
828 3002 841 3024 ,
863 2975 982 3014 cara
1013 2966 1103 3012 est.
1132 2956 1339 3024 Quaeris
1369 2963 1427 3009 ut
1452 2953 1518 3007 de
1551 2952 1696 3022 justo
1720 2950 1896 3020 justus

297 3066 554 3115 nascatur
575 3097 591 3122 ,
620 3069 741 3110 cum
786 3053 972 3107 videas
1008 3048 1207 3120 justum
1238 3063 1359 3104 esse
1390 3047 1490 3101 nisi
1520 3051 1896 3114 regeneratum

297 3152 523 3207 omnino
555 3164 658 3202 non
691 3160 866 3216 posse.
908 3143 1017 3199 Nec
1044 3140 1277 3196 attendis
1305 3138 1511 3193 Domini
1557 3135 1896 3199 sententiam,

297 3257 461 3313 quam
495 3248 549 3293 tu
574 3239 685 3306 ipse
716 3237 768 3290 in
797 3250 890 3290 ore
914 3234 1075 3287 habes
1108 3249 1121 3284 :
1154 3231 1215 3286 Si
1241 3233 1351 3297 quis
1380 3245 1481 3282 nan
1518 3235 1722 3281 renatus
1751 3223 1900 3298 fuerit

297 3350 366 3389 ea:
389 3348 521 3402 aqua
540 3339 587 3384 et
615 3328 815 3398 Spiritu
846 3324 1026 3396 (Joan.
1050 3339 1130 3390 111,
1159 3323 1214 3388 6,
1243 3321 1319 3391 5).
1355 3320 1489 3374 Ρ1110
1514 3319 1636 3387 quia
1663 3332 1768 3370 non
1800 3316 1903 3369 hoc

300 3427 505 3484 factum
531 3424 689 3478 estin
727 3419 1035 3476 concubitu.
1068 3416 1277 3470 Miraris
1306 3427 1472 3483 quare
1508 3418 1759 3481 peccator
1784 3420 1906 3460 nas-

301 3528 460 3576 catur
486 3518 555 3572 de
585 3515 789 3571 semine
810 3510 939 3583 justi
968 3528 981 3564 :
1016 3523 1120 3563 non
1167 3517 1218 3561 te
1252 3506 1484 3560 delectat
1532 3501 1711 3555 mirari
1737 3513 1903 3568 quare

304 3611 544 3666 oleaster
582 3614 832 3660 nascatur
854 3603 921 3657 de
963 3600 1166 3655 semine
1196 3596 1387 3651 olivae?
1416 3595 1609 3663 Accipe
1647 3592 1803 3644 aliam
1834 3589 1906 3643 si-

314 3698 692 3757 militudinem.
725 3695 930 3749 .Instum
963 3690 1285 3760 baptizatum
1306 3728 1320 3750 ,
1352 3700 1491 3756 pone
1518 3697 1741 3753 granum
1778 3696 1904 3749 pur-

303 3802 491 3864 gatum
523 3808 537 3844 :
569 3804 674 3842 non
705 3784 956 3849 attendis,
984 3782 1104 3852 quia
1131 3781 1395 3850 de‘grano
1424 3786 1646 3847 purgato
1672 3773 1907 3827 frumen-

313 3862 430 3938 tum
457 3896 578 3935 011111
622 3878 772 3948 palea
802 3874 1067 3940 nascitur,
1091 3873 1208 3926 sine
1235 3886 1337 3940 qua
1369 3867 1682 3924 seminatur.
1707 3862 1908 3918 Deinde

308 3991 437 4031 cum
470 3974 539 4028 sit
576 3973 628 4026 in
661 3970 948 4041 propagine
976 3974 1220 4021 natorum
1249 3963 1524 4034 generatio
1557 3957 1787 4013 carnalis
1810 3998 1826 4022 ,
1856 3956 1907 4009 in

310 4068 605 4141 propagine
650 4048 955 4119 renatorum
993 4058 1264 4130 generatio
1308 4053 1596 4125 spiritualis
1616 4093 1631 4117 ,
1658 4051 1737 4103 vis
1759 4057 1816 4103 ut
1843 4047 1911 4103 de

310 4161 587 4232 baptizato
612 4157 911 4226 baptizatus
939 4158 1213 4217 nascatur,
1245 4163 1365 4203 cum
1388 4146 1569 4201 videas
1595 4144 1661 4198 dc
1686 4143 1913 4197 circum-

311 4254 432 4307 ciso
476 4266 581 4304 non
612 4248 757 4303 nasci
796 4243 1214 4300 circumcisum?
1244 4239 1484 4294 Carnalis
1516 4246 1600 4291 est
1627 4243 1771 4290 certe
1813 4233 1911 4287 ista

314 4342 625 4415 generatio,
652 4348 706 4394 ct
747 4338 976 4393 carnalis
1015 4343 1096 4389 est
1129 4331 1493 4393 circumcisio,
1534 4336 1590 4384 et
1626 4336 1805 4381 tamen
1846 4325 1913 4380 de

316 4436 639 4491 circumciso
666 4446 772 4487 non
803 4428 1038 4485 nascitur
1061 4425 1409 4493 circumcisus
1440 4440 1453 4476 :
1478 4422 1556 4476 sic
1580 4434 1706 4489 ergo
1732 4419 1796 4473 de
1824 4418 1915 4471 ha-

318 4528 523 4600 ptizato
549 4541 656 4579 non
688 4530 862 4593 potest
890 4521 1038 4575 nasci
1069 4517 1396 4589 baptizatus;
1426 4514 1548 4584 quia
1574 4526 1733 4568 nemo
1764 4524 1917 4565 rena-

322 4632 436 4686 tus,
463 4627 747 4688 antequam
778 4623 957 4671 natus.

398 4712 626 4771 CAPUT
665 4709 828 4766 XVII.
860 4738 929 4749 ——
957 4707 1043 4762 l7.
1066 4703 1185 4759 Alta
1218 4701 1510 4759 earumdem
1527 4696 1794 4753 'cavillatia
1832 4711 1920 4751 esa-

323 4806 573 4879 pladitur.
594 4801 823 4857 Christus
845 4798 975 4853 nihil
999 4796 1204 4868 prodest
1240 4810 1341 4848 non
1374 4790 1707 4847 credentibus.
1738 4786 1922 4856 Infan-

325 4878 460 4953 tibus
483 4894 751 4964 baptizatis
777 4891 975 4960 prodest
1006 4886 1254 4943 Christus.
1279 4884 1511 4955 Infantes
1541 4878 1779 4950 baptizati
1810 4892 1921 4931 vere

328 4988 586 5043 credentes
610 4984 829 5038 aliorum
856 4981 978 5051 ﬁde.
1014 4977 1247 5048 Infantes
1266 4975 1475 5029 credunt
1505 4973 1604 5040 ﬁde
1634 4977 1919 5037 parentum.

330 5077 491 5135 Aliud
511 5090 697 5131 eorum
718 5072 867 5141 quasi
891 5068 1252 5126 acutissimum
1278 5083 1291 5119 :
1319 5063 1414 5119 sed
1433 5062 1560 5134 quid
1583 5069 1794 5117 acutum
1818 5072 1922 5113 non

328 5168 645 5226 obtunditur
665 5173 816 5219 scuto
840 5160 1118 5217 veritatis?
1143 5157 1300 5214 Aliud
1324 5156 1528 5221 dicunt,
1551 5152 1729 5207 videte
1748 5150 1923 5221 quale.

330 5262 391 5316 Si
416 5259 588 5314 Adam
613 5299 628 5322 ,
658 5254 941 5325 inquiunt,
975 5258 1133 5307 nocet
1161 5250 1244 5304 his
1266 5247 1357 5319 qui
1391 5260 1497 5300 non
1537 5248 1925 5315 peccaverunt;

330 5366 465 5423 ergo
502 5360 556 5406 et
597 5348 839 5403 Christus
883 5344 1137 5416 prodesse
1178 5341 1338 5396 debet
1374 5339 1534 5394 etiam
1574 5336 1657 5391 bis
1702 5334 1791 5405 qui
1821 5347 1928 5387 non

332 5442 699 5500 crediderunt.
734 5437 937 5493 Videtis
977 5443 1124 5491 certe
1149 5448 1307 5504 quam
1348 5432 1451 5486 hoc
1478 5437 1690 5484 acutum
1711 5428 1779 5481 sit
1800 5440 1930 5481 con-

334 5542 421 5592 tra
460 5534 743 5590 veritatem
779 5546 793 5582 :
839 5527 1018 5583 audite
1064 5533 1320 5595 quantum
1364 5521 1579 5591 adjuvet
1628 5519 1931 5573 veritatem.

407 5670 423 5702 ι
453 5669 651 5733 1111111101Δ
664 5672 794 5724 Mss,
813 5662 1076 5733 scriptura:
1312 5663 1382 5708 est
1406 5659 1682 5713 auctoritas,
1706 5649 1931 5714 fundatis

341 5730 468 5784 εινηα
488 5722 558 5781 esi
580 5722 1115 5793 ﬁdes.
1380 5785 1394 5793 ,
1429 5779 1469 5793 ..

414 5778 591 5852 (meo,
613 5778 893 5851 tabéfactus,
928 5785 1135 5835 trahetur
1154 5783 1205 5833 in
1228 5788 1357 5841 uss,
1375 5778 1658 5855 tabiﬁcatus.

1681 350 1907 413 SERMO
1939 345 2210 408 CCXCIV.

3420 340 3561 402 1546

1980 469 2079 536 Qui
2110 468 2251 523 enim
2281 466 2381 522 hoc
2423 464 2589 532 dicit,
2622 463 2753 520 nihil
2778 461 2921 519 aliud
2942 505 2958 530 ,
2988 460 3093 517 nisi
3130 458 3402 517 Christum
3430 459 3560 515 nihil

1978 560 2231 631 prodesse
2266 575 2370 614 non
2400 557 2761 613 credentibus.
2803 555 2916 610 Hoc
2945 562 3026 609 est
3053 568 3256 609 verum.
3297 551 3426 618 Quis
3453 564 3560 604 non

1975 663 2232 724 acceptet.
2257 654 2385 722 Quis
2406 668 2510 707 non
2530 650 2860 715 consentiat,
2892 649 3017 719 quia
3043 646 3289 703 Christus
3316 658 3421 699 non
3444 657 3562 698 cre-

1976 744 2223 800 dentibus
2245 759 2348 799 non
2388 743 2635 814 prodest,
2665 740 3007 797 credentibus
3048 737 3305 809 prodest?
3332 735 3436 791 Sed
3478 734 3564 789 dic

1979 836 2130 901 mihi,
2153 836 2376 891 obsecro
2400 844 2469 903 te,
2492 834 2731 889 Parvulis
2762 832 3038 902 baptizatis
3076 828 3320 884 Christus
3341 824 3560 896 aliquid,

1979 946 2045 986 an
2082 930 2211 984 nihil
2240 927 2491 997 prodest?
2513 926 2741 982 Necesse
2766 934 2849 979 est
2878 933 2935 978 ut
2954 922 3097 978 dicat
3117 920 3369 990 prodesse
3399 935 3411 970 :
3447 930 3563 985 pre-

1981 1024 2143 1079 mitur
2177 1023 2316 1076 mole
2354 1020 2539 1075 matris
2584 1018 2857 1073 Ecclesize.
2905 1017 3067 1071 Forte
3109 1014 3322 1086 quidem
3364 1009 3566 1065 vellent

1982 1117 2084 1172 hoc
2112 1116 2318 1180 dicere;
2349 1129 2470 1169 nam
2496 1114 2924 1169 ratiocinationes
2949 1124 3135 1167 eorum
3156 1105 3224 1162 ad
3250 1106 3354 1162 1100
3376 1102 3571 1159 viden-

1984 1220 2069 1267 tur
2109 1210 2429 1280 compellere
2460 1228 2472 1263 :
2505 1207 2598 1263 sed
2639 1206 2948 1261 auctoritate
2990 1202 3354 1274 reprimuntur
3386 1198 3567 1253 Eccle-

1984 1305 2078 1360 sia:
2102 1346 2117 1373 ,
2148 1318 2215 1358 ne
2244 1317 2348 1357 non
2378 1300 2549 1356 dicam
2604 1298 2771 1368 sputis
2812 1297 3087 1352 hominum
3114 1296 3403 1350 obruantur
3426 1333 3441 1357 ,
3474 1288 3569 1344 sed

1986 1397 2222 1466 ipsorum
2270 1393 2545 1448 infantium
2591 1390 2840 1459 lacryrnis
2886 1399 3132 1458 tanquam
3173 1386 3334 1441 fluvio
3360 1392 3568 1454 pertra-

1987 1488 2201 1542 hantur.
2239 1487 2295 1541 Si
2339 1486 2481 1542 enim
2518 1482 2784 1548 dixerint,
2828 1480 2961 1534 nihil
3006 1480 3256 1550 prodesse
3300 1477 3567 1533 Christum

1987 1580 2266 1649 baptizatis
2288 1578 2608 1644 infantibus;
2640 1575 2769 1630 nihil
2792 1572 2933 1629 aliud
2962 1572 3143 1627 dicunt
3163 1584 3341 1640 quam,
3368 1568 3571 1637 Super-

1988 1682 2096 1738 11110
2142 1680 2475 1751 baptizantnr
2522 1675 2770 1733 infantes.
2816 1672 2888 1730 Ut
2917 1680 3095 1727 autem
3145 1684 3253 1724 non
3302 1667 3573 1738 superﬂuo

1989 1776 2355 1845 baptizentur,
2401 1772 2524 1843 quia
2556 1771 2657 1826 hoc
2694 1769 2871 1824 dicere
2913 1782 3018 1821 non
3059 1764 3289 1830 audent,
3320 1761 3574 1833 prodesse

1989 1871 2259 1927 Christum
2285 1868 2560 1938 baptizatis
2590 1864 2880 1920 infantibus
2900 1850 3239 1917 confitentur.

2062 1960 2289 2018 CAPUT
2328 1958 2513 2015 XVIII.
2552 1987 2625 1999 —-
2665 1956 2723 2012 Si
2770 1955 2989 2027 prodest
3034 1950 3345 2021 baptizatis,
3394 1962 3577 2018 quiem

1993 2056 2183 2128 quibus
2213 2053 2403 2125 prosit,
2433 2049 2795 2114 credentibus,
2839 2064 2903 2101 an
2931 2061 3040 2101 non
3070 2042 3451 2101 credentibus?
3473 2040 3580 2095 Eli-

1992 2158 2119 2221 gant
2147 2146 2287 2219 quod
2315 2146 2517 2201 volunt.
2551 2142 2868 2199 Si-dixerint
2887 2183 2901 2207 ,
2930 2140 3043 2194 Non
3075 2136 3416 2193 credentibus
3446 2152 3459 2187 :
3491 2133 3580 2188 ubi

1994 2248 2079 2296 est
2103 2254 2231 2308 ergo
2257 2237 2397 2307 quod
2436 2233 2850 2291 calumniabaris
2873 2272 2888 2298 ,
2916 2230 3039 2301 quia
3066 2227 3308 2283 Christus
3329 2241 3433 2282 non
3458 2240 3581 2281 cre-

1994 2333 2243 2389 dentibus
2294 2330 2548 2401 prodesse
2600 2342 2705 2382 non
2761 2323 2973 2396 potest?
3016 2322 3155 2377 Ecce
3207 2330 3263 2375 tu
3311 2318 3582 2375 confiteris

1994 2425 2251 2497 prodesse
2303 2421 2623 2483 infantibus,
2660 2433 2777 2473 non
2847 2427 3025 2472 tamen
3078 2413 3439 2469 credentibus.
3498 2410 3579 2464 Ad

1996 2518 2270 2591 quodlibet
2322 2515 2539 2586 prodest
2576 2528 2591 2567 :
2623 2526 2729 2567 non
2781 2520 2931 2581 putas
2982 2508 3048 2563 ad
3096 2507 3257 2561 vitam
3304 2513 3581 2567 mternam,

1996 2628 2103 2667 non
2142 2620 2293 2681 putus
2330 2610 2397 2664 ad
2440 2607 2665 2661 salutem
2704 2612 2957 2659 teternam
2991 2619 3004 2655 :
3038 2600 3103 2654 ad
3147 2601 3321 2669 ipsum
3360 2611 3581 2667 regnum

1997 2707 2253 2761 cmlorum
2277 2699 2673 2772 percipiendum
2695 2697 2874 2767 utique
2900 2693 3115 2765 prodest
3130 2690 3373 2747 Christus
3394 2704 3587 2760 parvu-

2002 2800 2067 2853 lis
2119 2796 2417 2866 baptizatis.
2473 2793 2696 2848 Prodest
2721 2805 2847 2859 ergo
2905 2804 3011 2842 non
3055 2783 3429 2841 credentibus?
3479 2781 3586 2837 Sed

2003 2892 2175 2955 absit,
2204 2898 2259 2942 ut
2286 2903 2385 2957 ego
2423 2885 2597 2940 dicam
2619 2899 2724 2938 non
2752 2881 3032 2937 credentes
3058 2878 3303 2932 infantes.
3345 2875 3461 2929 Jam
3492 2888 3585 2928 su-

2002 2985 2182 3055 perius
2200 2980 2500 3051 disputavi,
2529 2977 2698 3033 credit
2721 2977 2773 3031 in
2795 2975 2963 3030 altera
2983 3015 2998 3040 ,
3031 2974 3121 3044 qui
3162 2970 3397 3043 peccavit
3424 2970 3477 3025 in
3506 2968 3589 3024 al-

2004 3084 2119 3131 tero
2153 3093 2166 3129 :
2192 3074 2387 3128 dicitur
2406 3114 2421 3138 ,
2444 3071 2657 3134 Credit;
2686 3078 2740 3124 et
2768 3069 2929 3133 valet,
2957 3076 3009 3122 et
3037 3067 3175 3121 inter
3217 3064 3401 3119 fideles
3421 3062 3591 3133 bapti-

2007 3178 2154 3224 zatos
2178 3174 2535 3234 computatur.
2565 3163 2675 3217 1100
2713 3163 2874 3216 habet
2900 3161 3154 3215 autoritas
3184 3158 3370 3211 matris
3402 3155 3590 3209 Eccle-

2006 3260 2120 3321 size,
2155 3259 2256 3312 hoc
2282 3257 2528 3310 fundatus
2553 3254 2791 3309 veritatis
2812 3252 3017 3307 obtinet
3039 3264 3208 3305 canon
3243 3268 3256 3303 :
3285 3256 3467 3303 contra
3490 3245 3595 3301 hoc

2008 3352 2174 3407 robur
2198 3392 2212 3415 ,
2242 3358 2422 3404 contra
2456 3346 2596 3401 hunc
2625 3342 3087 3414 inexpugnabilem
3118 3356 3327 3395 murum
3353 3339 3595 3409 quisquis

2008 3444 2231 3506 arietat,
2255 3440 2370 3508 ipse
2391 3436 2762 3506 confringitnr.
2805 3437 2944 3504 Ergo
2983 3433 3199 3503 prodest
3223 3431 3465 3486 Christus
3493 3430 3594 3484 ali-

2009 3532 2139 3602 quid
2174 3529 2465 3585 infantibus
2495 3527 2807 3596 baptizatis;
2838 3535 2893 3579 et
2926 3526 3062 3579 sicut
3081 3538 3181 3593 ego
3200 3524 3321 3576 dico
3340 3562 3354 3586 ,
3380 3530 3435 3576 et
3458 3522 3596 3575 sicut

2011 3637 2219 3677 mecum
2244 3629 2352 3674 tota
2388 3619 2625 3673 Ecclesia
2655 3618 2804 3680 dicit,
2834 3614 3172 3670 credentibus
3201 3612 3433 3681 prodest,
3465 3610 3595 3665 ﬁde-

2011 3716 2151 3769 libus
2174 3713 2426 3783 prodest:
2453 3722 2506 3766 tu
2532 3710 2674 3781 quod
2696 3711 2773 3765 vis
2799 3710 2953 3780 elige.
2981 3708 3115 3763 Volo
3140 3706 3354 3777 quidem
3379 3714 3437 3761 ut
3455 3704 3595 3775 quod

2013 3807 2189 3862 verius
2215 3817 2317 3872 est,
2342 3806 2541 3875 eligas;
2566 3812 2624 3859 ut
2646 3783 2922 3859 nobiscum
2947 3802 3094 3857 dicas
3117 3801 3240 3872 quia
3259 3800 3600 3857 credentibus

2014 3897 2250 3969 prodest.
2299 3896 2405 3952 Sed
2461 3896 2508 3951 si
2550 3896 2776 3958 dixeris,
2818 3894 2931 3950 Non
2973 3893 3311 3949 credentibus
3353 3891 3598 3962 prodest;

2014 3999 2197 4045 contra
2220 3998 2271 4043 te
2295 3988 2495 4043 dixisti.
2520 3988 2573 4043 Si
2602 3988 2817 4055 dixeris,
2846 3987 3199 4043 Credentibus
3219 3985 3464 4057 prodest;
3490 3999 3603 4040 1110-

2015 4097 2135 4137 011111
2166 4081 2365 4135 dixisti.
2395 4080 2566 4151 Elige,
2599 4090 2773 4135 ntrum
2795 4090 2979 4135 contra
3009 4088 3058 4134 te
3074 4080 3218 4134 dicas
3238 4077 3377 4148 quod
3409 4077 3600 4132 falsum

2017 4184 2119 4238 081,
2150 4188 2216 4227 an
2247 4188 2452 4228 mecum
2483 4173 2629 4228 dicas
2659 4172 2800 4241 quod
2826 4187 3008 4227 verum
3038 4181 3139 4226 est.
3164 4170 3244 4225 Tu
3272 4171 3413 4224 enim
3448 4171 3603 4239 paulo

2018 4272 2142 4317 ante
2172 4262 2389 4317 dicebas
2410 4305 2426 4328 ,
2456 4262 2729 4317 Christum
2757 4277 2862 4317 non
2899 4262 3242 4318 credentibus
3289 4262 3421 4317 nihil
3448 4262 3605 4331 prod-

2019 4369 2160 4419 esse,
2189 4354 2373 4408 volens
2408 4354 2623 4409 efficere
2659 4355 2779 4424 quia
2816 4354 2893 4409 sic
2920 4362 2977 4409 et
3002 4354 3170 4409 Adam
3197 4371 3301 4410 non
3341 4357 3607 4424 peccanti-

2024 4447 2124 4501 bus
2172 4447 2302 4501 nihil
2327 4448 2527 4513 nocuit,
2560 4447 2826 4516 quomodo
2863 4438 3108 4503 Christus
3144 4464 3246 4502 non
3268 4448 3606 4504 credentibus

2022 4540 2153 4595 nihil
2194 4539 2430 4610 prodest.
2481 4538 2621 4594 Ecce
2659 4539 2767 4609 jam
2806 4538 2989 4595 fateris
3030 4539 3318 4595 infantibus
3361 4557 3465 4596 non
3492 4557 3608 4598 cre-

2023 4630 2278 4687 dentibus
2306 4630 2585 4700 baptizatis
2613 4631 2808 4701 aliquid
2837 4632 3090 4701 prodesse
3112 4631 3400 4686 Christum.
3433 4632 3537 4688 Sed
3562 4634 3607 4689 si

2026 4722 2370 4778 credentibus
2393 4721 2530 4777 dicis
2553 4762 2567 4785 ,
2597 4722 2733 4778 bene
2755 4722 2887 4778 dicis
2908 4765 2922 4789 ,
2951 4737 3159 4778 mecum
3193 4711 3324 4777 dicis
3343 4764 3357 4789 ,
3386 4724 3611 4781 credunt

2026 4824 2081 4871 et
2109 4814 2358 4869 infantes.
3488 4870 3489 4873 η

2100 4906 2323 4962 CAPUT
2365 4906 2505 4962 XIX.
2547 4936 2619 4949 -
2664 4907 2813 4964 Unde
2857 4907 3121 4962 credunt?
3171 4906 3449 4974 Quomodo
3496 4923 3612 4965 cre-

2031 4998 2195 5053 dunt?
2222 4998 2350 5053 Fide
2394 5010 2692 5067 parentum.
2740 5000 2793 5055 Si
2837 4998 2941 5052 ﬁde
2978 5008 3253 5068 parentum
3299 5008 3609 5070 purgantur,

2032 5100 2251 5162 peccato
2282 5102 2560 5162 parentum
2591 5092 2773 5163 polluti
2799 5102 2942 5146 sunt.
2980 5091 3185 5161 Corpus
3215 5094 3398 5147 mortis
3423 5094 3475 5148 in
3502 5094 3612 5163 pri-

2034 5185 2136 5239 mis
2169 5186 2480 5254 parentibus
2500 5185 2772 5257 generavit
2796 5199 2889 5239 eos
2921 5194 3225 5254 peccatores
3257 5203 3269 5239 :
3299 5186 3515 5255 spiritus
3538 5184 3615 5240 vi-

2036 5288 2103 5333 ue
2134 5278 2184 5330 in
2209 5277 2594 5347 posterioribus
2616 5274 2918 5343 parentibus
2945 5277 3277 5347 regeneravit
3296 5292 3389 5331 eos
3410 5276 3615 5334 ﬁdeles.

2042 5369 2121 5425 Tu
2147 5368 2245 5423 das
2274 5368 2431 5422 tidem
2462 5382 2567 5421 non
2595 5364 2961 5435 respondenti,
2983 5376 3038 5423 et
3061 5382 3162 5437 ego
3186 5376 3458 5437 peccatum
3489 5367 3619 5421 nihil

2037 5464 2232 5537 agenti.

2116 5579 2200 5633 18.
2230 5576 2417 5631 Contra
2443 5582 2698 5645 peccatum
2722 5575 2968 5645 originale
2995 5589 3255 5645 perperam
3279 5574 3461 5628 citatus
3488 5573 3622 5644 Apa-

2048 5672 2224 5724 status.
2259 5666 2695 5734 Sanctiﬁcationis
2724 5667 2860 5719 modi
2885 5666 3048 5719 multi.
3078 5664 3257 5720 Sancti
3278 5706 3291 5728 ,
3326 5665 3525 5735 inquit,
3556 5665 3622 5721 de

2048 5758 2247 5816 sanctis
2286 5757 2431 5812 nasci
2468 5757 2801 5819 debuerunt:
2830 5761 2949 5826 quia
2986 5759 3120 5814 dixit
3148 5759 3452 5829 Apostolus,
3481 5762 3622 5815 Atia-
