4108 6326
364 330 535 455 {salii

377 478 584 551 Petrus.
608 492 824 548 Dixerat
864 491 1004 547 enim
1037 491 1149 563 ipse
1176 509 1190 547 :
1221 489 1299 544 Tu
1326 506 1377 546 es
1404 488 1634 547 Christus
1658 489 1825 545 Filius
1851 490 1951 545 Dei

370 576 490 642 vivi.
518 585 760 645 Christus
787 583 860 639 illi
890 602 903 638 :
934 583 1002 638 Et
1033 590 1121 656 ego
1143 583 1254 636 dico
1279 582 1402 650 tibi,
1434 583 1566 650 Quia
1595 596 1650 638 tu
1673 600 1724 638 es
1747 583 1950 663 Petrus,

377 690 421 736 et
441 698 591 752 super
611 680 739 733 hanc
762 688 955 748 petram
975 674 1237 745 aediﬁcabo
1255 674 1533 732 Ecclesium
1556 694 1718 731 meam
1736 676 1952 757 (Matth.

384 793 506 843 xvi,
536 775 637 843 lli,
667 772 778 844 l8).
825 773 998 843 Super
1035 769 1173 826 hanc
1200 779 1403 841 petram
1442 771 1725 825 aediﬁcabo
1769 771 1950 834 tidem,

377 883 533 940 quam
558 864 848 920 confiteris.
898 862 1074 932 Super
1106 862 1205 915 hoc
1229 860 1370 930 quod
1397 860 1606 925 dixisti,
1637 860 1714 913 Tu
1736 876 1786 914 es
1809 859 1954 912 (Ituri-

374 970 479 1014 stus
513 958 680 1013 Filius
713 956 810 1011 Dei
835 954 930 1010 vivi
950 998 966 1023 ,
1015 950 1290 1011 irdiiicabo
1319 953 1607 1008 Ecelesiam
1640 968 1832 1008 meum.
1875 951 1954 1005 Tu

376 1052 518 1107 enim
550 1050 756 1105 Petrus.
789 1052 832 1102 A
859 1058 1011 1120 petra
1039 1047 1227 1101 Petrus
1246 1088 1261 1111 ,
1294 1060 1396 1099 non
1423 1060 1456 1100 a
1482 1045 1639 1100 Petro
1667 1052 1835 1114 petra.
1867 1040 1957 1098 Sic

376 1160 408 1197 a
449 1151 593 1213 petra
620 1140 812 1196 Petrus
831 1179 844 1205 ,
887 1137 1153 1210 quomodo
1177 1153 1207 1192 a
1243 1135 1454 1192 Christo
1482 1135 1835 1188 Christianus.
1863 1130 1955 1213 γῆς

360 1226 536 1291 ἠοεεο
569 1234 637 1290 de
678 1249 782 1304 qua
820 1242 969 1304 petra
1005 1230 1194 1286 Petrus
1235 1227 1478 1283 dicatur?
1521 1226 1743 1282 Paulum
1788 1222 1950 1279 audi:

380 1347 399 1381 ι
426 1306 592 1382 Nalm
611 1327 753 1382 enim
781 1340 905 1379 «vos
928 1324 1192 1393 ignorare,
1216 1320 1441 1385 fratres;
1472 1316 1784 1389 »Αροειοιυδ
1808 1312 1957 1369 Chri-

374 1424 439 1477 sti
472 1408 634 1486 dicit;
666 1401 687 1469 ι’
704 1412 836 1472 Nolo
862 1432 954 1493 vos
975 1416 1242 1486 ignorare,
1262 1413 1472 1477 fratres,
1492 1412 1613 1483 quia
1650 1421 1830 1481 patres
1858 1424 1957 1463 no-

373 1508 470 1567 stri
490 1526 677 1566 omnes
693 1500 791 1566 sub
818 1510 957 1564 nube
982 1510 1214 1572 fuerunt,
1233 1515 1287 1563 et
1299 1521 1484 1561 omnes
1502 1520 1595 1575 per
1610 1518 1760 1558 mare
1779 1513 1952 1559 trans-

356 1606 582 1677 ierunt,
628 1613 681 1658 et
714 1617 900 1656 omnes
942 1601 993 1655 in
1019 1600 1200 1670 Moyse
1224 1599 1473 1668 baptizati
1501 1582 1623 1650 Sunt
1652 1597 1702 1650 in
1732 1595 1872 1649 nube
1901 1602 1956 1649 et

356 1686 426 1752 in
461 1694 616 1760 mari,
645 1705 699 1751 et
738 1707 924 1748 omnes
952 1688 1197 1747 eumdem
1220 1688 1397 1745 cibum
1436 1687 1762 1758 spiritualem
1804 1701 1955 1740 man-

372 1790 734 1859 ducaveruut,
788 1795 842 1842 et
879 1801 1065 1841 omnes
1102 1783 1348 1840 eumdem
1376 1791 1577 1853 potum
1624 1778 1951 1850 spiritualem

371 1866 640 1941 biberunt.
687 1878 949 1935 Bihebant
988 1879 1128 1933 enim
1168 1878 1234 1932 de
1265 1876 1526 1947 spirituali
1559 1882 1817 1943 sequente
1859 1888 1953 1933 eos

373 1968 520 2044 petra
553 1990 566 2025 :
601 1980 749 2044 petra
784 1960 963 2023 autem
1002 1946 1117 2024 erat
1149 1967 1387 2023 Christus
1416 1983 1434 2017 ›
1475 1962 1672 2035 (lCor.
1707 1978 1772 2029 ι,
1808 1954 1950 2033 1-4).

364 2036 510 2120 l'Eccc
545 2036 687 2117 unde
710 2036 920 2115 Petrus.

440 2150 667 2211 CAPUT
705 2136 768 2205 ll.
813 2181 885 2192 -—
925 2148 978 2204 2.
1013 2147 1164 2203 Petro
1195 2134 1435 2202 Ecclesia:
1460 2163 1730 2221 personam
1763 2146 1954 2216 gerenti

372 2236 504 2302 data:
528 2247 690 2301 claves
716 2245 861 2315 regni
885 2242 1143 2296 calorum.
1174 2238 1274 2297 Uni
1303 2242 1435 2293 data:
1462 2249 1597 2303 sunt,
1629 2238 1745 2307 quia
1772 2234 1953 2293 Eccle-

371 2342 461 2395 sia:
480 2338 678 2393 unitati.
705 2335 937 2392 Christus
958 2335 1095 2404 prius
1112 2332 1394 2395 resuscitat,
1408 2320 1519 2385 tum
1537 2330 1760 2385 Ecclesia
1786 2329 1949 2384 solvit.

373 2431 627 2485 Dominus
646 2428 807 2483 Jesus
835 2424 1131 2496 discipulus
1152 2438 1279 2477 suos
1303 2432 1425 2476 ante
1452 2423 1751 2491 passionem
1779 2435 1951 2486 suam,

369 2521 509 2576 sicut
538 2516 734 2584 nostis,
775 2515 975 2585 elegit,
1007 2530 1137 2584 quos
1168 2512 1451 2583 ApOstolo‘s
1475 2511 1777 2581 appellavit.
1812 2510 1954 2567 inter

370 2610 468 2666 hos
498 2625 631 2680 pene
658 2608 855 2678 ubique
890 2605 1037 2660 solus
1060 2600 1273 2670 Petrus,
1298 2602 1458 2657 totius
1480 2600 1738 2657 Ecclesiae
1763 2601 1956 2655 meruit

368 2711 577 2774 gestare
605 2713 911 2769 personam.
961 2696 1190 2765 Pr0pter
1214 2694 1383 2763 ipsam
1425 2686 1707 2764 personam
1733 2734 1747 2759 ,
1794 2707 1951 2763 quam

370 2795 530 2850 totius
550 2786 813 2848 Ecclesia:
844 2790 1002 2845 solus
1052 2785 1327 2859 gestabat,
1358 2785 1543 2842 audire
1571 2786 1798 2847 meruit,
1844 2782 1954 2837 Tibi

369 2887 497 2940 dabo
524 2886 687 2939 claves
712 2884 856 2954 regni
880 2882 1129 2936 caelorum
1154 2877 1364 2950 (Matth.
1390 2894 1505 2946 xvi,
1537 2877 1650 2948 19).
1681 2874 1786 2931 llas
1807 2877 1953 2931 enim

368 2962 546 3034 claves
572 2993 677 3031 non
715 2975 875 3028 homo
906 2989 1043 3028 unus
1063 3014 1078 3037 ,
1115 2969 1209 3026 sed
1249 2970 1423 3026 unitas
1448 2971 1652 3040 accepit
1679 2968 1949 3024 Ecclesia).

368 3069 502 3126 Hinc
530 3084 655 3139 ergo
700 3069 840 3125 Petri
879 3060 1202 3127 excellentia
1228 3052 1574 3141 priedicatur,
1619 3063 1741 3139 quia
1785 3061 1953 3139 ipsius

368 3160 725 3221 universitatis
746 3174 799 3219 et
821 3163 1042 3218 unitatis
1065 3162 1313 3217 Ecclesiae
1338 3160 1557 3231 figuram
1583 3160 1763 3233 gessit,
1784 3173 1954 3228 quan-

367 3246 436 3312 do
463 3258 509 3311 ei
538 3256 735 3310 dictum
761 3264 862 3321 est,
889 3252 1006 3307 Tibi
1051 3252 1216 3319 trado,
1242 3250 1386 3322 quod
1422 3251 1668 3306 omnibus
1700 3250 1951 3305 traditum

359 3338 477 3418 est.
523 3338 653 3401 Nam
694 3355 752 3399 ut
797 3345 1059 3401 noveritis
1102 3338 1398 3399 Eccicsiam
1457 3344 1727 3411 accepisse
1774 3342 1953 3397 claves

368 3442 516 3513 regni
561 3434 853 3502 caelorum,
909 3436 1090 3489 audite
1132 3435 1186 3488 in
1230 3435 1335 3489 alio
1373 3434 1491 3488 loco
1528 3432 1654 3505 quid
1690 3422 1952 3488 Dominus

337 3515 345 3519 i
371 3522 515 3584 dicat
545 3516 787 3582 omnibus
816 3524 1089 3594 Apostolis
1132 3525 1262 3579 suis.
1305 3522 1527 3593 Accipite
1553 3524 1803 3594 Spiritum
1831 3541 1951 3577 san-

370 3629 525 3673 ctum.
552 3614 618 3672 Et
644 3608 897 3671 continuo
927 3636 938 3670 :
990 3614 1051 3670 Si
1088 3616 1166 3668 cui
1197 3615 1483 3668 dimiseritis
1514 3624 1749 3684 peccata,
1783 3615 1953 3667 dimit-

372 3723 537 3766 tentur
565 3712 650 3776 ei;
691 3709 735 3762 si
778 3710 924 3778 cujus
968 3708 1251 3772 teuueritis,
1299 3704 1592 3759 tenebuntur
1635 3703 1824 3774 (Joau.
1858 3722 1950 3770 xx,

370 3782 460 3869 QQ,
490 3786 606 3872 95).
659 3790 767 3854 Hoc
795 3799 859 3851 ad
890 3796 1068 3853 claves
1098 3799 1361 3867 pertinet,
1412 3797 1479 3850 de
1523 3796 1710 3865 quibus
1753 3796 1950 3849 dictum

370 3900 447 3947 est
467 3934 482 3958 ,
521 3889 648 3957 Qua:
672 3888 916 3943 solveritis
942 3887 994 3943 in
1021 3896 1184 3952 terra,
1227 3887 1391 3941 soluta
1418 3895 1565 3941 erunt
1604 3896 1650 3939 et
1690 3887 1743 3939 in
1786 3887 1908 3940 cwlo
1932 3874 1981 3950 ;‘

372 3992 417 4035 et
453 3998 564 4052 qua:
609 3980 876 4052 ligaveritis
916 3979 969 4032 in
1015 3986 1183 4044 terra,
1236 3978 1393 4049 ligata
1433 3987 1575 4031 erunt
1623 3986 1669 4031 et
1710 3978 1763 4030 in
1807 3978 1950 4031 ccclo.

374 4072 477 4129 Sed
508 4074 609 4128 hoc
636 4073 794 4126 Petro
827 4070 977 4125 dixit.
1034 4068 1106 4125 Ut
1135 4071 1271 4124 scias
1310 4070 1433 4139 quia
1466 4068 1653 4123 Petrus
1694 4071 1953 4124 universa:

364 4154 624 4221 'Ecclesiie
650 4144 933 4233 personam
962 4172 1085 4219 tunc
1109 4161 1346 4232 gerebat,
1377 4158 1497 4214 audi
1524 4161 1647 4231 quid
1679 4161 1778 4230 ipsi
1807 4159 1954 4214 dica-

374 4265 480 4322 tur,
512 4253 636 4324 quid
678 4253 927 4307 omnibus
954 4251 1198 4307 ﬁdelibus
1227 4254 1424 4305 sanctis
1455 4270 1468 4305 :
1506 4270 1525 4302 ι
1564 4251 1619 4306 Si
1650 4253 1954 4322 peccaverit

372 4343 426 4399 in
468 4354 519 4400 te
562 4328 724 4399 frater
760 4344 888 4397 tuus
913 4385 927 4409 ,
976 4332 1375 4413 corripeillum
1402 4334 1554 4399 inter
1597 4346 1650 4398 te
1686 4352 1741 4399 et
1781 4344 1952 4414 ipsum

372 4437 568 4493 solum.
606 4422 673 4491 Si
723 4434 829 4490 non
863 4445 913 4490 te
939 4435 1205 4501 audierit,
1247 4419 1438 4489 adhibe
1462 4432 1641 4490 'teeu'm
1672 4434 1833 4489 unum
1864 4443 1956 4489 aut

372 4526 507 4582 duos
537 4547 549 4582 :
577 4520 833 4599 scriptum
866 4533 948 4580 est
984 4526 1157 4589 enim,
1199 4522 1257 4579 In
1296 4518 1388 4579 ore
1414 4522 1637 4579 duorum
1675 4534 1766 4580 aut
1795 4525 1952 4580 trium

375 4619 621 4690 testium,
658 4614 824 4673 ‘stabit
860 4632 1021 4672 omne
1044 4617 1287 4671 verbum.
1314 4604 1372 4672 Si
1402 4618 1501 4673 nec
1530 4618 1673 4688 ipsos
1705 4616 1950 4684 audierit,

374 4710 514 4783 refer
550 4708 617 4764 ad
654 4694 954 4763 Ecclesiam
986 4728 1001 4764 :
1030 4708 1075 4765 si
1112 4710 1216 4764 nec
1256 4709 1425 4780 ipsam
1468 4709 1725 4777 audierit,
1757 4710 1828 4765 sit
1861 4708 1953 4765 tibi

375 4790 623 4870 tanquam
662 4798 912 4854 ethnicus
951 4807 1007 4853 et
1042 4792 1373 4869 publicanus.
1417 4801 1587 4855 Amen
1632 4801 1750 4856 dico
1780 4790 1951 4870 vobis,

374 4890 497 4960 quia
548 4902 667 4959 quae
721 4888 1016 4957 ligaveritis
1068 4888 1123 4943 in
1173 4896 1350 4954 terra,
1418 4889 1573 4960 ligata
1615 4897 1768 4945 erunt
1811 4892 1953 4946 etin

375 4981 554 5046 cmlo;
606 4987 661 5035 et
701 4995 1054 5051 quaecumque
1111 4978 1375 5036 solveritis
1426 4982 1478 5036 in
1535 4990 1676 5036 terra
1706 5024 1721 5050 ,
1781 4984 1954 5039 soluta

374 5080 529 5127 erunt
549 5079 602 5126 et
622 5071 674 5125 in
696 5066 832 5126 eicio
864 5090 883 5123 ι
902 5069 1112 5140 (Matth.
1135 5062 1512 5142 xv1n,15-18).
1534 5071 1952 5145 Columbaligat,

373 5164 615 5239 columba
643 5164 834 5229 solvit;
861 5158 1143 5239 tediiicium
1162 5179 1318 5234 supra
1338 5174 1536 5234 petram
1561 5167 1684 5237 ligat
1703 5176 1754 5223 et
1776 5169 1950 5223 solvit.

442 5236 669 5311 CAPUT
718 5248 807 5309 ΙΙΙ.
862 5284 933 5295 -
975 5236 1218 5309 Timeant
1269 5255 1445 5326 ligati,
1505 5236 1722 5312 timeant
1768 5260 1948 5314 soluti.

375 5345 473 5414 Qui
501 5347 660 5401 soluti
692 5356 838 5411 sunt,
880 5348 1102 5402 timeant
1127 5360 1194 5402 ne
1218 5346 1448 5419 ligentur
1474 5367 1488 5400 :
1514 5349 1602 5418 qui
1638 5348 1782 5419 ligati
1803 5358 1945 5418 sunt,

375 5445 530 5491 orent
578 5445 639 5491 ut
684 5437 978 5492 solvamur.
1051 5437 1322 5493 ϐήιιίαιιίε
1369 5449 1687 5509 peccatorum
1743 5456 1948 5496 suorum

375 5526 713 5595 unusquisque
754 5526 1121 5597 constringitur
1161 5508 1454 5602 (Provrv,
1484 5508 1586 5601 έὲ)
1616 5548 1630 5584 :
1663 5530 1715 5586 et
1757 5516 1954 5604 printer

376 5616 515 5679 hanc
538 5617 842 5673 .Ecclesiam
888 5620 1017 5673 nihil
1056 5620 1299 5675 solvitur.
1336 5622 1700 5690 Quatriduano
1740 5634 1948 5679 mortuo

377 5707 592 5776 dicitur,
612 5700 826 5777 Lazare,
852 5713 1002 5783 prodi
1022 5716 1184 5786 foras.
1208 5713 1279 5769 Et
1298 5708 1489 5784 prodiit
1511 5714 1576 5770 de
1600 5728 1951 5774 monumento

378 5798 574 5857 institis
599 5801 790 5871 ligatus
822 5804 1069 5865 manibus
1084 5814 1139 5863 et
1171 5790 1414 5877 pedibus.
1442 5806 1649 5865 Excitat
1672 5808 1949 5879 Dominus,

1756 358 1987 428 sEnuo
2019 362 2259 431 chcv.

3496 336 3503 353 τ
3600 332 3615 360 ι

3042 445 3085 449 __
3490 364 3634 442 issi

2060 500 2118 547 ut
2140 503 2381 551 mortuus
2405 494 2471 552 de
2493 506 2836 554 monumento
2860 496 3120 570 prodeat;
3151 497 3197 557 si
3226 512 3323 557 cor
3355 493 3541 573 tangit,
3579 504 3634 557 u‘t

2060 585 2260 654 peccati
2289 589 2564 667 confessio
2584 588 2727 646 foras
2750 599 2924 647 exeat.
2951 590 3054 667 Sed
3081 607 3266 662 parum
3308 593 3482 649 adhuc
3510 593 3638 666 liga-

2062 686 2144 731 tus
2183 687 2282 732 est.
2326 681 2577 739 Dominus
2613 700 2768 755 ergo,
2813 694 3094 756 postquam
3134 687 3266 742 exiit
3293 672 3531 745 Lazarus
3571 687 3640 745 de

2061 780 2424 837 monumento,
2446 773 2513 828 ad
2535 774 2822 857 discipulos
2841 791 2984 840 suos,
3013 777 3205 857 quibus
3220 777 3455 846 dixerat,
3485 779 3638 845 Qua:-

2061 876 2267 929 cumque
2313 863 2557 919 solveritis
2585 866 2637 919 in
2682 852 2854 932 terra,
2898 852 3066 943 soluto
3114 878 3261 943 erunt
3287 879 3334 923 et
3376 869 3429 925 in
3470 856 3637 926 caelo:

2060 949 2272 1013 Soluite,
2308 955 2491 1022 inquit,
2517 973 2647 1023 cum,
2677 966 2724 1031 et
2753 950 2900 1012 sinite
2923 946 3061 1014 abire
3088 946 3264 1033 (Joau.
3298 976 3376 1035 xt,
3406 958 3497 1031 45,
3518 948 3635 1032 id).
3664 963 3670 969 ’

2064 1041 2168 1107 Per
2197 1058 2255 1096 se
2281 1045 2548 1108 excitavit,
2583 1064 2675 1116 per
2703 1047 2990 1119 discipulos
3022 1038 3195 1115 solvit.
3458 1106 3463 1109 _
3665 1042 3685 1083 ‘5

2131 1137 2183 1189 5.
2225 1134 2465 1192 Ecclesia:
2490 1138 2730 1206 fortitudo
2761 1151 2805 1193 et
2837 1142 3105 1211 inﬁrmitas
3131 1145 3182 1199 in
3207 1130 3366 1198 Petro
3393 1142 3638 1216 ﬁgurata.

2061 1225 2292 1295 Proinde
2310 1218 2564 1285 Ecclesiae
2588 1231 2840 1297 fortitudo
2867 1234 2918 1289 in
2944 1218 3102 1307 Petro
3121 1236 3351 1293 maxime
3370 1222 3642 1297 commen-

2062 1319 2180 1375 data
2203 1331 2316 1389 est;
2337 1324 2458 1393 quia
2479 1334 2693 1379 euntem
2719 1325 2785 1381 ad
2804 1327 3104 1395 passionem
3124 1316 3336 1385 secutus
3361 1336 3442 1383 est
3459 1327 3642 1385 Domi-

2058 1428 2186 1468 num
2207 1428 2221 1466 :
2239 1423 2293 1469 et
2313 1414 2591 1470 infirmitas
2607 1416 2846 1486 quaedam
2868 1426 3067 1483 notata;
3082 1420 3335 1489 quoniam
3354 1418 3641 1491 interroga-

2059 1512 2146 1559 tus
2163 1505 2231 1561 ab
2248 1508 2458 1574 ancilla,
2472 1511 2681 1582 negavit
2698 1510 3003 1564 Dominum.
3019 1494 3157 1567 Ecce
3173 1512 3261 1567 ille
3277 1522 3483 1569 amator
3498 1514 3643 1571 subi-

2042 1604 2114 1673 ,ιο
2132 1606 2369 1668 negator.
2389 1599 2595 1657 invenit
2611 1616 2689 1666 se,
2706 1600 2799 1671 qui
2812 1612 3225 1671 praesumpserat
3242 1601 3307 1657 de
3322 1618 3399 1673 se.
3424 1603 3643 1660 Dixerat

2040 1688 2222 1765 enim,
2248 1691 2386 1746 sicut
2416 1693 2582 1747 nostis
2610 1711 2624 1747 :
2654 1691 2892 1759 Domine,
2910 1702 3079 1747 tecum
3100 1676 3187 1746 ero
3222 1710 3375 1769 usque
3398 1695 3465 1749 ad
3500 1712 3640 1750 mor-

2032 1786 2157 1843 tem
2187 1795 2207 1834 :
2231 1790 2277 1835 et
2299 1782 2343 1835 si
2369 1799 2494 1852 opus
2518 1783 2672 1855 fuerit
2710 1792 2761 1836 ut
2797 1782 3003 1848 moriar,
3029 1784 3250 1838 animam
3276 1801 3436 1839 meam
3471 1803 3562 1857 pro
3587 1795 3644 1841 to

2030 1931 2037 1937 ,
2057 1887 2262 1940 ponam.
2297 1872 2363 1926 Et
2388 1873 2642 1928 Dominus
2666 1874 2732 1928 ad
2756 1884 3192 1953 przcsumptorem
3212 1895 3227 1929 :
3246 1877 3478 1931 Animam
3503 1868 3642 1939 tuam

2061 1979 2152 2023 pro
2182 1980 2261 2017 me
2287 1980 2439 2039 pones
2458 1966 2483 2018 ?
2516 1965 2672 2039 Amen
2700 1966 2813 2019 dico
2834 1967 2941 2030 tibi,
2969 1976 3237 2038 antequam
3265 1969 3429 2038 gallus
3456 1977 3639 2038 cantet,

2034 2062 2132 2131 Uter
2153 2072 2231 2108 me
2254 2058 2460 2125 negabis
2490 2055 2700 2127 (Matth.
2729 2074 2875 2122 XXVI,
2906 2050 3099 2126 53-35,
3130 2070 3176 2114 et
3207 2058 3368 2119 Joani
3392 2077 3508 2128 xm,
3548 2048 3639 2129 3‘1,

2034 2146 2169 2225 ‘58).
2204 2147 2422 2225 Factum
2450 2159 2533 2203 est
2559 2149 2697 2218 quod
2740 2148 3055 2219 praedixerat
3080 2151 3317 2208 medicus
3347 2170 3360 2206 :
3389 2152 3504 2208 fieri
3530 2168 3642 2209 non

2058 2239 2226 2307 potuit
2256 2238 2395 2308 quod
2444 2240 2781 2308 praesumpsit
2825 2252 3073 2310 algrotus.
3119 2240 3223 2297 Sed
3267 2226 3641 2313 quid?C0nti-

2057 2342 2163 2383 nuo
2192 2328 2421 2405 reSpexit
2451 2343 2571 2382 eum
2604 2331 2883 2405 Dominus.
2912 2331 2999 2387 Sic
3036 2331 3292 2405 scripturn
3322 2343 3423 2402 est,
3461 2336 3538 2391 sic
3563 2335 3643 2392 lo-

2058 2419 2237 2489 quitur
2264 2402 2604 2489 Evangelium
2638 2402 2924 2490 {Respexit
2963 2440 3078 2476 eum
3130 2402 3392 2491 Dominus,
3439 2434 3486 2480 et
3520 2426 3643 2481 exiit

2055 2511 2217 2585 foras,
2256 2518 2301 2562 et
2329 2510 2464 2580 ﬂevit
2502 2527 2673 2581 amare
2698 2510 2851 2581 (Luc.
2892 2528 3021 2579 xx",
3052 2513 3141 2580 61,
3160 2514 3270 2585 62).
3298 2515 3435 2570 Exiit
3462 2520 3600 2588 foras
3620 2534 3642 2572 :

2058 2598 2160 2653 hoc
2186 2608 2290 2667 est,
2322 2599 2584 2657 confiteri.
2626 2601 2791 2685 Flevit
2834 2620 3025 2671 amare,
3072 2605 3160 2675 qui
3197 2617 3416 2662 noverat
3436 2594 3638 2667 amare.

2062 2689 2293 2744 Dulcedo
2336 2700 2515 2745 secuta
2554 2701 2634 2747 est
2671 2693 2723 2747 in
2764 2708 2965 2765 amore,
2997 2695 3150 2766 cujus
3177 2697 3474 2755 amaritudo
3496 2714 3638 2771 pra:-

2056 2788 2291 2834 cesserat
2316 2780 2368 2834 in
2396 2779 2599 2837 dolore.
2828 2832 2829 2835 η
3346 2785 3349 2789 ’

2126 2860 2351 2925 CAPUT
2397 2862 2486 2925 Ν.
2507 2901 2580 2911 -—
2605 2872 2659 2928 4.
2703 2871 2856 2928 Petro
2883 2861 3128 2931 Ecclesiae
3170 2878 3409 2934 unitatem
3444 2881 3635 2955 signiﬁ-

2056 2960 2192 3013 canti
2228 2977 2340 3015 oves
2373 2978 2403 3014 a
2425 2960 2621 3016 Christo
2645 2966 3021 3020 commendatae.
3059 2967 3161 3021 Cur
3194 2978 3266 3023 ter
3306 2971 3636 3043 interrogatus

2056 3049 2243 3133 Petrus
2280 3052 2343 3112 de
2380 3070 2470 3113 suo
2515 3070 2703 3139 artiore.
2735 3054 2923 3116 Merito
2959 3057 3120 3115 etiam
3143 3052 3269 3134 post
3294 3065 3627 3121 resurrectio

2024 3166 2178 3216 ,nem
2219 3150 2476 3205 Dominus
2504 3150 2603 3219 ipsi
2630 3151 2788 3207 Petro
2814 3168 2943 3207 oves
2972 3169 3098 3213 suas
3124 3157 3514 3215 commendavit
3543 3174 3633 3231 par

2052 3241 2298 3298 scendas.
2324 3241 2440 3297 Non
2480 3242 2621 3297 enim
2662 3244 2800 3298 inter
2826 3245 3114 3318 discipulos
3150 3250 3296 3305 solus
3320 3251 3515 3313 meruit
3540 3267 3607 3322 pa

2055 3351 2206 3392 scere
2232 3336 2523 3391 dominicas
2549 3352 2676 3392 oves
2704 3354 2716 3390 :
2749 3338 2841 3393 sed
2875 3324 3086 3410 quando
3112 3340 3355 3399 Christus
3379 3343 3447 3399 ad
3476 3353 3620 3413 uuu.

2054 3427 2307 3497 loquitur,
2358 3427 2531 3481 unitas
2578 3429 3014 3497 commendatur;
3063 3439 3118 3486 et
3157 3432 3320 3488 Petro
3370 3434 3635 3504 primitus,

2054 3520 2175 3589 quia
2203 3518 2253 3572 in
2294 3518 2564 3587 Apostolis
2603 3518 2792 3573 Petrus
2819 3529 2901 3575 est
2929 3521 3151 3590 primus.
3183 3521 3365 3579 Simon
3393 3504 3635 3595 Joannis,

2055 3608 2224 3676 inquit
2250 3598 2524 3671 Dominus,
2558 3624 2697 3662 antas
2742 3609 2862 3662 me?
2906 3600 3207 3680 Respondit
3250 3602 3357 3681 ille,
3394 3613 3541 3669 Amo.
3571 3615 3640 3671 Et

2056 3702 2246 3755 iterum
2279 3701 2650 3770 interrogatus,
2694 3701 2883 3754 iterum
2928 3692 3225 3772 respondit.
3272 3704 3337 3758 Et
3374 3705 3529 3760 tertio
3553 3707 3637 3761 in-

2059 3801 2371 3860 terrogatus,
2403 3799 2457 3846 et
2504 3799 2751 3861 tanquatn
2798 3792 2876 3846 illi
2919 3808 3022 3847 non
3052 3782 3324 3863 erodatur,
3353 3799 3638 3854 contrista-

2059 3892 2159 3936 tur.
2193 3882 2295 3936 Sed
2320 3882 2585 3952 quomodo
2612 3883 2659 3937 ei
2688 3899 2790 3937 non
2819 3876 3096 3952 credebat,
3128 3887 3215 3958 qui
3244 3903 3337 3943 cor
3355 3890 3471 3959 ejus
3498 3889 3638 3946 vide-

2056 3975 2181 4030 bat?
2228 3975 2467 4044 Denique
2516 3985 2634 4045 post
2682 3977 2821 4030 illam
2873 3978 3140 4033 tristitiam
3192 3979 3269 4034 sic
3311 3980 3582 4050 respondit
3620 4000 3634 4038 :

2057 4066 2271 4120 Domine
2310 4076 2363 4119 tu
2397 4067 2494 4121 scis
2520 4068 2709 4135 omnia,
2752 4078 2804 4121 tu
2846 4069 2942 4123 scis
2969 4060 3087 4141 quia
3123 4086 3236 4155 amp
3264 4080 3323 4127 te.
3345 4048 3471 4127 ‘Non
3494 4074 3637 4159 enirn

2016 4212 2021 4215 ι
2056 4158 2142 4228 qui
2184 4157 2356 4211 omnia
2389 4159 2513 4222 scis,
2545 4156 2645 4212 hoc
2674 4158 2845 4213 Solum
2890 4146 3083 4214 nescis.
3127 4142 3244 4215 Noli
3290 4160 3454 4217 tristis
3492 4142 3634 4231 esse,

2055 4247 2343 4314 Apostole;
2379 4246 2641 4315 reSponde
2662 4232 2848 4315 semel,
2880 4248 3144 4319 responde
3169 4240 3384 4317 iterum,
3411 4266 3636 4322 respon-

2056 4339 2123 4395 de
2172 4339 2347 4393 terlio.
2379 4338 2483 4393 Ter
2530 4328 2705 4394 vincat
2747 4340 2798 4394 in
2843 4357 3025 4396 amore
3067 4342 3350 4410 confessio,
3392 4343 3512 4414 quia
3558 4351 3639 4400 ter

2057 4433 2195 4486 victa
2235 4441 2317 4486 est
2359 4432 2411 4486 in
2457 4431 2644 4493 timpre
2676 4435 3041 4505 praesumptio.
3077 4426 3397 4491 Solveudum
3426 4446 3507 4492 est
3535 4444 3633 4505 ter,

2057 4522 2197 4594 quod
2231 4523 2489 4593 ligaveras
2514 4533 2610 4577 ter.
2635 4522 2791 4578 Solve
2813 4541 2910 4599 per
2927 4512 3187 4593 amorem,
3213 4526 3352 4596 quod
3383 4528 3638 4599 ligaveras

2020 4682 2029 4697 μ
2061 4629 2154 4684 per
2185 4613 2453 4669 timorem.
2497 4613 2563 4673 Et
2602 4621 2781 4669 tamen
2824 4602 3081 4673 Dominus
3126 4617 3315 4683 semel,
3343 4627 3398 4673 et
3422 4619 3634 4687 iterum,

2055 4713 2111 4760 et
2141 4705 2315 4768 tertio,
2343 4719 2471 4759 oves
2497 4719 2619 4759 suas
2642 4705 3033 4791 commendavit
3057 4705 3235 4762 Petro.

2125 4784 2353 4852 CAPUT
2379 4795 2441 4850 V.
2462 4826 2535 4838 --
2561 4784 2614 4852 ὃ.
2643 4784 2710 4850 In
2737 4784 3031 4852 Donatislas
3059 4797 3302 4852 dominici
3321 4792 3487 4872 gregis
3512 4800 3640 4856 divi-

2016 4874 2021 4879 ’
2058 4904 2214 4942 sares.
2243 4876 2535 4955 Attendite,
2574 4878 2765 4945 fratres
2805 4890 2911 4945 nisi
2941 4907 2957 4944 :
2986 4888 3171 4955 Pasce,
3200 4890 3388 4962 inquit,
3418 4884 3639 4949 oviculas

2058 4998 2215 5048 meas,
2243 4998 2393 5052 pasce
2413 4999 2570 5053 agnos
2590 4999 2725 5043 meos
2747 4980 2925 5063 (Joan.
2947 4998 3061 5063 uxr,
3086 4974 3302 5056 15-17).
3335 4984 3498 5040 Pasce
3523 5001 3636 5041 oves

2060 5088 2196 5127 meas
2225 5089 2245 5127 :
2270 5075 2527 5145 numquid
2555 5074 2706 5140 dixit,
2737 5060 2910 5129 Tuas?
2929 5060 3117 5142 Pasce,
3145 5074 3285 5131 bone
3309 5090 3481 5141 serve,
3510 5092 3638 5133 oves

2059 5164 2371 5233 dominicas,
2415 5165 2671 5221 habentes
2696 5162 3021 5220 duminicum
3058 5164 3440 5222 characterem.
3472 5165 3639 5221 Num-

2057 5257 2180 5328 quid
2209 5258 2351 5313 enim
2384 5256 2584 5312 Paulus
2608 5273 2699 5328 pro
2724 5254 2861 5319 vobis
2885 5257 3161 5327 cruciﬁxus
3201 5258 3309 5313 est?
3335 5268 3424 5312 aut
3460 5258 3512 5311 in
3539 5275 3635 5314 no-

2060 5350 2192 5403 mine
2224 5349 2365 5405 Petri
2399 5358 2453 5403 et
2477 5348 2632 5402 Pauli
2655 5347 2893 5419 baptizati
2917 5349 3035 5403 estis
3059 5348 3105 5421 (l
3135 5347 3251 5404 Cor.
3279 5364 3318 5415 ι,
3347 5344 3470 5421 13)?
3498 5349 3636 5420 Ergo

2056 5456 2218 5513 pasce
2266 5457 2393 5498 oves
2435 5440 2587 5511 ejus,
2636 5441 2843 5496 ablutas
2891 5441 3163 5511 Baptismo
3212 5441 3346 5513 ejus,
3400 5442 3635 5513 signatas

2058 5532 2273 5588 nomine
2323 5531 2458 5601 ejus,
2506 5529 2811 5601 redemptos
2859 5532 3115 5602 sanguine
3160 5530 3296 5603 ejus,
3328 5526 3507 5599 Pasce,
3553 5533 3635 5591 in-

2056 5628 2190 5698 quit,
2223 5643 2333 5681 oves
2373 5642 2528 5680 meas.
2556 5625 2688 5682 Nam
2727 5625 2964 5682 haeretici
3008 5625 3148 5681 servi
3176 5625 3299 5680 mali
3324 5633 3380 5680 et
3407 5624 3630 5697 fugitivi,

2057 5718 2196 5792 quod
2226 5734 2331 5775 non
2361 5726 2605 5773 emerunt
2632 5717 2935 5773 dividentes
2958 5716 3079 5782 sibi,
3108 5724 3163 5772 et
3189 5716 3256 5773 de
3283 5715 3437 5773 furtis
3465 5731 3633 5787 pecu-

2055 5813 2128 5869 lia
2150 5820 2401 5883 tanquam
2422 5811 2633 5883 pr0pria
2657 5809 2932 5879 iacientes,
2960 5825 3083 5867 suas
3105 5824 3232 5867 oves
3253 5809 3356 5867 sibi
3384 5808 3631 5873 videatur
