4108 6326
487 332 622 393 1551

487 461 724 520 pascere.
773 443 903 500 Nam
945 441 1071 513 quid
1099 448 1183 495 est
1214 436 1377 499 aliud,
1412 447 1542 504 rogo
1583 445 1697 495 vos,
1746 427 1854 482 Nisi
1877 436 1929 480 te
1966 438 2064 494 ego

488 539 842 608 haptizavero,
871 531 1175 588 immundus
1214 529 1354 591 eris,
1390 526 1500 580 Nisi
1537 522 1858 592 Baptismum
1891 530 2063 569 meum

488 631 757 695 habueris,
788 629 998 683 ablutus
1026 641 1132 680 non
1167 624 1309 679 eris?
1331 623 1477 674 Itane
1502 633 1605 672 non
1633 614 1876 678 audistis,
1901 607 2068 663 Mule-

490 724 653 777 dictus
681 721 842 776 omnis
884 720 969 790 qui
1001 734 1143 787 spem
1183 731 1330 770 suam
1366 713 1506 784 ponit
1540 711 1592 762 in
1635 707 1833 760 homine
1857 701 2066 772 (Jerem.

492 829 625 878 xvu,
655 812 750 881 5)?
773 809 1022 874 Proinde,
1049 805 1366 868 charissimi,
1394 815 1527 873 quos
1548 795 1835 869 baptizavit
1860 794 2068 854 Petrus,

488 921 618 963 oves
660 903 858 962 Christi
903 912 1054 968 sunt;
1102 910 1156 956 et
1203 912 1338 969 quos
1387 891 1673 966 baptizavit
1718 887 1899 950 ludas,
1947 895 2075 938 oves

491 997 688 1054 Christi
713 1005 853 1051 sunt.
884 994 1015 1050 Nam
1051 991 1227 1047 videte
1269 987 1395 1059 quid
1438 985 1580 1040 dicat
1607 994 1838 1052 sponsus
1866 976 2074 1031 dilectas

493 1105 601 1144 suae
640 1089 692 1143 in
741 1087 960 1143 Cantica
1004 1084 1350 1146 canticorum,
1379 1077 1590 1149 quando
1615 1075 1664 1130 ei
1689 1072 1825 1128 dixit
1853 1082 2072 1139 sponsa,

494 1179 750 1234 Annuntiu
782 1178 926 1242 mihi,
952 1192 1097 1247 quem
1117 1173 1293 1228 dilexit
1313 1171 1484 1225 anima
1512 1183 1643 1231 mea,
1672 1165 1755 1218 ubi
1781 1161 1967 1232 pascis,
1993 1157 2078 1211 ubi

494 1272 646 1327 cubas
665 1273 714 1326 in
745 1269 988 1333 meridie;
1013 1284 1076 1322 ne
1101 1269 1230 1338 forte
1249 1265 1371 1333 [iam
1403 1262 1531 1314 sicut
1560 1265 1755 1327 Operta,
1783 1268 1934 1322 super
1962 1265 2077 1322 gre-

494 1381 580 1436 ges
601 1361 850 1416 sodalium
872 1368 1090 1413 tuorum.
1110 1356 1386 1420 Annuntia,
1410 1351 1597 1421 inquit,
1621 1348 1763 1410 mihi,
1787 1344 1871 1398 ubi
1892 1342 2074 1413 pascis,

495 1454 581 1509 ubi
605 1454 754 1508 cubas
777 1454 830 1506 in
860 1451 1082 1513 meridie,
1112 1449 1163 1503 in
1185 1445 1468 1516 Splendore
1487 1441 1744 1505 veritatis,
1783 1438 1839 1492 in
1873 1437 2080 1490 fervore

495 1545 788 1601 charitatis.
836 1541 1010 1610 Quare
1051 1539 1236 1602 times,
1276 1552 1308 1590 ο
1351 1533 1577 1589 dilecta?
1613 1529 1738 1600 quid
1781 1526 1972 1582 times?
2001 1523 2083 1578 Ne

499 1640 630 1707 forte
657 1636 796 1705 ﬁam,
829 1633 1016 1703 inquit,
1046 1631 1173 1685 sicut
1198 1637 1392 1700 operta,
1439 1626 1491 1679 id
1532 1632 1635 1690 est,
1664 1623 1801 1677 sicut
1827 1620 2079 1683 obscura,

499 1728 635 1782 sicut
662 1741 766 1780 non
799 1725 1074 1788 Ecclesia;
1121 1721 1241 1792 quia
1290 1718 1524 1774 Ecclesia
1569 1731 1674 1770 non
1722 1722 1803 1769 est
1853 1719 2080 1782 operta:

501 1817 623 1873 Non
647 1818 786 1873 enim
815 1826 974 1886 potest
1001 1815 1174 1869 civitas
1196 1811 1433 1866 abscondi
1458 1824 1608 1878 super
1641 1813 1858 1860 montem
1898 1801 2085 1857 consti-

501 1919 608 1964 tuta
639 1907 847 1978 (Matth.
876 1922 929 1973 v,
959 1905 1070 1976 14).
1105 1903 1171 1957 Et
1195 1901 1420 1958 errando
1447 1901 1722 1962 incurram,
1755 1911 1861 1950 non
1892 1895 1944 1948 in
1977 1909 2088 1963 gre-

500 2017 618 2074 gem
667 2009 832 2066 tuum,
861 1999 953 2055 scd
997 1999 1050 2051 in
1097 2011 1269 2068 greges
1317 1990 1566 2048 sodalium
1609 1999 1828 2043 tuorum.
1877 1985 2086 2040 Etenim

503 2091 738 2148 hmretici
762 2089 972 2145 sodales
1000 2089 1267 2142 dicuntur.
1297 2083 1340 2137 Α
1363 2081 1502 2136 nobis
1531 2077 1814 2145 exierunt“
1839 2075 1994 2130 Joan.
2027 2091 2084 2140 ιι,

505 2185 594 2256 19)
621 2202 635 2239 :
667 2183 732 2238 ad
760 2196 918 2237 unam
952 2180 1225 2234 nobiscum
1259 2188 1520 2239 mensam,
1548 2181 1830 2240 antequam
1860 2169 2087 2233 exirent,

503 2282 864 2331 accesserunt.
897 2271 1038 2342 Ergo
1079 2267 1207 2339 quid
1236 2267 1284 2322 ei
1324 2261 1704 2334 respondetur?
1734 2258 1854 2313 Nisi
1903 2273 2090 2327 cogno-

503 2367 630 2420 veris
660 2365 972 2436 temetipsum
1001 2378 1020 2416 :
1045 2374 1271 2430 sponsus
1299 2357 1447 2422 dicit,
1484 2350 1830 2422 interroganti
1866 2364 2092 2417 respon-

505 2459 615 2524 det,
642 2457 759 2512 Nisi
784 2454 1073 2526 cognoveris
1103 2450 1433 2519 temetipsum,
1457 2463 1486 2500 ο
1517 2445 1727 2516 pulchra
1757 2443 1886 2496 inter
1912 2440 2092 2492 mulie-

505 2571 606 2608 res.
633 2552 676 2608 Ο
697 2565 857 2606 verax
884 2550 1022 2622 inter
1043 2547 1300 2608 haereses,
1326 2541 1422 2595 nisi
1445 2535 1733 2607 cognoveris
1757 2533 2094 2601 temetipsum:

506 2645 628 2716 quia
652 2644 718 2698 de
749 2652 799 2697 te
827 2639 1077 2711 praedicta
1108 2644 1231 2691 sunt
1258 2642 1422 2698 tanta,
1452 2649 1470 2682 ι
1496 2630 1551 2684 ln
1581 2628 1784 2683 semine
1810 2635 1900 2680 tuo
1929 2623 2093 2678 bene-

507 2737 756 2792 dicentur
777 2748 964 2789 omnes
992 2737 1178 2802 gentes
1211 2725 1511 2798 (Gen.xxtt,
1543 2721 1631 2790 18)
1663 2739 1674 2774 :
1709 2720 1848 2773 Deus
1873 2717 2095 2771 deorum

511 2829 767 2884 Dominus
807 2827 1015 2880 locutus
1043 2830 1146 2888 est,
1181 2829 1236 2876 et
1265 2818 1471 2873 vocavit
1499 2827 1715 2878 terram,
1749 2827 1778 2866 a
1813 2811 1945 2866 solis
1975 2818 2096 2864 ortu

509 2935 679 2991 usque
703 2919 770 2973 ad
811 2931 1059 2973 occasum
1093 2912 1264 2984 (Psal.
1296 2926 1450 2976 χιιι,
1480 2907 1533 2977 l)
1561 2925 1573 2960 :
1602 2904 1814 2960 Postnla
1842 2918 1870 2956 a
1912 2917 2016 2966 me,
2045 2908 2100 2954 et

512 3013 651 3068 dabo
677 3011 770 3066 tibi
797 3018 982 3078 gentes
1016 3005 1381 3061 hzereditatem
1423 3011 1588 3062 tuam,
1626 3006 1681 3051 et
1709 2994 2098 3065 possessionem

513 3112 657 3156 tuam
686 3101 944 3155 terminos
968 3107 1125 3151 terra:
1160 3093 1329 3167 (Psul.
1363 3108 1418 3157 ιι,
1447 3091 1503 3159 8)
1532 3107 1544 3142 :
1576 3088 1632 3142 ln
1661 3101 1872 3142 omnem
1903 3093 2099 3141 terram

515 3194 645 3249 exiit
670 3206 834 3246 sonus
859 3203 1069 3253 eorum,
1116 3195 1170 3240 et
1202 3185 1253 3238 in
1282 3183 1411 3237 lines
1439 3181 1582 3234 orbis
1614 3190 1769 3233 terrae
1804 3175 1964 3229 verba
2005 3188 2099 3228 eo-

516 3300 633 3341 rum
671 3304 689 3336 ι
735 3281 905 3355 (Psal.
941 3295 1089 3346 xvut,
1119 3277 1174 3347 5)
1223 3294 1234 3329 :
1278 3275 1342 3329 de
1372 3282 1425 3328 te
1453 3269 1752 3327 testimonia
1783 3267 1882 3320 ista
1913 3263 2104 3336 praedi-

517 3386 602 3434 cta
631 3385 772 3431 sunt.
815 3373 934 3428 Nisi
971 3386 1098 3442 ergo
1123 3368 1410 3440 cognoveris
1436 3365 1766 3433 temetipsum,
1791 3359 1870 3413 exi
1892 3369 1962 3412 tu.
1992 3357 2103 3428 Ego

519 3468 662 3524 enim
690 3475 741 3521 te
767 3479 871 3520 non
903 3463 1079 3533 ejicio,
1107 3468 1166 3516 ut
1205 3459 1384 3513 dicant
1421 3455 1486 3510 de
1527 3463 1578 3509 te
1602 3451 1688 3523 qui
1728 3448 2100 3512 remanserint,

522 3561 604 3616 Ea:
646 3559 788 3614 nobis
836 3558 1080 3611 exierunt.
1133 3553 1232 3607 Exi
1273 3564 1327 3605 tu
1363 3552 1416 3604 in
1465 3548 1679 3618 vestigiis
1709 3561 1916 3618 gregum
1949 3559 1966 3596 :
1997 3557 2102 3595 non

520 3653 714 3726 gregis,
743 3651 810 3706 de
837 3665 943 3720 quo
969 3648 1168 3704 dictum
1189 3655 1289 3710 est,
1325 3643 1436 3698 Erit
1461 3658 1589 3695 unus
1619 3655 1741 3710 grex
1773 3648 1818 3692 et
1845 3653 1972 3689 unus
2002 3633 2106 3687 Pu.

521 3756 628 3800 stor
654 3743 832 3813 (Joan.
862 3759 920 3807 ι,
960 3740 1072 3810 16).
1104 3738 1204 3792 Exi
1232 3746 1285 3790 tu
1309 3738 1362 3789 in
1392 3733 1608 3804 vestigiis
1633 3745 1858 3803 gregum,
1888 3737 1941 3780 et.
1961 3741 2108 3796 pasce

523 3837 694 3892 Iuvdos
744 3845 855 3888 tuos
904 3833 1076 3904 (Cant.
1116 3847 1153 3896 ι,
1199 3830 1254 3896 6,
1301 3827 1356 3898 7)
1393 3845 1405 3880 :
1442 3841 1544 3879 non
1576 3825 1713 3878 sicut
1753 3822 1962 3886 Petrus,
1993 3835 2106 3872 oves

523 3945 680 3983 meas.
710 3927 814 3981 Pro
844 3925 929 3979 his
956 3919 1339 3978 commendatis
1361 3917 1460 3972 sibi
1487 3915 1673 3970 ovibus
1697 3913 1888 3968 Petrus
1915 3913 2109 3964 meruit

524 4017 781 4089 martyrio
829 4013 1099 4077 coronari,
1139 4009 1280 4081 quod
1330 4007 1585 4063 hodierna
1629 4003 1962 4059 solemnitate
2013 4016 2110 4072 per

524 4111 710 4165 orbem
737 4109 930 4162 meruit
957 4104 1236 4161 celebrari.

597 4199 824 4256 CAPUT
872 4197 958 4251 Vl.
984 4227 1054 4238 —
1082 4196 1134 4251 6.
1169 4192 1360 4247 Paulus
1381 4207 1442 4245 ea:
1471 4197 1780 4260 persecutore
1809 4185 2110 4256 praedicator

527 4289 734 4347 Christi.
764 4288 958 4343 Veniat
984 4295 1038 4340 et
1065 4285 1133 4340 de
1177 4283 1337 4339 Saulo
1374 4281 1590 4345 Paulus,
1637 4278 1705 4333 de
1750 4277 1875 4346 lupo
1912 4290 2107 4344 agnus;

531 4384 678 4456 prius
715 4381 980 4444 inimicus,
1018 4385 1202 4448 postea
1243 4373 1548 4444 apostolus;
1592 4370 1739 4441 prius
1772 4375 2108 4438 persecutor,

530 4487 712 4548 postea
751 4473 1084 4544 priedicator.
1114 4467 1326 4530 Veniat,
1361 4464 1584 4534 accipiat
1621 4463 1824 4517 litteras
1858 4477 1886 4514 a
1921 4458 2114 4529 princi-

533 4570 688 4641 pibus
719 4566 1074 4627 sacerdotum,
1121 4570 1176 4615 ut
1219 4559 1536 4628 ubicumque
1565 4555 1824 4610 invenerit
1855 4551 2113 4606 Christia-

534 4677 653 4723 nos,
685 4660 892 4714 vinctos
934 4655 1162 4710 adducat
1203 4651 1267 4706 ad
1314 4665 1518 4721 poenas.
1565 4647 1822 4716 Accipiat,
1867 4643 2111 4712 accipiat,

534 4750 920 4824 proﬁciscatur,
955 4752 1157 4816 pergat,
1208 4741 1419 4796 anhelet
1457 4738 1678 4802 caedem,
1718 4736 1859 4789 sitiat
1901 4733 2114 4802 sangui-

535 4823 660 4900 Dem
707 4859 720 4894 ε
763 4839 856 4911 qui
896 4837 1096 4892 habitat
1137 4835 1189 4890 in
1231 4831 1402 4896 caelis,
1439 4827 1674 4884 irridebit
1701 4841 1821 4880 eum
1855 4823 2022 4896 (Psul.
2056 4838 2113 4889 ιι,

537 4935 615 5005 ι).
646 4932 758 4988 lhat
782 4930 943 4995 enim,
973 4929 1110 4982 sicut
1150 4925 1405 4993 scriptum
1443 4929 1545 4984 est,
1587 4918 1786 4989 spirans
1833 4916 2035 4979 ca’dem,
2065 4924 2120 4969 et

537 5022 924 5100 propinquabat
969 5021 1304 5074 Damascum.
1331 5014 1481 5070 Tunc
1525 5012 1779 5066 Dominus
1819 5011 1885 5065 de
1927 5010 2064 5064 ccelo
2101 5026 2116 5062 :

541 5117 720 5180 Suule,
748 5113 924 5176 Suule,
954 5111 1074 5179 quid
1105 5126 1181 5162 me
1212 5105 1556 5177 persequeris?
1590 5103 1700 5172 Ego
1740 5117 1856 5157 sum
1887 5101 1988 5164 hic,
2021 5115 2120 5168 ego

540 5225 657 5264 sum
699 5205 769 5260 ibi
801 5221 813 5256 :
855 5202 942 5256 hic
975 5209 1151 5270 caput,
1180 5199 1246 5253 ibi
1280 5211 1492 5266 corpus.
1537 5193 1648 5248 Non
1691 5207 1815 5261 ergo
1844 5190 2118 5253 miremur,

542 5303 748 5364 fratres,
779 5297 842 5352 ad
880 5311 1072 5364 corpus
1099 5291 1295 5348 Chrisd
1340 5291 1681 5359 pertinemus.
1723 5284 1898 5350 Suule,
1945 5284 2120 5350 Suule,

542 5392 664 5465 quid
688 5407 766 5444 me
788 5369 1136 5459 persequeris?
1160 5383 1361 5437 Durum
1391 5393 1461 5436 est
1489 5381 1574 5434 tibi
1602 5379 1839 5432 adversus
1866 5376 2124 5429 stimulum

543 5485 826 5539 culcitrare.
860 5481 934 5536 Te
965 5479 1112 5534 laedis
1146 5496 1157 5532 :
1187 5493 1310 5532 nam
1333 5475 1570 5530 Ecclesia
1597 5489 1712 5528 mea
1737 5469 2124 5541 persecutioni-

545 5578 645 5632 hus
669 5574 880 5630 crescit.
905 5571 1074 5626 Atille
1096 5585 1293 5640 pavens
1319 5576 1371 5622 et
1389 5576 1620 5622 tremens
1646 5583 1658 5617 :
1687 5564 1916 5627 Domine,
1939 5562 2049 5633 quis
2073 5576 2126 5616 es

548 5669 644 5722 tu?
672 5667 739 5722 Et
759 5666 848 5720 ille
875 5683 889 5719 :
920 5664 1029 5737 Ego
1058 5680 1168 5718 sum
1195 5661 1347 5716 Jesus
1372 5661 1667 5713 Nazarenus
1695 5673 1836 5727 quem
1873 5664 1925 5709 tu
1956 5671 2127 5725 perse-

549 5758 732 5838 queris.
776 5756 1040 5814 Continuo
1064 5761 1296 5810 mutatus
1315 5757 1586 5826 exspectat
1619 5747 1900 5827 imperium
1932 5763 1946 5800 :
1978 5744 2128 5819 ponit

1691 315 1747 372 S.
1788 305 2152 369 AUGUSTINI
2190 306 2490 365 EPISCOPI

3611 315 3764 374 I352

2173 421 2537 488 invidentiam,
2579 434 2841 495 praeparat
2881 426 3258 484 obedientiam.
3301 429 3502 488 Dicitur
3537 431 3588 489 ei
3624 433 3763 505 quid

2174 513 2346 568 faciat.
2371 514 2437 568 Et
2455 525 2735 585 antequam
2766 517 2957 573 Paulus
2976 519 3293 590 baptizetur,
3314 523 3546 594 loquitur
3568 526 3759 582 Domi-

2174 621 2276 661 nus
2299 608 2514 662 Ananite
2544 627 2556 662 :
2601 609 2736 664 Vade
2761 611 2828 664 ad
2848 613 2993 666 illum
3028 615 3208 679 vicum,
3239 618 3306 670 ad
3333 619 3478 672 illum
3503 621 3764 678 hominem

2176 700 2376 754 nomine
2409 700 2647 769 Saulum,
2673 703 2872 773 buptiza
2903 705 3079 770 illum;
3105 708 3222 776 quia
3244 725 3330 763 vas
3356 709 3607 766 electionis
3631 717 3765 769 mihi

2177 803 2268 847 est.
2304 793 2406 848 Vas
2451 795 2648 864 aliquid
2693 806 2904 866 portare
2943 798 3120 865 debet,
3154 817 3249 857 vas
3294 803 3448 861 inane
3491 822 3611 864 esse
3653 824 3763 863 non

2179 885 2356 942 debet.
2389 887 2491 943 Vas
2519 889 2846 957 implendum
2873 901 2956 947 est
2996 911 3009 947 :
3042 894 3200 961 unde,
3248 898 3346 951 nisi
3392 901 3594 967 gratia?
3619 904 3767 956 Ana-

2180 979 2296 1035 nias
2325 989 2501 1036 autem
2546 984 2817 1052 respondit
2859 985 3085 1041 Domino
3129 996 3314 1043 nostro
3349 989 3474 1045 Jesu
3507 993 3717 1048 Christo
3747 1013 3762 1046 :

2188 1091 2208 1124 ι
2238 1071 2477 1140 Domine,
2511 1073 2686 1129 audivi
2729 1076 2850 1146 quia
2896 1077 3054 1132 homo
3095 1079 3196 1134 iste
3243 1082 3407 1136 multa
3455 1085 3593 1137 mala
3639 1084 3769 1140 fecit

2181 1168 2378 1222 sanctis
2421 1167 2542 1225 tuis.
2597 1168 2664 1224 Et
2711 1185 2851 1224 nunc
2890 1169 3090 1226 litteras
3143 1182 3318 1242 portat
3359 1191 3388 1228 a
3436 1177 3772 1246 principibus

2184 1259 2542 1328 sacerdotum,
2571 1272 2629 1315 ut
2657 1262 2977 1331 ubicumque
3001 1263 3260 1320 invenerit
3288 1267 3386 1319 via:
3415 1268 3569 1336 hujus
3598 1270 3766 1327 viros.

2182 1349 2389 1405 vinctos
2440 1351 2686 1406 adducat.
2742 1350 2809 1405 Et
2857 1351 3106 1408 Dominus
3153 1355 3219 1408 ad
3267 1356 3415 1410 illum
3459 1376 3473 1412 :
3523 1359 3634 1430 Ego
3693 1359 3772 1414 illi

2185 1440 2460 1497 ostendam
2504 1457 2622 1512 quae
2666 1442 2812 1498 illum
2841 1447 3103 1514 'oporteat
3145 1447 3251 1516 pati
3283 1463 3379 1518 pro
3406 1451 3620 1505 nomine
3645 1465 3771 1506 meo

2189 1532 2323 1605 (Act.
2363 1533 2463 1605 ix).
2493 1533 2813 1604 Trepidahat
2838 1536 3090 1602 Ananias,
3122 1537 3302 1593 audito
3331 1542 3546 1596 nomine
3571 1541 3720 1596 Sauli
3754 1559 3768 1595 '.

2187 1626 2485 1696 trepidabat
2514 1628 2703 1682 famam
2733 1627 2842 1697 lupi
2883 1627 3092 1684 inﬁrma
3124 1629 3260 1698 ovis,
3287 1631 3446 1686 etiam
3477 1632 3576 1688 sub
3606 1647 3771 1689 manu

2189 1718 2415 1788 pastoris
2437 1719 2475 1772 ⁸.

2258 1808 2484 1865 CAPUT
2511 1809 2707 1863 VI|.—
2733 1811 2789 1865 7.
2807 1809 3002 1866 Paulus
3017 1819 3063 1865 et
3088 1810 3268 1867 Petrus
3289 1829 3381 1883 pro
3397 1813 3592 1870 Christo
3613 1815 3772 1884 passi.

2192 1900 2331 1956 Ecce
2370 1900 2602 1956 ostendit
2643 1901 2720 1956 illi
2757 1901 3014 1958 Dominus
3039 1919 3155 1974 quae
3189 1903 3338 1958 illum
3371 1914 3642 1975 oporteret
3664 1908 3774 1976 pati

2193 2009 2288 2064 pro
2313 1995 2526 2049 nomine
2551 1993 2685 2063 ejus.
2729 1993 2858 2049 Post
2893 1995 3130 2050 exercuit
3174 1995 3321 2049 illum
3349 1996 3400 2051 in
3428 1981 3629 2052 labore.
3656 1997 3778 2068 Ipse

2193 2087 2248 2140 in
2274 2084 2517 2149 vinculis,
2546 2085 2660 2154 ipse
2686 2085 2739 2139 in
2770 2085 2956 2155 plagis,
2986 2087 3098 2156 ipse
3129 2085 3181 2142 in
3216 2089 3537 2157 carceribus,
3580 2089 3695 2161 ipse
3722 2091 3777 2146 in

2194 2178 2500 2249 naufragiis.
2543 2177 2659 2248 lpse
2688 2179 2761 2233 illi
2791 2181 3093 2249 procuravit
3131 2183 3429 2250 passionem
3461 2201 3474 2235 :
3505 2183 3618 2253 ipse
3656 2199 3780 2254 per-

2195 2270 2345 2326 duxit
2391 2269 2458 2324 ad
2501 2269 2658 2325 istum
2702 2270 2862 2325 diem.
2915 2270 3064 2327 Unus
3107 2272 3221 2328 dies
3265 2274 3528 2343 passionis
3567 2274 3780 2329 duobus

2197 2363 2485 2433 Apostolis.
2539 2362 2640 2418 Sed
2688 2371 2742 2417 et
2782 2363 2856 2416 illi
2897 2362 3004 2418 duo
3043 2379 3206 2418 unum
3250 2373 3400 2420 erant
3431 2382 3444 2418 :
3473 2379 3780 2436 quanquam

2196 2454 2421 2511 diversis
2463 2455 2651 2511 diebus
2695 2465 3018 2526 paterentur,
3070 2473 3232 2511 unum
3290 2467 3458 2512 erant.
3503 2458 3784 2512 Praecessit

2198 2546 2405 2610 Petrus,
2459 2556 2672 2602 secutus
2721 2556 2801 2602 est
2849 2548 3064 2602 Paulus.
3112 2547 3288 2602 Primo
3334 2548 3547 2614 Saulus,
3597 2557 3782 2618 postea

2198 2637 2391 2692 Paulus
2416 2655 2428 2689 :
2461 2638 2580 2707 quia
2609 2637 2778 2706 primo
2803 2637 3084 2708 superbus,
3114 2647 3298 2708 postea
3325 2638 3556 2692 humilis.
3590 2637 3784 2693 Saulus

2199 2745 2229 2784 a
2259 2730 2418 2786 Saulo
2445 2731 2613 2786 sancti
2644 2730 2807 2785 David
2837 2740 3196 2800 persecutore.
3224 2731 3468 2800 Dejectus
3489 2742 3570 2788 est
3595 2747 3784 2802 perse-

2200 2829 2372 2888 cutor,
2395 2831 2604 2876 erectus
2625 2829 2707 2876 est
2733 2821 3066 2890 prasdicator.
3103 2821 3322 2876 Mutavit
3349 2837 3541 2877 nomen
3567 2823 3787 2891 superbi

2201 2912 2268 2967 ad
2317 2911 2686 2966 humilitatem.
2732 2911 2925 2967 Paulus
2973 2913 3114 2966 enim
3164 2911 3403 2966 modicus
3451 2922 3552 2967 est.
3611 2911 3786 2967 Verba

2202 3001 2376 3058 videte
2414 3003 2696 3058 Charitatis
2741 3013 2933 3058 vestra:
2976 3023 2990 3059 :
3031 3018 3207 3059 nonne
3255 3005 3488 3073 quotidie
3534 3004 3784 3068 dicimus,

2202 3093 2332 3149 Post
2372 3094 2639 3163 paululum
2669 3095 2861 3150 videbo
2892 3103 2961 3158 te,
3001 3095 3160 3164 paulo
3196 3106 3314 3165 post
3350 3096 3536 3150 faciam
3566 3095 3669 3151 hoc
3695 3105 3790 3149 aut

2204 3185 2367 3240 illud?
2397 3187 2535 3255 Ergo
2564 3187 2689 3256 quid
2726 3195 2810 3242 est
2853 3186 3091 3241 Paulus?
3133 3186 3306 3257 Ipsum
3353 3187 3639 3257 interroga.
3677 3186 3790 3259 Ego

2204 3295 2335 3342 sum,
2365 3279 2550 3349 inquit,
2584 3280 2820 3333 minimus
2849 3280 3206 3351 Apostolorum
3236 3281 3277 3353 (I
3306 3281 3424 3335 Cor.
3455 3297 3545 3348 xv,
3576 3280 3653 3352 9).

2275 3371 2500 3428 CAPUT
2539 3373 2667 3427 Vlll.
2689 3404 2760 3414 —-
2783 3374 2835 3428 8.
2869 3373 2989 3430 Dies
3016 3385 3295 3446 martyrum
3317 3375 3430 3430 ideo
3457 3375 3790 3442 celebrantur,

2207 3476 2261 3520 ut
2287 3483 2368 3521 eos
2392 3467 2579 3521 imitari
2611 3467 2835 3523 delectet.
2863 3467 3207 3524 Celebramus
3233 3469 3372 3524 diem
3405 3469 3619 3537 festum,
3642 3469 3792 3538 Apo-

2208 3558 2462 3612 stolnrum
2486 3558 2636 3614 nobis
2653 3562 2908 3630 sanguine
2929 3569 3315 3616 consecratum.
3335 3561 3591 3616 Amemus
3607 3559 3790 3626 tidem,

2208 3651 2390 3716 vitam,
2426 3651 2653 3715 labores,
2698 3652 2994 3721 passiones,
3038 3651 3421 3717 confessiones,
3461 3652 3796 3722 praedicatio-

2211 3757 2326 3798 nes.
2353 3743 2669 3798 Proﬁcimus
2704 3745 2846 3798 enim
2872 3743 3135 3809 amando;
3168 3759 3273 3800 non
3300 3745 3400 3799 ista
3435 3752 3650 3815 propter
3675 3759 3796 3798 car-

2212 3836 2385 3890 nalem
2425 3837 2659 3890 laetitiam
2703 3836 3044 3891 celebrando.
3082 3837 3341 3908 Martyres
3386 3837 3526 3891 enim
3566 3851 3596 3890 a
3639 3835 3797 3890 nobis

2211 3928 2336 4000 quid
2367 3929 2652 3998 quaerunt?
2681 3928 2853 3982 Minus
2883 3927 3101 3994 habent,
3130 3928 3182 3983 sl
3208 3926 3381 3981 adhuc
3405 3926 3587 3981 laudes
3616 3926 3796 3980 homi-

2213 4035 2338 4074 num
2384 4029 2648 4089 quaerunt.
2699 4017 2754 4074 Si
2787 4017 2962 4074 adhuc
3002 4016 3184 4074 laudes
3231 4017 3502 4072 hominum
3527 4027 3795 4087 qumrunt,

2213 4109 2450 4165 nondum
2479 4111 2717 4164 vicerunt
2747 4111 2788 4163 '.
2818 4108 3077 4165 Si'autem
3115 4108 3376 4172 vicerunt,
3405 4123 3434 4162 a
3477 4107 3628 4162 nobis
3666 4121 3800 4178 pro-

2214 4210 2330 4272 pter
2377 4217 2435 4257 se
2483 4201 2612 4255 nihil
2656 4209 2932 4271 quaerunt;
2982 4198 3076 4255 sed
3121 4207 3339 4269 propter
3366 4213 3461 4254 nos
3487 4198 3628 4268 ipsos
3650 4213 3803 4268 quae-

2215 4303 2357 4349 runt.
2387 4293 2652 4364 Dirigatur
2678 4309 2806 4365 ergo
2833 4293 2914 4348 via
2940 4301 3123 4348 nostra
3162 4291 3216 4346 in
3254 4300 3542 4362 conspectu
3564 4289 3797 4345 Domini.

2215 4386 2374 4440 Arcta
2409 4394 2544 4450 erat,
2588 4384 2800 4454 spinosa
2825 4392 2959 4450 erat,
3002 4383 3132 4437 dura
3172 4389 3327 4437 erat:
3362 4381 3552 4436 talibus
3587 4388 3802 4448 tamque

2219 4477 2398 4530 multis
2453 4475 2845 4530 transeuntibus
2891 4475 3026 4530 lenis
3081 4473 3220 4529 facta
3261 4481 3364 4529 est.
3415 4471 3645 4526 Transiit
3685 4470 3803 4539 ipse

2217 4566 2362 4636 prior
2395 4566 2668 4632 Dominus,
2699 4565 3020 4620 transierunt
3043 4563 3280 4633 Apostoli
3315 4559 3580 4631 intrepidi,
3618 4569 3804 4630 postea

2219 4669 2502 4731 martyres,
2551 4659 2719 4729 pueri,
2749 4659 3016 4724 mulieres,
3056 4659 3265 4728 pitellae.
3307 4657 3413 4712 Sed
3443 4657 3558 4726 quis
3597 4656 3648 4710 in
3689 4655 3806 4710 eis?

2220 4750 2311 4805 lllc
2365 4751 2454 4821 qui
2505 4749 2655 4816 dixit,
2710 4749 2834 4805 Sine
2882 4765 2960 4803 me
3006 4749 3134 4802 nihil
3176 4748 3383 4820 potestis
3427 4743 3800 4816 facereran.

2207 4860 2311 4912 ixv,
2342 4845 2420 4915 5).

2670 4935 2900 4992 δεηΜο
2937 4931 3182 4989 ccxcw
3213 4936 3230 4957 ο
3257 4933 3358 5003 (τι).

2431 5034 2480 5078 In
2513 5027 2660 5078 Natali
2691 5025 3017 5089 apostolorum
3035 5025 3162 5075 Petri
3187 5031 3239 5074 et
3261 5021 3405 5081 Pauli,
3439 5037 3470 5070 ιι
3505 5020 3594 5082 (b).

2298 5113 2522 5170 CAPUT
2575 5110 2858 5166 PRIMUM.
2906 5139 2977 5149 —
3041 5108 3093 5163 1.
3148 5105 3332 5161 Petrus
3403 5104 3635 5173 inﬁrmus
3688 5101 3804 5170 plus

2228 5207 2470 5277 promittit
2495 5221 2646 5276 quam
2667 5211 2844 5275 potest.
2870 5202 3078 5256 Recens
3125 5198 3291 5254 sancti
3335 5194 3608 5265 Evangelii
3652 5191 3810 5246 lectio

2293 5371 3234 5494 :asatsaaams.
3252 5421 3482 5494 sm...

2298 5505 2312 5523 '
2335 5490 2542 5552 Collatus
2573 5500 2632 5550 ad
2655 5499 2717 5548 cl.
2744 5497 2792 5545 d.
2819 5490 2860 5546 ι’.
2887 5508 2978 5545 rm.
3019 5501 3054 5543 t.
3080 5508 3128 5543 v.
3154 5498 3207 5543 et
3226 5490 3284 5540 ad
3309 5496 3418 5538 Lov.

2295 5567 2366 5630 (u)
2401 5566 2540 5630 Alias,
2573 5563 2638 5630 de
2669 5561 2879 5630 Diversis

2295 5608 2367 5690 lli)
2401 5608 3115 5690 lii-‘tgl'orijcollectionecitatur
3135 5616 3196 5665 ad
3229 5608 3819 5690 uom._vrp:

2236 5667 2580 5740 versus-tinem—
2591 5667 2723 5736 ibt-te
2735 5667 3001 5742 ὶιὶίὶιῖιιοζ
3018 5686 3123 5742 post
3151 5685 3338 5739 captam
3351 5675 3543 5742 urbem
3570 5667 3817 5742 ancothig.

2235 5728 2540 5818 iiiié"s'u13'r'£,'
2544 5728 2719 5799 'ééiiiif
2732 5728 2964 5807 81:71.7,-
3083 5728 3138 5792 ac
3172 5728 3320 5790 sérm.
3344 5736 3452 5797 105,
3474 5746 3559 5784 nn.
3578 5729 3640 5783 l2
3663 5737 3716 5780 et
3737 5728 3802 5780 45

3826 5412 3836 5440 l
