4108 6326
372 304 507 363 155⁸5

372 420 641 479 hodiernae
665 424 983 481 solemnitati
1012 425 1361 495 conveniens,
1392 439 1513 499 quae
1560 426 1722 482 modo
1768 427 1944 482 sonuit

368 514 422 569 in
444 516 658 571 auribus
684 518 901 585 nostris,
959 520 1003 573 si
1058 521 1124 575 ab
1162 520 1381 577 auribus
1428 522 1587 577 etiam
1618 521 1669 575 in
1712 536 1806 579 cor
1843 537 1944 577 no-

367 618 536 666 strum
558 610 848 676 descendit,
882 621 934 668 et
954 614 1005 668 in
1035 629 1101 670 eo
1128 614 1301 671 locum
1318 617 1509 686 quietis
1548 616 1749 697 invenit
1778 616 1800 689 (
1818 626 1944 672 tunc

367 703 504 757 enim
535 704 585 757 in
617 704 768 759 nobis
796 706 1080 776 requiescit
1107 709 1322 764 verbum
1349 710 1462 777 Dei,
1491 711 1701 781 quando
1727 727 1826 768 nos
1850 726 1944 767 ac-

364 794 686 863 quiescimus
705 792 877 853 verbo
899 799 1037 871 Dei);
1068 800 1347 856 admonuit
1372 819 1469 858 nos
1490 820 1704 872 omnes,
1736 807 1824 877 qui
1850 822 1945 862 vo-

364 886 445 940 bis
476 888 697 943 verbum
737 899 792 944 et
836 903 1226 949 sacramentum
1280 896 1490 951 Domini
1535 898 1897 955 ministramus
1922 942 1938 969 ,

366 996 583 1047 pascere
609 997 735 1037 oves
760 998 902 1041 suas.
932 986 1124 1042 Beatus
1166 988 1357 1043 Petrus
1412 991 1786 1060 Apostolorum
1830 995 1941 1062 pri-

380 1086 501 1136 nus,
527 1073 733 1129 Domini
764 1077 930 1131 nostri
957 1077 1081 1133 Jesu
1112 1080 1307 1134 Christi
1336 1081 1505 1151 major
1529 1092 1756 1150 amator,
1780 1100 1940 1155 quam

365 1175 605 1237 negator,
630 1168 764 1224 sicut
790 1169 987 1225 indicat
1034 1171 1400 1243 Evangelium,
1428 1182 1642 1229 secutus
1658 1185 1740 1231 est
1758 1177 1940 1231 Domi-

360 1270 488 1312 num
513 1273 791 1328 passurum
818 1279 830 1315 :
864 1262 958 1317 sed
988 1270 1113 1317 tunc
1138 1279 1246 1318 non
1282 1265 1453 1333 potuit
1489 1267 1639 1337 sequi
1667 1282 1937 1337 passurus.

361 1345 587 1404 Secutus
616 1360 698 1405 est
722 1350 960 1420 pedibus,
986 1353 1221 1408 nondum
1240 1354 1463 1410 idoneus
1489 1359 1639 1427 sequi
1681 1360 1937 1416 moribus.

363 1440 615 1497 Promisit
643 1459 700 1498 se
724 1445 1040 1499 moriturum
1090 1461 1190 1516 pro
1234 1447 1354 1515 illo,
1405 1459 1584 1504 etnon
1629 1453 1800 1521 potuit
1844 1468 1941 1509 nec

358 1547 477 1587 cum
510 1534 618 1588 illo.
642 1535 769 1591 Plus
796 1538 936 1593 enim
964 1553 1125 1594 ausus
1145 1550 1291 1608 erat,
1324 1557 1481 1611 quam
1524 1543 1640 1612 ejus
1675 1546 1940 1614 capacitas

356 1623 667 1679 sustinebat.
700 1626 826 1681 Plus
843 1631 1180 1698 promiserat,
1204 1648 1361 1703 quam
1393 1644 1606 1704 poterat
1652 1653 1666 1689 :
1713 1638 1834 1707 quia
1888 1647 1943 1694 et

357 1713 628 1786 indignum
650 1727 766 1774 erat
812 1729 871 1775 ut
913 1720 1112 1779 iaceret
1151 1726 1292 1795 quod
1338 1728 1671 1797 promiserat.
1705 1731 1940 1786 Animam

355 1821 537 1872 meam,
566 1809 756 1880 inquit,
786 1830 876 1880 pro
904 1824 949 1869 te
970 1833 1156 1885 ponam
1185 1816 1205 1891 (
1222 1816 1378 1873 Joan.
1406 1837 1522 1885 XIII,
1553 1822 1621 1877 57
1640 1822 1681 1893 ).
1712 1824 1823 1880 Hoc
1843 1841 1940 1894 pro

356 1912 512 1953 servo
538 1900 794 1958 Dominus
822 1906 1204 1973 eratlacturus,
1239 1926 1344 1965 non
1363 1927 1548 1967 servus
1576 1929 1668 1983 pro
1691 1915 1935 1971 Domino.

354 1988 456 2057 Qui
486 2006 613 2063 ergo
638 1993 757 2063 plus
786 2006 865 2051 est
886 2013 1065 2065 ausus,
1091 2000 1161 2054 ibi
1207 2011 1531 2071 praepostere
1560 2006 1793 2073 amavit;
1819 2007 1939 2063 ideo

356 2082 531 2136 timuit
554 2093 607 2139 et
656 2088 886 2157 negavit.
944 2089 1133 2146 Postea
1185 2108 1312 2148 vero
1361 2095 1615 2152 Dominus
1659 2108 1936 2171 postquam

355 2177 606 2245 surrexit,
637 2178 794 2235 docet
841 2181 1055 2237 Petrum
1113 2198 1316 2241 amare.
1366 2186 1669 2245 inordinate
1713 2207 1931 2262 amans,

357 2263 548 2321 defecit
568 2271 666 2325 sub
689 2271 889 2341 pondre
921 2275 1222 2343 passionis:
1254 2277 1497 2336 ordinate
1522 2291 1702 2339 autem
1735 2288 1937 2342 amanti

359 2359 602 2427 promisit
623 2364 943 2430 passionem.

423 2450 478 2505 2.
512 2452 793 2523 Inﬁrmitas
818 2456 960 2512 Petri
985 2461 1203 2517 timentis
1228 2466 1356 2519 mori
1379 2465 1672 2522 Dominum.
1695 2468 1937 2526 Memini-

353 2558 472 2599 mus
499 2546 856 2605 iniirmitatem
885 2551 1029 2608 Petri
1050 2555 1280 2612 dolentis
1319 2560 1461 2629 quod
1501 2562 1755 2619 Dominus
1794 2573 1938 2622 esset

354 2640 642 2695 moriturus
686 2659 701 2696 :
752 2643 888 2700 hanc
938 2661 1301 2707 commemoro
1324 2692 1340 2719 ,
1376 2667 1502 2709 ecce
1547 2670 1929 2715 commemoro.

356 2729 455 2797 Qui
482 2734 855 2801 meminerunt,
880 2736 930 2792 in
978 2740 1141 2796 corde
1190 2757 1288 2796 suo
1335 2760 1543 2802 mecum
1589 2748 1770 2806 dicant
1801 2769 1814 2806 :
1844 2753 1935 2824 qui

354 2821 502 2877 obliti
554 2823 805 2895 fuerant,
855 2844 1231 2891 eommonente
1280 2852 1367 2893 me
1394 2841 1649 2897 recolant.
1679 2845 1935 2903 Dominus

351 2910 504 2967 Iesus
522 2912 765 2973 Christus
804 2922 1103 2989 passionem
1129 2941 1277 2982 suam
1313 2927 1684 2989 imminentem
1716 2935 1828 3007 ipse
1854 2937 1935 2992 di-

353 3004 567 3074 scipulis
589 3013 979 3077 praenuntiavit.
1026 3015 1176 3073 Tunc
1204 3019 1396 3077 Petrus
1433 3040 1619 3081 amans
1645 3043 1795 3097 eum,
1836 3031 1932 3087 sed

352 3096 843 3171 adltuccarnaliter,
890 3109 1025 3163 mori
1050 3112 1240 3169 timens
1282 3118 1468 3171 mortis
1490 3118 1927 3179 interfectorem:

352 3186 491 3241 Absit
514 3206 546 3242 a
574 3200 639 3259 te,
661 3192 830 3265 inquit
856 3238 870 3261 ,
905 3197 1149 3267 Domine;
1186 3206 1312 3257 absit
1340 3223 1372 3259 α
1403 3216 1449 3261 te
1468 3250 1483 3275 ,
1525 3212 1775 3281 propitius
1824 3224 1930 3271 esto

351 3276 457 3333 tibi.
485 3279 602 3336 Non
628 3283 867 3352 dixisset,
894 3292 1142 3359 propitius
1168 3294 1258 3348 tibi
1286 3306 1390 3352 esto
1412 3341 1427 3367 ,
1470 3276 1569 3355 nisi
1616 3276 1932 3374 agnosceret

351 3383 536 3424 verum
580 3373 766 3430 Deum.
802 3377 959 3448 Ergo,
991 3382 1166 3450 Petre,
1192 3386 1236 3440 si
1268 3387 1407 3444 Deus
1434 3406 1465 3445 a
1497 3400 1546 3447 te
1566 3373 1925 3466 cognoscitur,

348 3463 472 3530 quid
504 3466 662 3522 times
690 3484 757 3524 ne
785 3471 926 3528 Deus
941 3477 1231 3533 moriatur?
1251 3481 1331 3536 Tu
1363 3484 1522 3542 homo
1548 3503 1606 3542 es
1634 3531 1649 3553 ,
1682 3491 1771 3546 ille
1790 3493 1929 3549 Deus

348 3563 449 3608 est.
482 3555 549 3610 Et
569 3572 666 3626 pro
697 3560 909 3619 homine
939 3566 1077 3621 Deus
1104 3569 1269 3627 iactus
1309 3585 1391 3629 est
1440 3576 1620 3647 homo,
1648 3596 1929 3642 assumens

348 3644 489 3712 quod
518 3663 619 3702 non
643 3660 777 3716 erat,
811 3669 914 3708 non
948 3658 1175 3726 perdens
1226 3665 1367 3732 quod
1411 3676 1547 3722 erat.
1595 3644 1654 3725 ln
1698 3688 1764 3729 eo
1800 3690 1929 3746 ergo

348 3734 600 3793 Dominus
630 3743 918 3800 moriturus
947 3759 1083 3817 erat,
1118 3753 1171 3807 in
1188 3770 1290 3824 quo
1307 3765 1361 3811 et
1387 3768 1926 3823 resurrecturus.Ex-

346 3831 489 3899 pavit
514 3847 643 3904 ergo
668 3836 856 3894 Petrus
885 3841 1169 3899 humanam
1196 3859 1442 3920 mortem,
1490 3866 1545 3910 et
1594 3857 1763 3914 noluit
1806 3876 1925 3917 eam

346 3925 653 3996 contingere
679 3929 980 3991 Dominum.
1011 3936 1283 4005 Nesciens,
1316 3959 1526 4001 saccum
1558 3950 1927 4009 volebatclau-

344 4012 494 4081 dere,
516 4018 655 4074 unde
685 4030 924 4077 nostrum
959 4029 1181 4093 pretium
1214 4042 1327 4088 erat
1352 4047 1708 4096 manaturum.
1755 4045 1922 4101 Audi-

342 4107 415 4162 vit
443 4124 470 4161 a
495 4110 719 4167 Domino
754 4124 877 4172 tunc
902 4160 916 4183 ,
962 4118 1090 4175 Redi
1116 4134 1247 4179 retro
1267 4168 1281 4192 ,
1314 4140 1558 4198 satanas;
1585 4151 1743 4207 neque
1786 4142 1923 4196 enim

341 4202 477 4272 sapis
505 4221 615 4273 qua:
636 4206 729 4261 Dei
753 4220 886 4275 sunt,
922 4214 1010 4267 sed
1034 4232 1146 4286 qua:
1183 4230 1299 4274 sunt
1330 4223 1607 4281 hominum.
1638 4229 1733 4284 Cui
1764 4236 1923 4303 paulo

342 4307 465 4350 ante
494 4298 720 4365 dixerat,
752 4304 969 4367 dicenti,
1006 4308 1081 4361 Tu
1109 4328 1159 4364 es
1190 4313 1417 4371 Christus
1440 4319 1605 4376 Filius
1648 4324 1742 4380 Dei
1765 4298 1874 4382 _vivi
1902 4346 1921 4385 :

339 4386 524 4444 Beatus
553 4410 622 4459 es,
650 4393 826 4450 Simon
850 4397 1141 4466 Bar-Jona,
1173 4407 1290 4475 quia
1321 4410 1410 4465 tibi
1436 4429 1536 4467 non
1580 4421 1813 4475 reuelauit
1838 4441 1924 4477 ca-

338 4496 394 4532 ro
421 4492 466 4534 et
488 4487 711 4553 sanguis,
738 4489 828 4542 sed
854 4489 1009 4546 Pater
1036 4512 1175 4551 meus
1198 4501 1284 4569 qui
1304 4513 1376 4555 est
1418 4505 1471 4559 in
1510 4510 1647 4564 caelis
1691 4512 1710 4582 (
1731 4513 1918 4573 Matth.

342 4574 674 4643 “1,2125,
700 4580 784 4645 ιθ,
812 4582 925 4652 i7).
976 4585 1141 4644 Paulo
1167 4599 1288 4646 ante
1316 4593 1535 4659 beatus.
1568 4574 1748 4669 postea
1775 4617 1919 4662 sata-

344 4677 457 4715 nas.
493 4666 596 4719 Sed
618 4670 755 4724 unde
776 4673 960 4729 beatus
983 4678 1006 4729 ?
1030 4678 1143 4735 Non
1174 4683 1241 4737 de
1272 4698 1367 4741 suo
1394 4705 1405 4740 :
1440 4666 1672 4748 Non‘tibi
1686 4699 1921 4756 reuelauit

338 4769 455 4806 caro
484 4765 529 4809 et
556 4763 783 4830 sanguis,
813 4767 901 4818 sed
929 4766 1083 4823 Pater
1106 4790 1243 4829 meus
1272 4779 1357 4845 qui
1387 4791 1458 4833 est
1482 4783 1533 4836 in
1580 4786 1734 4843 oculis.
1766 4790 1919 4850 Unde

336 4853 510 4898 autem
540 4853 791 4906 satanas?
812 4854 889 4909 Ex
915 4857 1148 4928 homine,
1178 4867 1299 4920 etin
1331 4869 1543 4928 homine
1572 4894 1585 4930 :
1616 4877 1735 4934 Non
1786 4886 1919 4939 enim

336 4936 473 5003 sapis
497 4953 610 5004 quae
637 4938 733 4995 Dei
755 4955 890 5010 sunt,
916 4949 1006 5003 sed
1025 4968 1137 5021 qua:
1160 4967 1274 5010 sunt
1300 4960 1578 5021 hominum.
1626 4970 1767 5027 Talis
1816 4976 1918 5032 Pe-

335 5030 447 5077 trus
477 5034 661 5087 amans
689 5032 992 5106 Dominum,
1020 5042 1211 5101 timens
1238 5052 1371 5105 mori
1404 5054 1715 5129 Dominum,
1746 5073 1800 5119 et
1818 5083 1916 5123 vo-

336 5114 451 5171 lens
482 5122 614 5175 mori
644 5139 737 5193 pro
760 5126 983 5185 Domino
1007 5175 1022 5198 ,
1051 5148 1264 5195 secutus
1285 5154 1366 5198 est
1394 5163 1406 5198 :
1431 5158 1484 5202 et
1524 5150 1797 5213 inventum
1833 5172 1916 5218 est

332 5210 597 5274 quomodo
617 5216 933 5282 praedixerat
959 5225 1215 5297 medicus,
1238 5248 1341 5289 non
1363 5243 1630 5306 quomodo
1650 5263 1911 5315 praesum-

332 5308 509 5415 pserat
535 5317 783 5373 aegrotus.
818 5308 1172 5385 Interrogatus
1211 5323 1279 5377 ab
1301 5330 1510 5397 ancilla,
1539 5348 1697 5408 negat
1722 5347 1908 5415 semel,

328 5384 431 5450 bis,
450 5397 502 5443 et
523 5395 697 5450 tertio.
717 5400 1025 5469 Aspicitura
1042 5406 1287 5483 Domino,
1304 5416 1588 5482 ﬂetamare
1604 5384 1752 5498 FLuc.
1772 5389 1906 5506 xxn:

340 5484 404 5506 ιυρ
437 5486 522 5506 (‘0‘
597 5501 608 5506 Α
713 5496 743 5506 ⁸⁷
779 5497 793 5506 ⁸
988 5504 994 5506 ’

337 5484 524 5595 56:92)
559 5508 571 5544 :
596 5496 750 5563 tergit
779 5497 1029 5572 lacrymis
1050 5507 1259 5575 pietatis
1280 5519 1454 5574 cordis
1479 5484 1806 5595 negationes.

407 5576 483 5683 CA
498 5580 627 5637 PUT
646 5585 783 5639 ll.—
799 5591 849 5644 5.
872 5592 1026 5649 Petro
1039 5600 1153 5668 jam
1178 5611 1370 5663 amanti
1382 5576 1612 5674 Christi,“
1627 5639 1740 5678 oves
1765 5644 1873 5683 com
1886 5662 1904 5671 -

331 5662 554 5782 incutiat.
591 5673 835 5750 Resurgit
867 5684 1139 5756 Dominus,
1169 5710 1387 5766 apparet
1432 5708 1719 5782 discipulis.
1758 5719 1906 5777 Videt

332 5756 341 5759 -
1202 5756 1254 5766 ..
1372 5756 1383 5757 κ
1768 5756 1899 5777 "uc.

325 5764 433 5815 1³η)
455 5756 642 5820 Petrus
665 5770 947 5843 viventem,
966 5785 1051 5839 cui
1074 5792 1317 5851 morienti
1339 5800 1601 5861 timuerat.
1628 5810 1779 5868 Videt
1798 5834 1899 5875 non

568 5857 787 5928 Sauc'r.
829 5876 1102 5941 AUGUST.
1141 5885 1221 5951 V.

1713 308 1942 368 SERMO
1976 310 2239 371 CCXCVl.

2062 428 2341 486 Dominum
2366 434 2601 491 occisum
2623 478 2638 505 ,
2670 438 2763 496 sed
2806 450 3030 501 mortem
3063 445 3114 502 in
3142 447 3367 509 Domino
3395 456 3647 513 occisam.

2055 526 2171 582 Jam
2203 546 2331 602 ergo
2348 535 2693 596 conﬁrmatus
2707 547 2954 617 exemplo
2980 550 2995 581 ¹
3020 554 3194 610 carnis
3223 555 3386 625 ipsius
3417 560 3641 631 Domini,

2052 630 2277 679 mortem
2312 642 2421 683 non
2468 646 2589 688 esse
2647 650 2813 707 usque
2855 640 2989 698 adeo
3041 650 3398 718 metuendam,
3427 653 3651 712 docetur

2050 727 2249 772 amare.
2278 718 2434 777 Modo
2460 738 2593 794 opus
2616 736 2699 783 est
2722 740 2779 785 ut
2801 745 2963 799 amet,
2984 735 3094 805 jam
3134 742 3249 796 viso
3275 742 3499 801 Domino
3522 748 3647 805 vivo

2051 816 2172 876 post
2196 820 2423 866 mortem
2460 833 2472 869 :
2504 818 2665 874 modo
2686 832 2846 890 amet,
2880 826 3041 882 modo
3076 842 3297 887 securus
3343 845 3525 902 amet;
3553 853 3644 894 se-

2049 913 2232 968 curus,
2256 906 2379 972 quia
2411 919 2708 967 secuturus.
2764 915 3018 973 Dominus
3072 936 3200 992 ergo
3230 920 3421 980 :Petre
3442 968 3457 992 ,
3503 945 3646 986 amas

2048 993 2171 1046 me?
2199 992 2267 1049 Et
2315 995 2405 1051 ille
2434 1013 2448 1053 :
2479 1000 2622 1066 Amo,
2647 1002 2876 1063 Domine.
2935 1009 3003 1064 Et
3051 1013 3306 1070 Dominus
3333 1033 3346 1069 :
3376 1017 3492 1074 Non
3521 1023 3643 1089 quia

2047 1098 2194 1142 amas
2224 1103 2329 1155 me,
2362 1092 2481 1147 volo
2507 1102 2564 1147 ut
2590 1099 2832 1153 moriaris
2862 1118 2956 1171 pro
2984 1119 3087 1170 me;
3109 1106 3209 1163 hoc
3237 1110 3379 1165 enim
3413 1126 3513 1181 ego
3528 1113 3641 1183 jam

2049 1175 2149 1233 feci
2184 1170 2278 1249 pro
2303 1189 2375 1237 te.
2400 1182 2507 1239 Sed
2535 1187 2701 1255 quid?
2722 1170 2873 1246 Amas
2898 1211 2976 1248 me
3000 1197 3025 1250 ?
3052 1198 3189 1265 Quid
3237 1201 3365 1255 mihi
3394 1170 3637 1260 redditu-

2047 1282 2143 1324 rus
2170 1274 2393 1342 es,.quia
2427 1291 2572 1331 amas
2600 1294 2686 1334 me
2710 1282 2732 1333 ?
2758 1280 2910 1338 Amas
2966 1304 3042 1340 me
3063 1290 3088 1342 ?
3129 1290 3278 1345 Amo.
3330 1290 3493 1349 Pasce
3524 1313 3639 1352 oves

2046 1377 2203 1415 meas.
2241 1364 2306 1417 Et
2336 1365 2524 1422 iterum
2553 1368 2674 1438 hoc,
2702 1382 2754 1427 et
2786 1376 2939 1431 tertio
2972 1377 3072 1433 hoc
3101 1398 3113 1433 :
3150 1389 3205 1435 ut
3234 1392 3313 1437 ter
3351 1386 3637 1444 conﬁtere-

2049 1459 2133 1506 tur
2153 1469 2325 1523 amor,
2359 1460 2496 1527 quod
2527 1470 2607 1515 ter
2632 1476 2922 1533 negaverat
2961 1470 3137 1525 timor.
3184 1473 3367 1531 Videte
3393 1518 3406 1541 ,
3461 1481 3637 1548 perci-

2048 1544 2178 1613 pite,
2214 1546 2421 1605 discite.
2475 1552 2589 1608 Non
2638 1556 2779 1611 aliud
2807 1573 2983 1628 quam,
3014 1562 3175 1619 Amas
3202 1606 3217 1632 ,
3250 1544 3631 1641 interrogatur:

2046 1652 2150 1691 non
2180 1640 2318 1695 aliud
2345 1660 2527 1713 quam,
2556 1648 2711 1714 Amo,
2744 1652 3118 1720 respondetur.
3164 1640 3527 1727 Respondenti
3552 1665 3634 1720 di-

2048 1730 2207 1799 citur,
2232 1732 2395 1790 Pasce
2424 1754 2537 1793 oves
2568 1757 2720 1796 meas.
2755 1744 2821 1798 Et
2849 1748 3234 1804 commendatis
3260 1752 3416 1809 Petro
3446 1757 3632 1813 ovibus

2045 1822 2176 1889 suis,
2208 1832 2261 1878 et
2286 1831 2655 1887 commendato
2681 1835 2781 1889 sibi
2804 1835 2963 1893 Petro
2989 1854 3107 1893 eum
3130 1842 3317 1898 ovibus
3345 1848 3455 1902 suis
3480 1889 3495 1915 ,
3518 1848 3632 1919 jam

2046 1916 2359 1982 praenuntiat
2378 1923 2701 1991 passionem,
2721 1936 2775 1980 et
2812 1927 2941 1983 dicit
2966 1950 2978 1984 :
3003 1930 3131 1986 Cum
3156 1950 3285 1990 esses
3308 1937 3501 2006 iunior,
3524 1942 3634 1996 cin-

2042 2005 2193 2074 gebas
2229 2016 2293 2072 te,
2318 2019 2364 2061 et
2386 2011 2491 2065 ibas
2536 2030 2632 2082 quo
2677 2017 2859 2082 velles;
2889 2037 3004 2074 cum
3048 2033 3215 2078 autem
3261 2029 3426 2082 senior
3459 2005 3624 2099 factus

2044 2097 2220 2166 fueris,
2252 2101 2379 2155 alter
2406 2113 2452 2157 te
2486 2106 2665 2178 cinget,
2689 2118 2733 2163 et
2759 2115 2882 2182 feret
2925 2131 3023 2183 quo
3053 2126 3107 2169 tu
3141 2134 3241 2172 non
3265 2121 3357 2174 vis.
3396 2097 3508 2177 Hoc
3536 2141 3630 2179 au-

2044 2198 2142 2244 tem
2168 2192 2382 2259 dicebat,
2412 2198 2487 2251 ait
2511 2200 2866 2272 Evangelista,
2890 2207 3181 2278 signiﬁcans
3209 2228 3306 2280 qua
3337 2226 3495 2270 morte
3515 2218 3629 2272 cla—

2040 2283 2331 2351 riﬁcaturus
2350 2298 2474 2343 esset
2525 2290 2687 2346 Deum
2728 2294 2916 2366 (loan.
2956 2316 3079 2355 xvm
3104 2344 3117 2368 ,
3174 2306 3390 2377 15-19).
3424 2308 3631 2366 Videtis

2042 2372 2145 2429 hoc
2164 2379 2428 2444 pertinere
2448 2381 2511 2435 ad
2535 2386 2828 2453 pascendas
2852 2407 2979 2447 oves
3003 2394 3230 2463 Domini,
3286 2406 3342 2453 ut
3386 2416 3491 2456 non
3539 2416 3629 2458 re-

2041 2478 2259 2524 cusetur
2284 2487 2429 2528 mors
2458 2489 2554 2544 pro
2580 2478 2768 2534 ovibus
2786 2482 3015 2538 Domini.

2110 2582 2339 2641 CAPUT
2368 2587 2454 2641 111.
2474 2621 2545 2629 -
2573 2591 2626 2645 4.
2656 2590 2841 2649 Pastor
2866 2596 3075 2653 idoneus
3104 2600 3189 2655 ille
3207 2610 3279 2655 est
3306 2643 3323 2670 ,
3366 2604 3453 2675 qui
3474 2604 3631 2662 vitam

2039 2676 2312 2747 rependere
2360 2681 2489 2734 valet
2540 2700 2631 2753 pro
2686 2686 2877 2742 ovibus.
2924 2688 3087 2745 Pasce
3114 2709 3225 2747 oves
3279 2711 3435 2751 meas.
3466 2697 3629 2754 Com-

2042 2768 2259 2823 mendat
2283 2784 2410 2825 oves
2435 2772 2647 2841 idoneo,
2674 2791 2741 2830 an
2766 2778 2941 2834 minus
2970 2782 3162 2839 idoneo
3190 2784 3213 2836 ?
3239 2785 3437 2853 Primo,
3496 2804 3630 2859 quas

2038 2872 2168 2914 oves
2188 2862 2560 2917 commendat?
2584 2865 2870 2935 Pretiosas,
2892 2881 3098 2941 emptas
3122 2916 3137 2940 ,
3186 2892 3291 2931 non
3319 2893 3450 2934 auro
3473 2921 3488 2946 ,
3521 2896 3627 2937 non

2038 2960 2279 3018 argento,
2312 2952 2407 3006 sed
2432 2956 2714 3024 sanguine.
2744 2958 2797 3013 Si
2849 2961 3096 3018 dominus
3149 2965 3307 3021 homo
3356 2985 3630 3028 common-

2039 3039 2193 3096 daret
2218 3058 2376 3099 servo
2401 3063 2497 3100 suo
2524 3064 2655 3104 oves
2704 3067 2857 3119 suas,
2898 3057 3081 3126 procul
3125 3058 3286 3114 dubio
3332 3065 3624 3134 cogitaret,

2036 3145 2214 3189 utrum
2263 3141 2523 3207 peculium
2569 3145 2707 3197 servi
2762 3147 2901 3203 illius
2946 3149 3193 3206 idoneum
3225 3164 3366 3210 esset
3397 3159 3627 3226 pretium

2036 3226 2210 3281 ovium
2238 3244 2474 3297 suarum,
2521 3234 2795 3291 ctdiceret
2826 3255 2838 3290 :
2866 3238 2920 3295 Si
2942 3241 3231 3309 perdiderit
3258 3288 3273 3312 ,
3310 3246 3355 3300 si
3393 3247 3622 3318 dissipa-

2034 3321 2188 3387 verit,
2215 3322 2259 3376 si
2287 3329 2705 3395 consumpserit,
2735 3330 2895 3387 habet
2925 3335 3061 3389 unde
3098 3336 3300 3392 reddat.
3344 3339 3627 3397 Commen-
3667 3407 3675 3417 η

2038 3412 2191 3467 daret
2217 3430 2344 3485 ergo
2359 3432 2512 3472 servo
2539 3419 2729 3475 idoneo
2755 3438 2884 3477 oves
2921 3440 3064 3492 suas,
3093 3436 3144 3482 et
3166 3431 3303 3484 servi
3344 3430 3624 3489 facultates

2035 3505 2086 3558 in
2104 3508 2325 3574 pecunia
2346 3519 2632 3578 quaereret,
2664 3529 2761 3582 pro
2782 3516 2969 3571 ovibus
2988 3534 3118 3588 quas
3143 3525 3363 3591 pecunia
3404 3541 3624 3596 compa.

2032 3597 2188 3650 ravit.
2219 3597 2368 3652 Nune
2397 3615 2524 3655 vero
2552 3603 2804 3661 Dominus
2824 3606 2979 3663 Jesus
3015 3610 3292 3679 Christus,
3322 3616 3442 3685 quia
3468 3632 3623 3672 servo

2032 3691 2372 3746 commendat
2390 3708 2538 3760 oves,
2565 3712 2696 3767 quas
2725 3700 2982 3770 sanguine
3014 3708 3369 3775 comparavit;
3414 3709 3623 3766 idonei-

2034 3788 2194 3835 tatem
2222 3785 2363 3838 servi
2396 3786 2449 3839 in
2481 3789 2730 3857 passione
2776 3793 3046 3862 sanguinis
3088 3796 3296 3865 quaerit.
3346 3798 3622 3871 Tanquam

2030 3870 2231 3927 diceret
2264 3893 2276 3927 :
2302 3875 2464 3932 Pasce
2484 3894 2612 3933 oves
2642 3896 2806 3945 meas,
2834 3887 3150 3941 commendo
3176 3888 3267 3943 tibi
3298 3905 3427 3945 oves
3450 3908 3618 3950 meas.

2030 3963 2174 4032 Quas
2197 3968 2349 4021 oves?
2376 3968 2517 4036 Quas
2534 3972 2637 4025 emi
2654 3975 2910 4045 sanguine
2932 3992 3071 4031 meo.
3101 3978 3338 4034 Mortuus
3363 3998 3479 4037 sum
3526 4001 3622 4054 pro

2002 4055 2127 4109 ‘eis.
2158 4057 2321 4112 Amas
2350 4059 2474 4113 me?
2512 4061 2718 4118 Morere
2760 4081 2860 4134 pro
2913 4067 3010 4122 eis.
3064 4070 3130 4123 Et
3166 4072 3379 4141 quidem
3437 4090 3623 4133 servus

2029 4146 2121 4204 ille
2146 4149 2565 4219 hominis‘bomo
2616 4158 2893 4226 pecuniam
2926 4161 3171 4219 redderet
3227 4181 3324 4235 pro
3370 4183 3623 4225 consum-

2028 4240 2135 4308 ptis
2174 4243 2363 4298 ovibus
2397 4263 2411 4299 :
2443 4245 2633 4303 Petrus
2683 4252 2991 4320 sanguinem
3022 4256 3251 4312 reddidit
3287 4275 3383 4329 pro
3429 4262 3619 4321 ovibus

2027 4335 2374 4390 conservatis.

2096 4445 2324 4504 CAPUT
2354 4450 2443 4504 IV.
2479 4482 2547 4492 —
2593 4454 2647 4511 5.
2690 4455 2892 4513 Cteteris
2944 4459 3187 4516 Ecclesia:
3238 4467 3519 4532 pastoribus
3564 4469 3621 4523 id

2026 4541 2340 4609 mandatum,
2359 4544 2495 4614 quod
2518 4545 2691 4602 Petro.
2719 4550 2931 4606 Animus
2974 4557 3202 4625 martyrii
3238 4568 3504 4628 martyrem
3533 4564 3617 4632 fa-

2026 4630 2111 4683 cit.
2144 4631 2270 4696 Eia,
2322 4632 2551 4703 fratres,
2597 4639 2792 4709 aliquid
2834 4658 2932 4712 pro
2975 4655 3212 4715 tempore
3255 4647 3375 4702 volo
3412 4630 3613 4707 dicere.

2026 4721 2174 4789 Quod
2204 4725 2362 4781 Petro
2390 4731 2815 4787 commendatum
2862 4744 2980 4803 est,
3006 4739 3143 4807 quod
3195 4740 3352 4795 Petro
3390 4744 3614 4799 manda-

2025 4823 2135 4869 tum
2163 4822 2262 4881 est,
2298 4834 2403 4873 non
2432 4819 2620 4877 Petrus
2645 4825 2809 4891 solus,
2840 4828 2932 4882 sed
2954 4830 3111 4882 etiam
3131 4830 3216 4883 alii
3249 4833 3489 4903 Apostoli
3515 4852 3613 4892 au-

2023 4906 2254 4972 dierunt,
2274 4918 2578 4980 tenuerunt,
2605 4930 2976 4985 servaverunt,
2997 4924 3333 4995 maximeque
3355 4929 3467 4997 ipse
3483 4946 3615 4986 con-

2022 5012 2140 5053 sors
2170 5002 2441 5071 sanguinis
2466 5014 2520 5059 et
2547 5007 2650 5062 diei
2675 5011 2695 5041 ³
2724 5014 2996 5080 apostolus
3042 5016 3257 5073 Paulus.
3315 5022 3613 5080 Audierunt

2020 5089 2139 5156 ista,
2163 5101 2214 5145 et
2241 5093 2307 5147 ad
2332 5110 2430 5151 nos
2455 5099 2713 5155 audienda
2743 5107 3166 5164 transmiserunt.
3192 5112 3466 5171 Pascimus
3489 5132 3607 5185 vos,

2019 5183 2286 5251 pascimur
2313 5187 2604 5245 vobiscum.
2636 5194 2735 5248 Det
2764 5197 2918 5251 nobis
2939 5199 3078 5255 Deus
3105 5204 3243 5259 vires
3277 5208 3354 5261 sic
3394 5210 3611 5267 amandi

2018 5287 2136 5339 vos,
2167 5283 2223 5330 ut
2242 5278 2507 5346 possimus
2528 5282 2687 5337 etiam
2717 5286 2853 5341 mori
2880 5303 2975 5358 pro
3001 5291 3151 5347 vobis
3176 5336 3189 5362 ,
3238 5307 3330 5351 aut
3363 5299 3553 5355 eil‘ectu
3587 5345 3605 5370 ,

2018 5374 2109 5419 aut
2135 5366 2349 5422 aﬂ'ectu.
2383 5370 2497 5425 Non
2527 5373 2671 5428 enim
2700 5377 2820 5443 quia
2836 5377 3026 5436 Joanni
3056 5389 3298 5454 apostolo
3317 5392 3493 5458 passio
3513 5366 3605 5447 der.

2018 5454 2133 5522 fuit,
2155 5458 2276 5514 ideo
2301 5463 2533 5531 passioni
2584 5466 2792 5524 animus
2822 5485 3148 5544 praeparatus
3175 5454 3366 5537 deesse
3409 5486 3604 5553 potuit.

2013 5548 2129 5604 Non
2162 5560 2243 5605 est
2272 5567 2480 5621 passus,
2504 5558 2599 5611 sed
2625 5562 2794 5627 potuit
2822 5566 2951 5633 pati.
3010 5548 3458 5640 Prmparationein
3487 5578 3605 5648 ejus

2014 5643 2154 5701 Deus
2178 5658 2417 5702 noverat.
2445 5650 2901 5716 Quemadmodum
2933 5669 3041 5717 tres
3069 5667 3219 5734 pueri
3254 5672 3425 5727 arsuri
3450 5676 3603 5731 missi

2074 5774 2093 5860 ξ
2115 5776 2554 5860 ἓὲξξιιςῄξίξὶ
2564 5794 2680 5860 εἷςῃο
2699 5781 2982 5860 informatus
2998 5791 3060 5840 de
3082 5795 3319 5860 exemplo.

2074 5837 2093 5865 ι
2115 5839 2233 5885 Editi
2252 5874 2265 5899 ,
2289 5846 2335 5888 et
2363 5840 2464 5891 Dei.
2492 5837 2657 5894 Melius
2674 5837 2898 5910 plerique
2922 5837 3329 5919 nianitscriptiiue-t
3355 5861 3470 5915 diei.

2663 5929 3240 6010 {Quarante—trois.
3256 5944 3283 6014 Ι
