4036 6468
307 380 441 452 133⁸1

326 532 554 589 :ontrarii
578 526 791 599 sumus,
817 526 874 588 ut
892 531 1104 604 quando
1133 524 1377 605 leguntur
1403 524 1701 601 credamus,
1724 547 1894 605 quan-

316 625 373 683 to
396 616 680 687 implentur
700 610 1132 681 iiihrmureinus?

373 692 599 774 DAi’UT
653 698 787 773 Vili.
833 748 904 759 -—
945 718 998 773 9.
1027 704 1401 772 Tribulationes
1430 709 1732 786 temporibus
1761 710 1895 769 citri-'-

304 785 497 879 stianis,
528 829 591 867 an
615 798 829 879 maioies
868 798 985 879 sint,
1032 820 1077 866 et
1104 828 1275 882 quare.
1301 800 1667 865 Thesaurizare
1690 809 1741 863 in
1770 802 1893 863 σὰ]Γό

300 902 550 975 iubemur,
583 900 680 957 non
709 900 762 957 in
792 914 944 958 terra.
977 892 1083 960 Sed
1123 896 1244 974 plus
1282 901 1544 973 intimum,
1572 902 1691 973 plus
1721 892 1893 955 vasta;

302 1000 388 1050 tnr
419 992 577 1051 modo
608 984 775 1067 genus
797 994 1109 1052 humanum.
1139 996 1357 1052 Interim
1399 992 1729 1051 considerata
1753 1004 1890 1065 prae-

304 1084 459 1143 terita
508 1082 749 1157 historia,
798 1088 940 1144 salva
985 1080 1298 1160 qdmstidhe,
1334 1078 1516 1144 nescio
1542 1086 1717 1142 utrum
1750 1086 1890 1157 plus.

299 1178 405 1233 Sed
450 1188 574 1235 ecce
619 1166 687 1235 sit
734 1166 851 1249 plus
883 1196 896 1234 :
926 1179 1086 1235 credo
1129 1180 1250 1249 quia
1296 1172 1435 1249 plus.
1481 1170 1735 1233 Dominus
1778 1175 1891 1247 ipse

299 1264 457 1324 solvit
482 1266 829 1341 quaestiunem
862 1289 875 1325 :
909 1270 1027 1341 plus
1055 1270 1213 1326 modo
1242 1264 1477 1326 vastatur
1500 1270 1745 1335 mundus,
1771 1270 1891 1339 plus

299 1368 557 1415 vastatur.
586 1356 721 1416 Audi
748 1354 914 1432 qua'rc
936 1361 1094 1418 modo
1124 1358 1242 1434 plus
1268 1370 1524 1426 vastatur,
1558 1376 1680 1416 cum
1711 1358 1889 1415 Evari-

296 1453 492 1521 geiium
538 1448 733 1525 ubique
777 1454 1114 1525 prmdicatur.
1154 1450 1399 1510 Attendis
1440 1446 1637 1527 quanta
1662 1451 1889 1509 celebri-

299 1554 406 1600 tate
441 1540 786 1617 Evang’elium
831 1537 1170 1616 pradicatur,
1202 1538 1257 1602 et
1284 1544 1389 1601 noh
1426 1542 1654 1601 attendis
1688 1544 1887 1629 quanta

294 1635 568 1706 impietate
615 1637 1024 1692 contemnatur?
1066 1638 1182 1693 iam
1208 1680 1223 1705 ,
1279 1636 1508 1705 fratres,
1560 1636 1888 1691 dimittamus

294 1718 574 1795 paululum
602 1723 842 1798 Paganos
882 1720 1028 1793 loris,
1055 1726 1267 1783 oculum
1295 1729 1360 1783 ad
1390 1741 1509 1784 nos.
1539 1710 1887 1799 Evangelinm

294 1816 616 1887 przedicatur
642 1824 753 1875 tdto
780 1816 977 1895 mundo
1008 1838 1020 1874 :
1052 1816 1234 1875 verum
1258 1829 1358 1876 est.
1388 1816 1683 1891 Antequam
1710 1820 1888 1875 Evan-

292 1910 492 1979 gelidm
525 1911 923 1981 prmdicarettir;
967 1910 1165 1967 latebat
1194 1902 1441 1967 vdluntas
1486 1912 1580 1967 Dei
1612 1929 1627 1965 :
1664 1908 1718 1966 in
1746 1918 1886 1981 pra:-

294 2000 564 2056 dicatione
595 1998 866 2073 Evangelii
919 2002 1085 2073 patuit
1128 2002 1371 2058 voluntas
1411 1992 1523 2057 Dei.
1567 1992 1773 2057 Dictum
1805 2010 1887 2058 est

291 2094 451 2148 nobis
482 2092 532 2149 in
565 2090 943 2164 prmdi'catione
982 2088 1250 2166 Evangelii
1294 2094 1422 2166 quid
1461 2100 1642 2151 amare
1684 2090 1882 2152 debea-

292 2183 437 2251 mus,
468 2182 593 2256 quid
620 2190 987 2254 contemnere,
1021 2188 1145 2259 quid
1176 2203 1354 2257 agerc,
1384 2187 1512 2258 quid
1540 2188 1724 2255 vitare,
1758 2187 1885 2259 ‘quld

291 2274 533 2346 sperare.
576 2272 763 2333 Omnia
813 2278 1108 2335 audivimus
1151 2299 1163 2334 :
1210 2295 1315 2335 non
1356 2281 1482 2335 latet
1518 2281 1761 2337 veluntas
1789 2280 1885 2337 D’ci

292 2383 390 2436 per
419 2372 585 2422 totum
616 2366 893 2424 mundum.
935 2371 1080 2426 Pene
1112 2382 1327 2426 servum
1372 2371 1628 2426 mundum
1669 2387 1682 2425 :
1728 2376 1885 2447 etat-

290 2460 453 2515 tende
490 2460 854 2532 Evangeiium.
889 2452 1024 2518 Audi
1063 2464 1271 2519 Domini
1312 2478 1515 2521 vocem.
1540 2462 1756 2521 Servus
1783 2465 1885 2522 iste

290 2553 526 2607 mundus
555 2562 653 2608 est.
685 2555 871 2609 Servus
897 2557 1119 2610 nesciens
1149 2558 1451 2612 voluntatem
1488 2558 1681 2612 domini
1706 2558 1803 2624 sui,
1835 2566 1883 2613 et

292 2644 490 2714 faciens
515 2645 668 2716 digna
694 2647 875 2717 plagis,
903 2648 1160 2718 vapulabit
1186 2663 1366 2718 pauca.
1398 2644 1597 2703 Servus
1632 2646 1879 2702 mundus.

288 2728 573 2804 Quomodo
602 2752 788 2793 servus
822 2740 1083 2795 mundus?
1126 2734 1257 2809 Quia
1295 2734 1513 2795 mundus
1544 2758 1632 2811 per
1654 2738 1769 2795 eum
1797 2744 1881 2811 {a-

283 2836 397 2883 ctus
437 2840 529 2896 est,
560 2840 607 2885 et
644 2832 860 2886 mundus
898 2850 1010 2887 eum
1046 2850 1145 2887 non
1181 2835 1411 2905 cognouit
1457 2832 1634 2904 (Joan.
1678 2848 1712 2901 ι,
1764 2834 1878 2905 10).

285 2920 482 2976 Servus
510 2924 731 2978 nesciens
765 2922 1071 2979 voluntatem
1111 2925 1302 2979 domini
1325 2926 1422 2979 sui.
1454 2925 1589 2980 Ecce
1615 2924 1740 2995 quid
1767 2935 1882 2980 erat

282 3021 413 3069 ante
444 3015 690 3069 mundus.
734 3016 885 3070 Nunc
927 3030 1055 3072 vero
1094 3016 1257 3086 quid?
1296 3017 1486 3072 Servus
1529 3026 1694 3071 autem
1722 3017 1882 3071 sciens

281 3105 592 3160 roluntatem
621 3109 810 3162 domini
836 3109 935 3173 sui,
966 3117 1011 3162 et
1032 3112 1220 3180 faciens
1240 3109 1393 3181 cﬁgua
1418 3110 1600 3180 plagis,
1624 3110 1882 3180 vapulabit

280 3199 446 3251 multa
479 3197 628 3271 (Luc.
683 3208 787 3268 xit,
828 3201 940 3271 47).
990 3200 1057 3255 Ει
1082 3202 1279 3255 utinam
1324 3204 1488 3257 multa
1514 3202 1747 3273 vapulet,
1772 3214 1878 3261 non

282 3290 455 3343 semel
477 3289 776 3345 damnetur.
796 3290 933 3358 Quid
958 3306 1173 3347 recusas
1189 3294 1439 3363 vapulare
1459 3293 1643 3361 multa,
1668 3309 1701 3348 o
1724 3307 1879 3350 serve

280 3381 462 3436 sciens
489 3383 808 3437 voluntatem
832 3383 1029 3438 domini
1060 3385 1153 3449 tui,
1185 3394 1236 3440 et
1264 3386 1462 3440 faciens
1490 3382 1646 3457 digna
1678 3387 1878 3458 plagis?

281 3472 489 3527 Dicitur
516 3474 606 3527 tibi
637 3474 782 3546 (ecce
811 3486 913 3528 una
940 3476 1183 3531 voluntas
1208 3474 1415 3530 Domini
1444 3478 1541 3546 tui)
1565 3495 1576 3529 :
1596 3476 1875 3531 Thesauri-

277 3572 394 3616 zate
409 3564 543 3617 vobis
562 3564 819 3618 thesauros
839 3567 891 3619 in
912 3566 1057 3630 cwlo,
1076 3566 1158 3620 ubi
1176 3583 1332 3636 neque
1350 3582 1542 3637 tcrugo,
1565 3584 1721 3637 neque
1735 3584 1875 3621 com-

277 3666 451 3709 estura
474 3660 793 3722 exterminat,
827 3659 910 3712 ubi
936 3662 1072 3730 [ures
1100 3656 1199 3713 non
1229 3656 1493 3727 effodiunt,
1526 3675 1614 3714 nec
1638 3662 1876 3730 furantur

278 3748 499 3818 (Matth.
532 3764 604 3814 vi,
635 3749 745 3819 20).
776 3749 857 3804 Tu
884 3750 934 3803 in
966 3760 1104 3805 terra
1134 3750 1459 3806 thesaurizas
1489 3768 1502 3803 :
1536 3752 1626 3807 ille
1654 3752 1707 3807 in
1735 3755 1875 3809 caelo

270 3841 451 3908 jubet,
484 3840 666 3895 dicens
689 3843 801 3907 tibi,
848 3841 971 3896 Mihi
996 3842 1082 3910 da,
1113 3842 1183 3897 ibi
1208 3843 1398 3899 habeto
1423 3844 1751 3913 thesaurum,
1784 3846 1873 3902 ubi

274 3947 379 4001 ego
410 3949 526 3986 sum
568 3943 764 3989 custos.
797 3935 939 3990 Mitte
967 3944 1089 3991 ante
1121 3946 1170 3990 te
1204 3937 1362 4007 :quid
1396 3952 1577 3992 servas
1604 3937 1658 3991 in
1692 3938 1872 3993 terra?

275 4024 434 4092 Quod
466 4027 696 4082 custodit
718 4027 977 4095 Christus,
1002 4045 1105 4083 non
1140 4029 1275 4083 tollit
1302 4029 1526 4085 Gothus.
1551 4030 1629 4085 Tu
1658 4036 1867 4096 contra;

275 4116 596 4183 prudentior
632 4118 832 4172 scilicet
861 4127 912 4173 et
952 4119 1242 4188 sapientior
1278 4120 1505 4175 Demino
1544 4130 1653 4187 tuo,
1684 4120 1872 4176 condis

275 4207 334 4262 in
368 4219 532 4263 terra.
556 4209 659 4264 Sed
688 4212 984 4281 cognovisti
1008 4213 1332 4268 voluntatem
1359 4213 1567 4269 Domini
1598 4214 1673 4269 tui
1700 4231 1712 4267 :
1746 4229 1868 4269 sur-

270 4315 399 4355 sum
435 4301 664 4357 condere
697 4304 880 4358 voluit.
912 4304 974 4358 Et
1010 4313 1064 4358 tu
1094 4322 1106 4358 :
1136 4306 1247 4375 Ego
1274 4306 1324 4359 in
1368 4314 1506 4361 terra
1533 4308 1725 4362 condo.
1767 4309 1869 4364 Pa-

269 4400 426 4448 ratus
452 4410 580 4465 ergo
600 4406 716 4452 esto
750 4398 1003 4467 vapulare
1031 4398 1213 4452 multa.
1244 4399 1381 4453 Ecce
1412 4401 1515 4455 scis
1542 4402 1868 4458 voluntatem

270 4484 491 4540 Domini
537 4488 611 4542 tui
656 4489 880 4544 volentis
913 4498 965 4545 te
1009 4504 1224 4546 servare
1253 4491 1305 4545 in
1330 4492 1491 4560 coelo,
1524 4501 1577 4547 et
1605 4502 1659 4547 tu
1686 4509 1867 4551 servas

270 4577 329 4632 in
364 4587 503 4633 terra
537 4595 550 4631 :
586 4580 714 4635 facis
741 4581 896 4651 digna
924 4582 1109 4653 plagis.
1140 4583 1207 4637 Et
1240 4583 1453 4654 quando
1489 4584 1726 4655 vapulas,
1755 4586 1867 4655 hia:-

267 4672 555 4741 ephemas.
603 4672 968 4744 Blasphemas,
1014 4690 1349 4742 murmuras;
1400 4676 1533 4731 dicis
1580 4677 1719 4748 quod
1772 4679 1864 4733 tibi

269 4763 405 4817 facit
450 4764 709 4821 Dominus
749 4774 888 4831 tuus,
919 4768 1033 4822 ﬁeri
1083 4782 1189 4822 non
1230 4768 1432 4824 debuit.
1464 4769 1617 4837 Quod
1647 4768 1779 4826 facis
1806 4778 1863 4825 tit

271 4873 465 4912 servus
495 4861 685 4926 malus,
712 4861 812 4916 hoc
840 4861 955 4916 fieri
984 4861 1200 4916 debuit?

345 4950 571 5005 CAPUT
624 4950 715 5007 ιχ.
745 4952 921 5008 -10,
968 4953 1154 5007 Contra
1199 4952 1363 5019 Deum
1412 4955 1465 5007 in
1501 4955 1723 5010 adversis
1764 4974 1865 5012 non

271 5043 717 5099 murmurantium.
743 5043 770 5097 1
780 5045 1028 5115 mpiorum
1057 5044 1271 5115 felicitas
1292 5061 1477 5116 magna
1499 5046 1576 5099 ira
1606 5045 1721 5102 Dei.
1745 5047 1865 5103 Sal-

271 5140 382 5189 tem
415 5134 563 5189 illum
593 5136 766 5190 locum
791 5142 933 5202 tene,
962 5136 1070 5191 noli
1096 5152 1451 5202 murmurare,
1480 5137 1591 5192 noli
1618 5137 1865 5209 blasphe-

262 5242 441 5282 marc.
475 5227 652 5282 Lauda
682 5230 849 5299 magis
878 5229 1161 5285 Dominum
1184 5238 1352 5298 tuum,
1380 5231 1502 5301 quia
1529 5232 1751 5303 corripit
1781 5242 1861 5291 te:

260 5316 427 5372 lauda
457 5320 577 5388 quia
606 5319 856 5375 emendat
885 5328 956 5387 te,
995 5328 1054 5374 ut
1096 5321 1402 5377 consoletur
1439 5331 1508 5376 te.
1544 5323 1704 5389 Quem
1731 5325 1863 5379 enim

259 5409 438 5480 diligit
485 5409 637 5478 Deus,
682 5411 927 5482 corripit;
972 5413 1199 5482 ﬂagellat
1235 5422 1399 5467 autem
1446 5431 1639 5470 omnem
1677 5417 1860 5486 ﬁlium,

256 5518 416 5573 quem
454 5504 631 5574 recipit
682 5503 865 5576 (Hebr.
896 5521 991 5571 xu,
1026 5503 1103 5577 6).
1132 5504 1211 5561 Tu
1237 5506 1494 5563 delicatus
1523 5509 1662 5565 illius
1691 5510 1863 5567 domi-

258 5592 441 5658 niciis,
473 5604 527 5650 et
552 5596 713 5666 recipi
744 5597 846 5661 vis,
874 5605 929 5652 et
954 5597 1211 5668 ﬂagellari
1236 5616 1344 5655 non
1372 5602 1450 5657 vis
1480 5620 1493 5657 :
1520 5610 1578 5657 ut
1620 5612 1672 5659 tu
1703 5604 1859 5676 ﬂuas,

249 5680 365 5735 ille
394 5687 698 5742 mentiatur.
752 5688 945 5743 Debuit
990 5704 1118 5760 ergo
1161 5692 1538 5762 Apostolorum
1585 5696 1859 5756 Memoria.

251 5787 365 5843 per
391 5792 547 5844 quam
578 5781 668 5835 tibi
692 5790 1018 5851 prmparatur
1039 5783 1252 5852 caelum,
1281 5802 1496 5845 servare
1525 5791 1615 5847 tibi
1640 5794 1690 5848 in
1722 5802 1860 5848 terra

250 5863 482 5923 theatra
511 5870 852 5929 insanorum?
885 5874 1048 5931 Plane
1087 5892 1271 5933 verum
1301 5888 1384 5936 est
1418 5898 1427 5929 :
1461 5883 1577 5929 Mm
1620 5897 1858 5941 mortuus

1667 381 1901 449 8ΕῆΜο
1936 382 2203 450 DCXCVI.

3452 406 3591 467 i358

2006 514 2089 569 eSt
2113 512 2318 579 Petrus,
2341 520 2397 569 et
2414 512 2599 570 Roma:
2626 512 2849 585 positus,
2866 525 2925 573 ut
2940 513 3142 590 lapides
3163 520 3230 578 de
3247 521 3457 581 theatro
3480 542 3590 586 non

2001 604 2286 660 caderent?
2308 605 2521 662 Excutit
2538 607 2678 663 Deus
2695 608 2913 665 delicias
2942 625 3227 681 puerorum
3255 615 3322 671 de
3342 619 3588 677 manibus

2000 694 2531 767 indisciplinatorum.
2557 699 2790 768 Fratres,
2817 711 3032 772 peccata
3052 704 3353 763 minuamus
3367 717 3422 764 et
3442 726 3589 767 mur-

1999 804 2177 871 mura.
2192 789 2389 871 .llostes
2410 792 2577 848 simus
2596 793 2959 865 iniquitatibus
2980 798 3195 865 nostris,
3217 804 3473 857 murmuri
3489 819 3588 861 no-

2001 862 2353 938 stroTiiobis
2376 884 2684 952 irascamur,
2714 903 2819 943 non
2858 888 2985 945 Deo.
3014 888 3324 960 Irascimini,
3358 910 3584 963 prorsus

1999 971 2294 1029 irascimini
2320 991 2332 1028 :
2357 975 2452 1030 sed
2477 976 2544 1033 ad
2570 993 2701 1047 quos
2725 980 2885 1035 usus?
2906 979 2972 1035 Et
2999 981 3151 1036 nolite
3177 999 3381 1052 peccare
3406 984 3584 1055 (Psal.

1998 1080 2074 1132 iv;
2104 1067 2179 1139 5).
2209 1066 2290 1122 Ad
2320 1066 2422 1123 hoc
2447 1070 2754 1137 irascimini,
2785 1089 2853 1129 ne
2882 1074 3134 1143 peccetis.
3164 1075 3374 1133 Etenim
3412 1082 3588 1138 omnis

1998 1157 2178 1225 homo,
2206 1164 2363 1230 quem
2392 1162 2634 1231 pmnitet,
2661 1165 2763 1219 sibi
2787 1166 3033 1222 irascitur
3060 1184 3073 1219 :
3101 1170 3427 1238 poenitentia:
3452 1173 3586 1229 iram

1996 1260 2212 1307 exercet
2231 1253 2283 1307 in
2305 1269 2383 1309 se.
2404 1254 2495 1309 Vis
2515 1266 2642 1327 ergo
2665 1267 2718 1311 ut
2742 1258 2835 1313 tibi
2860 1269 3042 1329 parcat
3064 1260 3241 1317 Deus?
3262 1242 3338 1318 Tu
3362 1265 3455 1320 tibi
3477 1267 3587 1321 noli

1994 1357 2235 1412 parcere.
2263 1345 2398 1415 Quia
2440 1347 2485 1402 si
2531 1354 2587 1402 tu
2633 1349 2724 1404 tibi
2761 1350 2951 1420 parcis,
2985 1352 3075 1408 ille
3104 1354 3197 1410 tibi
3226 1370 3334 1413 non
3362 1368 3541 1427 parcet
3569 1376 3583 1413 :

1994 1434 2115 1504 quia
2150 1436 2199 1491 si
2238 1445 2294 1493 et
2319 1438 2409 1494 ille
2450 1438 2542 1494 tibi
2570 1450 2772 1511 parcat,
2813 1442 2973 1511 peris.
3004 1444 3082 1500 Ne
3107 1447 3212 1502 scis
3244 1448 3385 1518 quod
3408 1459 3583 1519 optas,

1994 1528 2183 1595 miser;
2209 1532 2369 1600 peris.
2391 1532 2541 1589 Sicut
2559 1535 2700 1589 enim
2719 1535 2973 1605 scriptum
2990 1547 3091 1605 est,
3112 1538 3369 1611 Flagellat
3386 1559 3587 1599 omnem

1993 1619 2173 1688 ﬁlium,
2223 1640 2371 1692 quem
2426 1626 2608 1696 recipit
2655 1642 2674 1680 :
2727 1627 2805 1683 sic
2847 1628 3008 1683 etiam
3041 1630 3171 1686 illud
3217 1632 3364 1701 time,
3392 1633 3584 1690 Irrita-

1991 1713 2060 1766 vit
2098 1712 2375 1772 Dominum
2422 1728 2673 1789 peccator.
2724 1719 2878 1776 Unde
2932 1721 3080 1777 scis?
3127 1725 3279 1793 quasi
3318 1726 3587 1785 diceretur

1992 1804 2089 1871 illi,
2124 1806 2271 1864 Unde
2292 1810 2397 1864 scis
2420 1810 2542 1881 quia
2568 1811 2793 1866 irritavit
2825 1812 3106 1869 Dominum
3136 1818 3415 1886 peccator?
3441 1818 3587 1876 Vidit

1992 1897 2199 1955 felicem
2237 1911 2588 1971 peccatorem,
2616 1902 2851 1973 quotidie
2877 1904 3015 1958 mala
3042 1904 3342 1975 facientem,
3373 1917 3427 1965 et
3450 1909 3586 1967 nihil

1990 1992 2114 2047 mali
2140 1994 2451 2063 patientem,
2484 2004 2539 2049 et
2566 1994 2617 2049 in
2649 1995 2858 2065 Spiritu
2886 1999 3107 2052 sancto‘
3151 1997 3379 2071 horruit,
3408 2009 3463 2055 et
3488 2000 3587 2056 do-

1992 2082 2108 2151 luit,
2159 2092 2213 2139 ει
2256 2084 2421 2151 dixit,
2455 2083 2681 2139 Irritavit
2729 2085 3009 2141 Dominum
3052 2099 3304 2161 peccator.
3330 2091 3587 2148 Peccator

1990 2172 2211 2254 iste‘qui
2247 2175 2372 2230 facit
2398 2183 2545 2231 tanta
2580 2176 2739 2245 mala,
2772 2186 2825 2232 et
2850 2179 2983 2251 nihil
3012 2180 3135 2234 mali
3162 2182 3377 2252 patitur,
3408 2182 3585 2239 irrita-

1991 2266 2064 2320 vit
2104 2267 2409 2321 Dominum.
2442 2268 2703 2339 Provocat
2735 2270 3017 2326 Dominum
3053 2289 3192 2345 :gpro
3237 2276 3585 2345 magnitudine

1994 2358 2085 2413 ira:
2108 2374 2213 2412 sua:
2232 2376 2333 2413 non
2359 2361 2580 2429 exquiret
2607 2360 2627 2432 (
2642 2360 2788 2415 Psal.
2822 2378 2894 2427 ix,
2924 2360 3002 2433 4).
3031 2361 3154 2419 Ideo
3180 2379 3285 2419 non
3313 2356 3579 2436 exquiret,

1990 2450 2109 2519 quia
2134 2452 2356 2505 multum
2380 2451 2643 2525 irascitur.
2683 2452 2780 2520 Qui
2814 2454 2951 2509 tollit
2976 2456 3395 2525 correptionem,
3428 2468 3581 2529 parat

1988 2542 2406 2601 damnationem.
2441 2545 2561 2600 Non
2589 2547 2810 2618 exquiret
2841 2563 2861 2603 :
2890 2562 3014 2623 nam
3044 2549 3087 2603 si
3124 2550 3455 2621 exquireret,
3483 2552 3580 2609 ila-

1986 2636 2235 2705 gellaret;
2268 2645 2321 2693 et
2344 2637 2569 2711 fortasse
2606 2638 2936 2694 emendaret.
2966 2639 3122 2695 Modo
3146 2650 3322 2697 autem
3348 2644 3579 2701 multum

1988 2729 2232 2785 irascitur
2272 2749 2284 2784 :
2334 2731 2576 2805 felicibus
2620 2731 2816 2803 iniquis
2864 2734 3087 2788 multum
3135 2735 3401 2808 irascitur,
3453 2755 3578 2795 cum

1987 2836 2091 2875 non
2122 2821 2468 2892 ﬂagellantur.
2500 2823 2676 2879 Nolite
2711 2825 2886 2879 zelare
2913 2826 3053 2891 illos,
3099 2828 3262 2884 nolite
3294 2831 3430 2886 velle
3455 2836 3579 2889 esse

1986 2914 2123 2967 sicut
2148 2914 2221 2968 illi
2255 2902 2537 2971 infeliciter
2567 2916 2775 2972 felices.
2812 2912 3000 2974 Melius
3034 2926 3116 2974 est
3144 2920 3210 2976 ad
3250 2929 3458 2994 tempus
3481 2924 3580 2982 lla-

1984 3005 2189 3074 gellari,
2225 3000 2383 3074 quam
2410 3006 2462 3061 in
2492 2998 2750 3063 aeternum
2778 3004 3037 3065 damnari.

2055 3084 2282 3152 CAPUT
2320 3092 2387 3151 Χ.
2415 3100 2598 3154 -11,
2643 3099 2799 3155 Amor
2836 3101 2888 3155 in
2920 3100 3083 3156 Deum
3123 3113 3227 3158 tum
3255 3104 3499 3185 apparet,
3529 3109 3578 3165 si

1984 3192 2222 3243 amantur
2251 3190 2396 3244 Iaera
2427 3190 2542 3246 Dei.
2567 3193 2709 3264 Ergo
2732 3195 3125 3251 commendavit
3143 3198 3294 3253 nobis
3320 3199 3577 3258 Dominus

1983 3286 2111 3339 oves
2130 3282 2275 3352 suas,
2303 3285 2424 3356 quia
2451 3285 2612 3342 Petro
2634 3288 3030 3346 commendavit
3055 3307 3068 3344 :
3098 3292 3142 3345 si
3175 3301 3349 3348 tamen
3385 3308 3451 3349 ex
3473 3295 3545 3351 ali
3571 3325 3579 3335 ι

1983 3372 2083 3443 qua
2112 3380 2263 3444 parte
2285 3378 2368 3431 v‘el
2389 3386 2626 3433 extrema
2647 3379 2792 3449 digni
2820 3392 3003 3436 sumus
3027 3383 3299 3452 pulverem
3322 3388 3577 3459 vestigio-

1981 3480 2097 3520 rum
2120 3467 2263 3523 Petri
2285 3468 2524 3536 calcare;
2547 3460 2941 3528 commendavit
2961 3474 3112 3528 nobis
3134 3486 3260 3530 oves
3290 3477 3569 3535 Dominus.

1981 3558 2118 3615 Oves
2164 3552 2330 3632 ipsius
2358 3562 2486 3617 ‘estis
2509 3603 2524 3628 ,
2574 3564 2845 3619 vobiscum
2872 3568 3000 3621 oves
3028 3574 3210 3622 sumtis
3234 3608 3248 3635 ,
3279 3570 3399 3639 quia
3425 3569 3574 3625 chri-

1981 3640 2137 3706 stiani
2187 3660 2391 3709 Sumus.
2423 3653 2539 3709 iam
2569 3655 2831 3721 diximus;
2877 3658 3143 3726 pascimus
3183 3666 3237 3713 et
3280 3656 3570 3728 pascimur.

1980 3744 2168 3798 Amate
2192 3744 2378 3810 Deum,
2398 3754 2457 3799 ut
2480 3752 2623 3801 amet
2642 3750 2737 3801 vos
2755 3747 2912 3802 Deus.
2936 3748 3002 3802 Et
3024 3762 3128 3803 non
3147 3744 3371 3819 potestis
3393 3758 3573 3808 osten-

1978 3826 2106 3891 dere
2135 3836 2388 3907 Quantum
2419 3839 2608 3895 ametis
2637 3840 2825 3905 Deum,
2854 3840 2951 3895 nisi
2981 3851 3232 3911 quantum
3260 3847 3571 3915 apparueri~

1979 3926 2046 3982 tis
2076 3936 2256 3983 amare
2294 3928 2439 3984 lucra
2462 3930 2575 3985 Dei.
2608 3930 2744 3998 Quid
2772 3931 2935 3987 habes
2964 3942 3221 4003 praaStare
3242 3928 3372 4004 Deo,
3408 3936 3570 3994 homo

1976 4012 2229 4076 cordate?
2269 4021 2393 4092 quid
2433 4030 2654 4092 prrcstas
2687 4024 2829 4079 Deo?
2857 4024 2992 4092 Quid
3032 4028 3315 4095 prteStabat
3343 4028 3569 4086 Petrus?

1976 4112 2166 4170 Tutum
2196 4115 2297 4171 hoc
2328 4133 2342 4170 :
2376 4114 2538 4170 Pasce
2565 4130 2676 4171 oves
2725 4132 2860 4171 meas
2891 4116 2910 4190 (
2928 4117 3082 4172 Joan.
3131 4134 3240 4187 χχι,
3276 4121 3341 4176 17
3360 4121 3399 4193 ).
3428 4122 3568 4191 Quid

1975 4218 2197 4278 praestas
2227 4208 2353 4273 Deo,
2381 4217 2437 4263 ut
2461 4210 2528 4263 sit
2556 4209 2746 4279 major,
2778 4219 2836 4265 ut
2861 4210 2929 4264 sit
2956 4211 3169 4280 melior,
3206 4223 3262 4268 ut
3286 4213 3355 4269 sit
3382 4214 3563 4285 ditior,

1976 4309 2029 4353 ut
2050 4301 2118 4354 sit
2147 4301 2495 4355 honoratior?
2530 4300 2937 4373 Qualiscumque
2966 4310 3021 4358 tu
3050 4310 3178 4372 eris,
3211 4305 3300 4361 ille
3327 4307 3426 4363 hoc
3466 4310 3569 4365 erit

1973 4391 2113 4460 quod
2151 4397 2286 4447 erat.
2335 4391 2476 4463 Ergo
2514 4393 2728 4449 attende
2754 4390 2905 4464 juxta
2936 4404 3008 4461 te,
3040 4410 3106 4452 ne
3146 4398 3282 4454 forte
3325 4400 3566 4469 proximo

1974 4478 2229 4555 praestare
2269 4478 2496 4551 debeas,
2526 4485 2669 4556 quod
2697 4490 2971 4557 perveniat
3009 4490 3076 4544 ad
3115 4488 3300 4545 Deum.
3347 4490 3565 4557 Quando

1972 4578 2059 4630 uni
2084 4594 2146 4631 ex
2181 4577 2400 4631 minimis
2438 4579 2559 4632 meis
2586 4580 2794 4651 fecistis,
2819 4582 2943 4635 mihi
2971 4583 3156 4652 fecistis
3190 4583 3402 4653 (Matth.
3432 4598 3561 4654 xxv,

1975 4662 2097 4739 40).
2128 4668 2183 4724 Si
2214 4666 2342 4740 ergo
2364 4670 2615 4725 esurienti
2636 4670 2840 4741 iuberis
2861 4688 3050 4743 panem
3078 4672 3341 4745 frangere,
3366 4684 3420 4731 tu
3443 4680 3563 4747 pul-

1973 4761 2109 4815 santi
2141 4759 2305 4817 debes
2331 4762 2611 4817 ecclesiam
2642 4764 2934 4821 claudere?

2042 4852 2272 4909 CAPUT
2311 4854 2401 4910 XI;
2430 4885 2501 4895 ——-
2529 4855 2616 4911 i2.
2650 4856 2735 4910 Ea;
2767 4858 2945 4913 lucresi
2978 4859 3131 4912 etiam
3165 4860 3276 4928 post
3305 4865 3561 4934 rctapsum

1971 4944 2251 5012 redeuntes,
2284 4945 2492 5017 benigne
2528 4949 2819 5019 recipiendi.
2862 4949 3037 5016 Quare
3062 4950 3165 5007 hoc
3189 4952 3331 5007 dixi?
3352 4954 3562 5011 Contri-

1970 5036 2135 5088 stavit
2172 5040 2271 5089 n‘os
2306 5039 2445 5107 quod
2482 5039 2805 5105 audivimus,
2836 5042 3077 5110 quamvis
3114 5048 3408 5114 prmsentes
3452 5065 3559 5104 non

1970 5124 2249 5196 fuerimus,
2280 5131 2420 5200 quod
2448 5130 2660 5202 quidam
2690 5148 2756 5187 ex
2785 5133 3073 5191 Donatistis
3108 5139 3330 5195 veniens
3357 5142 3422 5196 ad
3451 5139 3560 5197 Ec-

1972 5219 2224 5287 clesiam,
2284 5233 2554 5292 peccatum
2609 5226 3037 5296 rebaptizationis
3082 5232 3379 5301 conﬁtens,
3435 5252 3557 5291 cum

1970 5310 2039 5366 ad
2067 5313 2432 5383 paenitentiam
2477 5315 2543 5369 ab
2572 5316 2823 5387 episcopo
2848 5319 3251 5391 exhortaretur,
3298 5325 3559 5381 reclama-

1974 5417 2081 5461 tum
2107 5417 2191 5463 est
2218 5422 2245 5462 a
2284 5407 2597 5479 quibusdam
2636 5409 2920 5479 fratribus,
2950 5424 3005 5470 et
3027 5417 3269 5486 repulsus
3299 5428 3400 5474 est.
3430 5420 3557 5476 Dico

1972 5498 2227 5556 Charitati
2258 5510 2466 5566 vestrm,
2494 5511 2630 5558 torta
2657 5514 2801 5571 sunt,
2832 5512 2967 5562 torta
2997 5520 3206 5565 suntex
3236 5510 3337 5566 hoc
3352 5513 3557 5570 viscera

1970 5601 2174 5649 nostra.
2197 5594 2451 5649 Fatemur
2478 5594 2645 5662 vobis,
2678 5610 2783 5652 non
2811 5600 2963 5656 nobis
2991 5601 3164 5671 placet
3190 5604 3307 5659 talis
3333 5603 3559 5677 diligen-

1972 5688 2062 5741 tia.
2096 5685 2218 5741 Scio
2246 5687 2367 5756 quia
2399 5687 2515 5741 zelo
2546 5689 2640 5744 Dei
2686 5690 2926 5748 fecerunt
2953 5692 3005 5750 et
3043 5696 3311 5751 Ecclesiae.
3353 5699 3556 5756 Putatis

1971 5780 2092 5849 quia
2123 5778 2252 5832 nihil
2284 5781 2475 5833 factum
2498 5790 2599 5847 est,
2629 5785 2750 5853 quia
2782 5784 2881 5839 hoc
2908 5786 2973 5841 ad
3006 5804 3191 5844 omnes
3217 5792 3426 5847 sonuit?
3451 5792 3555 5847 lto-

2037 5893 2047 5921 ι
2078 5897 2232 5953 rex-te,
2256 5898 2299 5943 et
2323 5891 2371 5943 in
2394 5893 2563 5957 spiritu
2586 5910 2686 5947 suo.
