  <div class='ocr_page' id='page_1' title='image "/cluster/home/n/w/nwhite01/storage/ocr_20150623/38/hvd.32044015706294/685.png"; bbox 0 0 4036 6446; ppageno 0'>
   <div class='ocr_carea' id='block_1_1' title="bbox 1051 323 1062 352">
    <p class='ocr_par' dir='ltr' id='par_1_1' title="bbox 1051 323 1062 352">
     <span class='ocr_line' id='line_1_1' title="bbox 1051 323 1062 352; baseline 0 0"><span class='ocrx_word' id='word_1_1' title='bbox 1051 323 1062 352; x_wconf 81' lang='lat'><strong><em>\</em></strong></span> 
     </span>
    </p>
   </div>
   <div class='ocr_carea' id='block_1_2' title="bbox 483 369 622 436">
    <p class='ocr_par' dir='ltr' id='par_1_2' title="bbox 483 369 622 436">
     <span class='ocr_line' id='line_1_2' title="bbox 483 369 622 436; baseline 0.007 -2"><span class='ocrx_word' id='word_1_2' title='bbox 483 369 622 436; x_wconf 68' lang='lat'><strong>1359</strong></span> 
     </span>
    </p>
   </div>
   <div class='ocr_carea' id='block_1_3' title="bbox 482 480 2070 566">
    <p class='ocr_par' dir='ltr' id='par_1_3' title="bbox 482 480 2070 566">
     <span class='ocr_line' id='line_1_3' title="bbox 482 480 2070 566; baseline -0.008 -17"><span class='ocrx_word' id='word_1_3' title='bbox 482 509 552 566; x_wconf 88' lang='lat' dir='ltr'><strong>go</strong></span> <span class='ocrx_word' id='word_1_4' title='bbox 579 507 707 558; x_wconf 90' lang='lat' dir='ltr'><strong>vos,</strong></span> <span class='ocrx_word' id='word_1_5' title='bbox 742 491 859 545; x_wconf 93' lang='lat' dir='ltr'><strong>ideo</strong></span> <span class='ocrx_word' id='word_1_6' title='bbox 888 486 1127 544; x_wconf 88' lang='lat' dir='ltr'><strong>sonuerit</strong></span> <span class='ocrx_word' id='word_1_7' title='bbox 1169 484 1324 542; x_wconf 85' lang='lat' dir='ltr'><strong>hodie</strong></span> <span class='ocrx_word' id='word_1_8' title='bbox 1355 498 1458 540; x_wconf 81' lang='lat' dir='ltr'><strong>vox</strong></span> <span class='ocrx_word' id='word_1_9' title='bbox 1488 483 1620 548; x_wconf 89' lang='lat' dir='ltr'><strong>ista,</strong></span> <span class='ocrx_word' id='word_1_10' title='bbox 1657 490 1716 538; x_wconf 90' lang='lat' dir='ltr'><strong>ut</strong></span> <span class='ocrx_word' id='word_1_11' title='bbox 1757 481 1884 537; x_wconf 91' lang='lat' dir='ltr'><strong>illud</strong></span> <span class='ocrx_word' id='word_1_12' title='bbox 1927 480 2070 552; x_wconf 89' lang='lat' dir='ltr'><strong>quod</strong></span> 
     </span>
    </p>
   </div>
   <div class='ocr_carea' id='block_1_4' title="bbox 481 577 2068 654">
    <p class='ocr_par' dir='ltr' id='par_1_4' title="bbox 481 577 2068 654">
     <span class='ocr_line' id='line_1_4' title="bbox 481 577 2068 654; baseline -0.006 -13"><span class='ocrx_word' id='word_1_13' title='bbox 481 587 624 641; x_wconf 89' lang='lat' dir='ltr'><strong>male</strong></span> <span class='ocrx_word' id='word_1_14' title='bbox 665 584 872 654; x_wconf 80' lang='lat' dir='ltr'><strong>sonuit,</strong></span> <span class='ocrx_word' id='word_1_15' title='bbox 913 582 1103 638; x_wconf 77' lang='lat' dir='ltr'><strong>obruat</strong></span> <span class='ocrx_word' id='word_1_16' title='bbox 1128 596 1190 637; x_wconf 90' lang='lat' dir='ltr'><strong>ea</strong></span> <span class='ocrx_word' id='word_1_17' title='bbox 1231 595 1320 635; x_wconf 91' lang='lat' dir='ltr'><strong>res</strong></span> <span class='ocrx_word' id='word_1_18' title='bbox 1347 595 1466 651; x_wconf 81' lang='lat' dir='ltr'><strong>quae</strong></span> <span class='ocrx_word' id='word_1_19' title='bbox 1505 578 1640 634; x_wconf 88' lang='lat' dir='ltr'><strong>bene</strong></span> <span class='ocrx_word' id='word_1_20' title='bbox 1680 577 1875 633; x_wconf 82' lang='lat' dir='ltr'><strong>sonuit.</strong></span> <span class='ocrx_word' id='word_1_21' title='bbox 1920 577 2068 632; x_wconf 83' lang='lat' dir='ltr'><strong>Hanc</strong></span> 
     </span>
    </p>
   </div>
   <div class='ocr_carea' id='block_1_5' title="bbox 479 669 2068 748">
    <p class='ocr_par' dir='ltr' id='par_1_5' title="bbox 479 669 2068 748">
     <span class='ocr_line' id='line_1_5' title="bbox 479 669 2068 748; baseline -0.005 -16"><span class='ocrx_word' id='word_1_22' title='bbox 479 692 696 748; x_wconf 83' lang='lat' dir='ltr'><strong>cperam</strong></span> <span class='ocrx_word' id='word_1_23' title='bbox 721 676 862 741; x_wconf 86' lang='lat' dir='ltr'><strong>date,</strong></span> <span class='ocrx_word' id='word_1_24' title='bbox 888 675 988 731; x_wconf 92' lang='lat' dir='ltr'><strong>hoc</strong></span> <span class='ocrx_word' id='word_1_25' title='bbox 1014 683 1188 742; x_wconf 90' lang='lat' dir='ltr'><strong>sonet,</strong></span> <span class='ocrx_word' id='word_1_26' title='bbox 1218 673 1318 728; x_wconf 90' lang='lat' dir='ltr'><strong>hoc</strong></span> <span class='ocrx_word' id='word_1_27' title='bbox 1347 671 1717 743; x_wconf 76' lang='lat' dir='ltr'><strong>prcedicemus,</strong></span> <span class='ocrx_word' id='word_1_28' title='bbox 1746 671 1847 726; x_wconf 93' lang='lat' dir='ltr'><strong>hoc</strong></span> <span class='ocrx_word' id='word_1_29' title='bbox 1873 669 2068 741; x_wconf 61' lang='lat' dir='ltr'><strong>praedi-</strong></span> 
     </span>
    </p>
   </div>
   <div class='ocr_carea' id='block_1_6' title="bbox 478 764 2063 835">
    <p class='ocr_par' dir='ltr' id='par_1_6' title="bbox 478 764 2063 835">
     <span class='ocr_line' id='line_1_6' title="bbox 478 764 2063 835; baseline -0.003 -10"><span class='ocrx_word' id='word_1_30' title='bbox 478 783 680 826; x_wconf 86' lang='lat' dir='ltr'><strong>camus.</strong></span> <span class='ocrx_word' id='word_1_31' title='bbox 711 767 958 833; x_wconf 86' lang='lat' dir='ltr'><strong>Veniant,</strong></span> <span class='ocrx_word' id='word_1_32' title='bbox 1006 767 1351 822; x_wconf 89' lang='lat' dir='ltr'><strong>admittantur</strong></span> <span class='ocrx_word' id='word_1_33' title='bbox 1392 780 1542 820; x_wconf 87' lang='lat' dir='ltr'><strong>more</strong></span> <span class='ocrx_word' id='word_1_34' title='bbox 1583 765 1771 832; x_wconf 88' lang='lat' dir='ltr'><strong>solito,</strong></span> <span class='ocrx_word' id='word_1_35' title='bbox 1807 764 1895 835; x_wconf 89' lang='lat' dir='ltr'><strong>qui</strong></span> <span class='ocrx_word' id='word_1_36' title='bbox 1924 780 2063 820; x_wconf 91' lang='lat' dir='ltr'><strong>nun-</strong></span> 
     </span>
    </p>
   </div>
   <div class='ocr_carea' id='block_1_7' title="bbox 478 857 2064 933">
    <p class='ocr_par' dir='ltr' id='par_1_7' title="bbox 478 857 2064 933">
     <span class='ocr_line' id='line_1_7' title="bbox 478 857 2064 933; baseline -0.002 -17"><span class='ocrx_word' id='word_1_37' title='bbox 478 878 635 933; x_wconf 91' lang='lat' dir='ltr'><strong>quam</strong></span> <span class='ocrx_word' id='word_1_38' title='bbox 663 863 837 918; x_wconf 89' lang='lat' dir='ltr'><strong>adhuc</strong></span> <span class='ocrx_word' id='word_1_39' title='bbox 859 861 1106 917; x_wconf 91' lang='lat' dir='ltr'><strong>catholici</strong></span> <span class='ocrx_word' id='word_1_40' title='bbox 1127 860 1358 916; x_wconf 89' lang='lat' dir='ltr'><strong>fuerunt.</strong></span> <span class='ocrx_word' id='word_1_41' title='bbox 1389 858 1446 916; x_wconf 90' lang='lat' dir='ltr'><strong>Si</strong></span> <span class='ocrx_word' id='word_1_42' title='bbox 1468 869 1643 916; x_wconf 90' lang='lat' dir='ltr'><strong>autem</strong></span> <span class='ocrx_word' id='word_1_43' title='bbox 1675 858 1785 930; x_wconf 86' lang='lat' dir='ltr'><strong>jam</strong></span> <span class='ocrx_word' id='word_1_44' title='bbox 1815 857 2064 913; x_wconf 82' lang='lat' dir='ltr'><strong>catholici</strong></span> 
     </span>
    </p>
   </div>
   <div class='ocr_carea' id='block_1_8' title="bbox 479 951 2066 1022">
    <p class='ocr_par' dir='ltr' id='par_1_8' title="bbox 479 951 2066 1022">
     <span class='ocr_line' id='line_1_8' title="bbox 479 951 2066 1022; baseline -0.002 -14"><span class='ocrx_word' id='word_1_45' title='bbox 479 955 728 1022; x_wconf 87' lang='lat' dir='ltr'><strong>fuerunt,</strong></span> <span class='ocrx_word' id='word_1_46' title='bbox 760 963 815 1010; x_wconf 91' lang='lat' dir='ltr'><strong>et</strong></span> <span class='ocrx_word' id='word_1_47' title='bbox 854 956 1051 1010; x_wconf 87' lang='lat' dir='ltr'><strong>inventi</strong></span> <span class='ocrx_word' id='word_1_48' title='bbox 1082 963 1204 1010; x_wconf 92' lang='lat' dir='ltr'><strong>sunt</strong></span> <span class='ocrx_word' id='word_1_49' title='bbox 1239 953 1458 1018; x_wconf 84' lang='lat' dir='ltr'><strong>lubrici,</strong></span> <span class='ocrx_word' id='word_1_50' title='bbox 1491 952 1688 1008; x_wconf 87' lang='lat' dir='ltr'><strong>inventi</strong></span> <span class='ocrx_word' id='word_1_51' title='bbox 1717 959 1842 1006; x_wconf 89' lang='lat' dir='ltr'><strong>sunt</strong></span> <span class='ocrx_word' id='word_1_52' title='bbox 1880 951 2066 1006; x_wconf 89' lang='lat' dir='ltr'><strong>incon-</strong></span> 
     </span>
    </p>
   </div>
   <div class='ocr_carea' id='block_1_9' title="bbox 476 1044 2064 1116">
    <p class='ocr_par' dir='ltr' id='par_1_9' title="bbox 476 1044 2064 1116">
     <span class='ocr_line' id='line_1_9' title="bbox 476 1044 2064 1116; baseline -0.002 -13"><span class='ocrx_word' id='word_1_53' title='bbox 476 1057 679 1103; x_wconf 86' lang='lat' dir='ltr'><strong>stantes</strong></span> <span class='ocrx_word' id='word_1_54' title='bbox 703 1056 758 1103; x_wconf 89' lang='lat' dir='ltr'><strong>et</strong></span> <span class='ocrx_word' id='word_1_55' title='bbox 783 1048 998 1110; x_wconf 87' lang='lat' dir='ltr'><strong>infirmi,</strong></span> <span class='ocrx_word' id='word_1_56' title='bbox 1023 1048 1220 1102; x_wconf 87' lang='lat' dir='ltr'><strong>inventi</strong></span> <span class='ocrx_word' id='word_1_57' title='bbox 1241 1054 1366 1102; x_wconf 92' lang='lat' dir='ltr'><strong>sunt</strong></span> <span class='ocrx_word' id='word_1_58' title='bbox 1387 1045 1602 1116; x_wconf 88' lang='lat' dir='ltr'><strong>perﬁdi;</strong></span> <span class='ocrx_word' id='word_1_59' title='bbox 1626 1044 1882 1116; x_wconf 91' lang='lat' dir='ltr'><strong>numquid</strong></span> <span class='ocrx_word' id='word_1_60' title='bbox 1909 1060 2064 1115; x_wconf 89' lang='lat' dir='ltr'><strong>pror-</strong></span> 
     </span>
    </p>
   </div>
   <div class='ocr_carea' id='block_1_10' title="bbox 477 1137 2064 1212">
    <p class='ocr_par' dir='ltr' id='par_1_10' title="bbox 477 1137 2064 1212">
     <span class='ocr_line' id='line_1_10' title="bbox 477 1137 2064 1212; baseline 0 -20"><span class='ocrx_word' id='word_1_61' title='bbox 477 1158 566 1194; x_wconf 54' lang='lat' dir='ltr'><strong>sus</strong></span> <span class='ocrx_word' id='word_1_62' title='bbox 600 1156 756 1210; x_wconf 89' lang='lat' dir='ltr'><strong>parco</strong></span> <span class='ocrx_word' id='word_1_63' title='bbox 798 1139 1048 1212; x_wconf 86' lang='lat' dir='ltr'><strong>perﬁdis?</strong></span> <span class='ocrx_word' id='word_1_64' title='bbox 1085 1139 1243 1195; x_wconf 85' lang='lat' dir='ltr'><strong>Forte</strong></span> <span class='ocrx_word' id='word_1_65' title='bbox 1281 1148 1437 1195; x_wconf 89' lang='lat' dir='ltr'><strong>erunt</strong></span> <span class='ocrx_word' id='word_1_66' title='bbox 1482 1138 1696 1207; x_wconf 77' lang='lat' dir='ltr'><strong>fideles,</strong></span> <span class='ocrx_word' id='word_1_67' title='bbox 1728 1139 1818 1210; x_wconf 88' lang='lat' dir='ltr'><strong>qui</strong></span> <span class='ocrx_word' id='word_1_68' title='bbox 1848 1137 2064 1194; x_wconf 80' lang='lat' dir='ltr'><strong>fuerunt</strong></span> 
     </span>
    </p>
   </div>
   <div class='ocr_carea' id='block_1_11' title="bbox 479 1231 2058 1304">
    <p class='ocr_par' dir='ltr' id='par_1_11' title="bbox 479 1231 2058 1304">
     <span class='ocr_line' id='line_1_11' title="bbox 479 1231 2058 1304; baseline -0.001 -18"><span class='ocrx_word' id='word_1_69' title='bbox 479 1234 663 1301; x_wconf 81' lang='lat' dir='ltr'><strong>perﬁdi</strong></span> <span class='ocrx_word' id='word_1_70' title='bbox 694 1251 706 1288; x_wconf 93' lang='lat'>:</span> <span class='ocrx_word' id='word_1_71' title='bbox 739 1234 955 1289; x_wconf 84' lang='lat' dir='ltr'><strong>veniant</strong></span> <span class='ocrx_word' id='word_1_72' title='bbox 997 1242 1050 1289; x_wconf 92' lang='lat' dir='ltr'><strong>et</strong></span> <span class='ocrx_word' id='word_1_73' title='bbox 1094 1234 1192 1304; x_wconf 82' lang='lat' dir='ltr'><strong>ipsi</strong></span> <span class='ocrx_word' id='word_1_74' title='bbox 1218 1232 1530 1288; x_wconf 82' lang='lat' dir='ltr'><strong>admittendi</strong></span> <span class='ocrx_word' id='word_1_75' title='bbox 1558 1231 1626 1287; x_wconf 90' lang='lat' dir='ltr'><strong>ad</strong></span> <span class='ocrx_word' id='word_1_76' title='bbox 1667 1231 2058 1302; x_wconf 65' lang='lat' dir='ltr'><strong>paenitentiam.</strong></span> 
     </span>
    </p>
   </div>
   <div class='ocr_carea' id='block_1_12' title="bbox 476 1325 2064 1396">
    <p class='ocr_par' dir='ltr' id='par_1_12' title="bbox 476 1325 2064 1396">
     <span class='ocr_line' id='line_1_12' title="bbox 476 1325 2064 1396; baseline 0.001 -18"><span class='ocrx_word' id='word_1_77' title='bbox 476 1326 582 1381; x_wconf 78' lang='lat' dir='ltr'><strong>Nec</strong></span> <span class='ocrx_word' id='word_1_78' title='bbox 608 1327 706 1382; x_wconf 90' lang='lat' dir='ltr'><strong>sibi</strong></span> <span class='ocrx_word' id='word_1_79' title='bbox 743 1325 1111 1393; x_wconf 76' lang='lat' dir='ltr'><strong>blandiantur,</strong></span> <span class='ocrx_word' id='word_1_80' title='bbox 1139 1325 1278 1396; x_wconf 90' lang='lat' dir='ltr'><strong>quod</strong></span> <span class='ocrx_word' id='word_1_81' title='bbox 1315 1325 1593 1381; x_wconf 88' lang='lat' dir='ltr'><strong>redeuntes</strong></span> <span class='ocrx_word' id='word_1_82' title='bbox 1622 1325 1687 1380; x_wconf 91' lang='lat' dir='ltr'><strong>ad</strong></span> <span class='ocrx_word' id='word_1_83' title='bbox 1717 1333 1920 1396; x_wconf 89' lang='lat' dir='ltr'><strong>partem</strong></span> <span class='ocrx_word' id='word_1_84' title='bbox 1958 1325 2064 1380; x_wconf 91' lang='lat' dir='ltr'><strong>Do-</strong></span> 
     </span>
    </p>
   </div>
   <div class='ocr_carea' id='block_1_13' title="bbox 477 1419 2063 1491">
    <p class='ocr_par' dir='ltr' id='par_1_13' title="bbox 477 1419 2063 1491">
     <span class='ocr_line' id='line_1_13' title="bbox 477 1419 2063 1491; baseline 0.003 -20"><span class='ocrx_word' id='word_1_85' title='bbox 477 1419 581 1472; x_wconf 91' lang='lat' dir='ltr'><strong>nati</strong></span> <span class='ocrx_word' id='word_1_86' title='bbox 626 1420 833 1490; x_wconf 85' lang='lat' dir='ltr'><strong>egerint</strong></span> <span class='ocrx_word' id='word_1_87' title='bbox 876 1421 1262 1490; x_wconf 85' lang='lat' dir='ltr'><strong>poenitentiam.</strong></span> <span class='ocrx_word' id='word_1_88' title='bbox 1293 1421 1381 1475; x_wconf 88' lang='lat' dir='ltr'><strong>illa</strong></span> <span class='ocrx_word' id='word_1_89' title='bbox 1413 1420 1721 1491; x_wconf 61' lang='lat' dir='ltr'><strong>paenitentia</strong></span> <span class='ocrx_word' id='word_1_90' title='bbox 1763 1420 1862 1476; x_wconf 85' lang='lat' dir='ltr'><strong>fuit</strong></span> <span class='ocrx_word' id='word_1_91' title='bbox 1888 1421 1956 1475; x_wconf 89' lang='lat' dir='ltr'><strong>de</strong></span> <span class='ocrx_word' id='word_1_92' title='bbox 2000 1435 2063 1477; x_wconf 89' lang='lat' dir='ltr'><strong>re</strong></span> 
     </span>
    </p>
   </div>
   <div class='ocr_carea' id='block_1_14' title="bbox 477 1513 2064 1586">
    <p class='ocr_par' dir='ltr' id='par_1_14' title="bbox 477 1513 2064 1586">
     <span class='ocr_line' id='line_1_14' title="bbox 477 1513 2064 1586; baseline 0.004 -22"><span class='ocrx_word' id='word_1_93' title='bbox 477 1513 608 1564; x_wconf 84' lang='lat' dir='ltr'><strong>bona</strong></span> <span class='ocrx_word' id='word_1_94' title='bbox 641 1530 655 1567; x_wconf 90' lang='lat'>:</span> <span class='ocrx_word' id='word_1_95' title='bbox 687 1513 755 1567; x_wconf 89' lang='lat' dir='ltr'><strong>sit</strong></span> <span class='ocrx_word' id='word_1_96' title='bbox 782 1529 907 1569; x_wconf 87' lang='lat' dir='ltr'><strong>vera</strong></span> <span class='ocrx_word' id='word_1_97' title='bbox 933 1513 1000 1570; x_wconf 92' lang='lat' dir='ltr'><strong>de</strong></span> <span class='ocrx_word' id='word_1_98' title='bbox 1025 1529 1086 1570; x_wconf 91' lang='lat' dir='ltr'><strong>re</strong></span> <span class='ocrx_word' id='word_1_99' title='bbox 1110 1516 1270 1568; x_wconf 78' lang='lat' dir='ltr'><strong>mala.</strong></span> <span class='ocrx_word' id='word_1_100' title='bbox 1299 1515 1521 1584; x_wconf 85' lang='lat' dir='ltr'><strong>Quando</strong></span> <span class='ocrx_word' id='word_1_101' title='bbox 1546 1524 1769 1585; x_wconf 87' lang='lat' dir='ltr'><strong>egerunt</strong></span> <span class='ocrx_word' id='word_1_102' title='bbox 1799 1515 2064 1586; x_wconf 74' lang='lat' dir='ltr'><strong>pceniten-</strong></span> 
     </span>
    </p>
   </div>
   <div class='ocr_carea' id='block_1_15' title="bbox 476 1606 2059 1680">
    <p class='ocr_par' dir='ltr' id='par_1_15' title="bbox 476 1606 2059 1680">
     <span class='ocr_line' id='line_1_15' title="bbox 476 1606 2059 1680; baseline 0.004 -22"><span class='ocrx_word' id='word_1_103' title='bbox 476 1606 600 1660; x_wconf 91' lang='lat' dir='ltr'><strong>tiam</strong></span> <span class='ocrx_word' id='word_1_104' title='bbox 630 1607 682 1661; x_wconf 91' lang='lat' dir='ltr'><strong>in</strong></span> <span class='ocrx_word' id='word_1_105' title='bbox 717 1616 864 1677; x_wconf 87' lang='lat' dir='ltr'><strong>parte</strong></span> <span class='ocrx_word' id='word_1_106' title='bbox 893 1607 1116 1674; x_wconf 72' lang='lat' dir='ltr'><strong>Donati,</strong></span> <span class='ocrx_word' id='word_1_107' title='bbox 1136 1609 1381 1679; x_wconf 72' lang='lat' dir='ltr'><strong>pmniluit</strong></span> <span class='ocrx_word' id='word_1_108' title='bbox 1418 1609 1538 1663; x_wconf 91' lang='lat' dir='ltr'><strong>illos</strong></span> <span class='ocrx_word' id='word_1_109' title='bbox 1565 1609 1707 1680; x_wconf 92' lang='lat' dir='ltr'><strong>quod</strong></span> <span class='ocrx_word' id='word_1_110' title='bbox 1745 1609 1881 1664; x_wconf 89' lang='lat' dir='ltr'><strong>bene</strong></span> <span class='ocrx_word' id='word_1_111' title='bbox 1916 1607 2059 1664; x_wconf 82' lang='lat' dir='ltr'><strong>fece-</strong></span> 
     </span>
    </p>
   </div>
   <div class='ocr_carea' id='block_1_16' title="bbox 474 1699 2062 1772">
    <p class='ocr_par' dir='ltr' id='par_1_16' title="bbox 474 1699 2062 1772">
     <span class='ocr_line' id='line_1_16' title="bbox 474 1699 2062 1772; baseline 0.003 -20"><span class='ocrx_word' id='word_1_112' title='bbox 474 1707 594 1753; x_wconf 88' lang='lat' dir='ltr'><strong>rant</strong></span> <span class='ocrx_word' id='word_1_113' title='bbox 623 1717 635 1753; x_wconf 93' lang='lat'>:</span> <span class='ocrx_word' id='word_1_114' title='bbox 668 1699 825 1754; x_wconf 89' lang='lat' dir='ltr'><strong>modo</strong></span> <span class='ocrx_word' id='word_1_115' title='bbox 850 1710 1042 1771; x_wconf 89' lang='lat' dir='ltr'><strong>agant,</strong></span> <span class='ocrx_word' id='word_1_116' title='bbox 1072 1707 1130 1756; x_wconf 93' lang='lat' dir='ltr'><strong>ut</strong></span> <span class='ocrx_word' id='word_1_117' title='bbox 1161 1700 1412 1770; x_wconf 72' lang='lat' dir='ltr'><strong>pmniteat</strong></span> <span class='ocrx_word' id='word_1_118' title='bbox 1441 1701 1562 1755; x_wconf 91' lang='lat' dir='ltr'><strong>illos</strong></span> <span class='ocrx_word' id='word_1_119' title='bbox 1590 1699 1730 1772; x_wconf 90' lang='lat' dir='ltr'><strong>quod</strong></span> <span class='ocrx_word' id='word_1_120' title='bbox 1757 1700 1897 1756; x_wconf 90' lang='lat' dir='ltr'><strong>male</strong></span> <span class='ocrx_word' id='word_1_121' title='bbox 1921 1699 2062 1756; x_wconf 87' lang='lat' dir='ltr'><strong>fece-</strong></span> 
     </span>
    </p>
   </div>
   <div class='ocr_carea' id='block_1_17' title="bbox 473 1790 2059 1863">
    <p class='ocr_par' dir='ltr' id='par_1_17' title="bbox 473 1790 2059 1863">
     <span class='ocr_line' id='line_1_17' title="bbox 473 1790 2059 1863; baseline 0.003 -20"><span class='ocrx_word' id='word_1_122' title='bbox 473 1797 611 1844; x_wconf 88' lang='lat' dir='ltr'><strong>runt.</strong></span> <span class='ocrx_word' id='word_1_123' title='bbox 647 1790 888 1859; x_wconf 87' lang='lat' dir='ltr'><strong>&#39;l‘imetis,</strong></span> <span class='ocrx_word' id='word_1_124' title='bbox 916 1792 1057 1863; x_wconf 92' lang='lat' dir='ltr'><strong>quod</strong></span> <span class='ocrx_word' id='word_1_125' title='bbox 1089 1793 1273 1863; x_wconf 88' lang='lat' dir='ltr'><strong>perﬁdi</strong></span> <span class='ocrx_word' id='word_1_126' title='bbox 1306 1794 1504 1848; x_wconf 83' lang='lat' dir='ltr'><strong>inventi</strong></span> <span class='ocrx_word' id='word_1_127' title='bbox 1547 1802 1690 1858; x_wconf 93' lang='lat' dir='ltr'><strong>sunt,</strong></span> <span class='ocrx_word' id='word_1_128' title='bbox 1721 1807 1788 1847; x_wconf 90' lang='lat' dir='ltr'><strong>ne</strong></span> <span class='ocrx_word' id='word_1_129' title='bbox 1817 1801 2059 1848; x_wconf 91' lang='lat' dir='ltr'><strong>sanctum</strong></span> 
     </span>
    </p>
   </div>
   <div class='ocr_carea' id='block_1_18' title="bbox 472 1884 2056 1955">
    <p class='ocr_par' dir='ltr' id='par_1_18' title="bbox 472 1884 2056 1955">
     <span class='ocr_line' id='line_1_18' title="bbox 472 1884 2056 1955; baseline 0.003 -18"><span class='ocrx_word' id='word_1_130' title='bbox 472 1884 822 1940; x_wconf 86' lang='lat' dir='ltr'><strong>conculcent?</strong></span> <span class='ocrx_word' id='word_1_131' title='bbox 869 1886 1006 1942; x_wconf 86' lang='lat' dir='ltr'><strong>Ecce</strong></span> <span class='ocrx_word' id='word_1_132' title='bbox 1042 1896 1096 1942; x_wconf 92' lang='lat' dir='ltr'><strong>et</strong></span> <span class='ocrx_word' id='word_1_133' title='bbox 1140 1884 1264 1942; x_wconf 75' lang='lat' dir='ltr'><strong>huic</strong></span> <span class='ocrx_word' id='word_1_134' title='bbox 1301 1886 1477 1942; x_wconf 90' lang='lat' dir='ltr'><strong>timori</strong></span> <span class='ocrx_word' id='word_1_135' title='bbox 1517 1895 1695 1942; x_wconf 87' lang='lat' dir='ltr'><strong>vestro</strong></span> <span class='ocrx_word' id='word_1_136' title='bbox 1734 1886 2056 1955; x_wconf 88' lang='lat' dir='ltr'><strong>consulitur,</strong></span> 
     </span>
    </p>
   </div>
   <div class='ocr_carea' id='block_1_19' title="bbox 472 1976 2056 2050">
    <p class='ocr_par' dir='ltr' id='par_1_19' title="bbox 472 1976 2056 2050">
     <span class='ocr_line' id='line_1_19' title="bbox 472 1976 2056 2050; baseline 0.004 -20"><span class='ocrx_word' id='word_1_137' title='bbox 472 1976 526 2030; x_wconf 92' lang='lat' dir='ltr'><strong>in</strong></span> <span class='ocrx_word' id='word_1_138' title='bbox 577 1978 940 2046; x_wconf 71' lang='lat' dir='ltr'><strong>paenitentiam</strong></span> <span class='ocrx_word' id='word_1_139' title='bbox 993 1979 1361 2036; x_wconf 87' lang='lat' dir='ltr'><strong>admittuntur.</strong></span> <span class='ocrx_word' id='word_1_140' title='bbox 1421 1981 1589 2037; x_wconf 81' lang='lat' dir='ltr'><strong>Erunt</strong></span> <span class='ocrx_word' id='word_1_141' title='bbox 1630 1983 1682 2036; x_wconf 91' lang='lat' dir='ltr'><strong>in</strong></span> <span class='ocrx_word' id='word_1_142' title='bbox 1713 1981 2056 2050; x_wconf 86' lang='lat' dir='ltr'><strong>poenitentia,</strong></span> 
     </span>
    </p>
   </div>
   <div class='ocr_carea' id='block_1_20' title="bbox 471 2073 2056 2147">
    <p class='ocr_par' dir='ltr' id='par_1_20' title="bbox 471 2073 2056 2147">
     <span class='ocr_line' id='line_1_20' title="bbox 471 2073 2056 2147; baseline 0.006 -24"><span class='ocrx_word' id='word_1_143' title='bbox 471 2073 685 2138; x_wconf 85' lang='lat' dir='ltr'><strong>quando</strong></span> <span class='ocrx_word' id='word_1_144' title='bbox 711 2073 974 2128; x_wconf 89' lang='lat' dir='ltr'><strong>voluerint</strong></span> <span class='ocrx_word' id='word_1_145' title='bbox 1003 2075 1365 2142; x_wconf 90' lang='lat' dir='ltr'><strong>reconciliari,</strong></span> <span class='ocrx_word' id='word_1_146' title='bbox 1395 2078 1503 2147; x_wconf 91' lang='lat' dir='ltr'><strong>jam</strong></span> <span class='ocrx_word' id='word_1_147' title='bbox 1549 2075 1760 2131; x_wconf 87' lang='lat' dir='ltr'><strong>nemine</strong></span> <span class='ocrx_word' id='word_1_148' title='bbox 1797 2085 2056 2146; x_wconf 83' lang='lat' dir='ltr'><strong>cogente,</strong></span> 
     </span>
    </p>
   </div>
   <div class='ocr_carea' id='block_1_21' title="bbox 473 2162 2058 2239">
    <p class='ocr_par' dir='ltr' id='par_1_21' title="bbox 473 2162 2058 2239">
     <span class='ocr_line' id='line_1_21' title="bbox 473 2162 2058 2239; baseline 0.006 -26"><span class='ocrx_word' id='word_1_149' title='bbox 473 2162 685 2216; x_wconf 88' lang='lat' dir='ltr'><strong>nemine</strong></span> <span class='ocrx_word' id='word_1_150' title='bbox 729 2171 962 2219; x_wconf 91' lang='lat' dir='ltr'><strong>terrente</strong></span> <span class='ocrx_word' id='word_1_151' title='bbox 994 2182 1008 2220; x_wconf 91' lang='lat'><strong>:</strong></span> <span class='ocrx_word' id='word_1_152' title='bbox 1046 2165 1295 2236; x_wconf 89' lang='lat' dir='ltr'><strong>quoniam</strong></span> <span class='ocrx_word' id='word_1_153' title='bbox 1339 2167 1604 2238; x_wconf 58' lang='lat' dir='ltr'><strong>paenitens</strong></span> <span class='ocrx_word' id='word_1_154' title='bbox 1629 2167 1918 2223; x_wconf 89' lang='lat' dir='ltr'><strong>catholicus</strong></span> <span class='ocrx_word' id='word_1_155' title='bbox 1945 2167 2058 2239; x_wconf 88' lang='lat' dir='ltr'><strong>jam</strong></span> 
     </span>
    </p>
   </div>
   <div class='ocr_carea' id='block_1_22' title="bbox 472 2250 2058 2330">
    <p class='ocr_par' dir='ltr' id='par_1_22' title="bbox 472 2250 2058 2330">
     <span class='ocr_line' id='line_1_22' title="bbox 472 2250 2058 2330; baseline 0.008 -26"><span class='ocrx_word' id='word_1_156' title='bbox 472 2252 644 2322; x_wconf 88' lang='lat' dir='ltr'><strong>legum</strong></span> <span class='ocrx_word' id='word_1_157' title='bbox 665 2250 1108 2313; x_wconf 75' lang='lat' dir='ltr'><strong>comminationes</strong></span> <span class='ocrx_word' id='word_1_158' title='bbox 1129 2274 1233 2313; x_wconf 92' lang='lat' dir='ltr'><strong>non</strong></span> <span class='ocrx_word' id='word_1_159' title='bbox 1257 2261 1484 2330; x_wconf 88' lang='lat' dir='ltr'><strong>patitur;</strong></span> <span class='ocrx_word' id='word_1_160' title='bbox 1515 2261 1678 2330; x_wconf 84' lang='lat' dir='ltr'><strong>coepit</strong></span> <span class='ocrx_word' id='word_1_161' title='bbox 1702 2261 1840 2318; x_wconf 86' lang='lat' dir='ltr'><strong>velle</strong></span> <span class='ocrx_word' id='word_1_162' title='bbox 1866 2277 2058 2317; x_wconf 92' lang='lat' dir='ltr'><strong>recon-</strong></span> 
     </span>
    </p>
   </div>
   <div class='ocr_carea' id='block_1_23' title="bbox 469 2342 2054 2417">
    <p class='ocr_par' dir='ltr' id='par_1_23' title="bbox 469 2342 2054 2417">
     <span class='ocr_line' id='line_1_23' title="bbox 469 2342 2054 2417; baseline 0.008 -20"><span class='ocrx_word' id='word_1_163' title='bbox 469 2342 635 2398; x_wconf 91' lang='lat' dir='ltr'><strong>ciliari</strong></span> <span class='ocrx_word' id='word_1_164' title='bbox 671 2345 796 2400; x_wconf 93' lang='lat' dir='ltr'><strong>dum</strong></span> <span class='ocrx_word' id='word_1_165' title='bbox 827 2363 986 2404; x_wconf 91' lang='lat' dir='ltr'><strong>nemo</strong></span> <span class='ocrx_word' id='word_1_166' title='bbox 1016 2357 1265 2417; x_wconf 90' lang='lat' dir='ltr'><strong>terreret,</strong></span> <span class='ocrx_word' id='word_1_167' title='bbox 1311 2353 1392 2406; x_wconf 89' lang='lat' dir='ltr'><strong>vel</strong></span> <span class='ocrx_word' id='word_1_168' title='bbox 1424 2361 1548 2408; x_wconf 92' lang='lat' dir='ltr'><strong>tunc</strong></span> <span class='ocrx_word' id='word_1_169' title='bbox 1580 2353 1830 2410; x_wconf 88' lang='lat' dir='ltr'><strong>credatur</strong></span> <span class='ocrx_word' id='word_1_170' title='bbox 1864 2356 2054 2411; x_wconf 83' lang='lat' dir='ltr'><strong>volun-</strong></span> 
     </span>
    </p>
   </div>
   <div class='ocr_carea' id='block_1_24' title="bbox 470 2435 2062 2518">
    <p class='ocr_par' dir='ltr' id='par_1_24' title="bbox 470 2435 2062 2518">
     <span class='ocr_line' id='line_1_24' title="bbox 470 2435 2062 2518; baseline 0.009 -29"><span class='ocrx_word' id='word_1_171' title='bbox 470 2436 584 2490; x_wconf 85' lang='lat' dir='ltr'><strong>tati.</strong></span> <span class='ocrx_word' id='word_1_172' title='bbox 617 2435 751 2492; x_wconf 85' lang='lat' dir='ltr'><strong>Puta</strong></span> <span class='ocrx_word' id='word_1_173' title='bbox 787 2439 909 2509; x_wconf 87' lang='lat' dir='ltr'><strong>quia</strong></span> <span class='ocrx_word' id='word_1_174' title='bbox 948 2451 1164 2497; x_wconf 86' lang='lat' dir='ltr'><strong>coactus</strong></span> <span class='ocrx_word' id='word_1_175' title='bbox 1194 2453 1276 2498; x_wconf 89' lang='lat' dir='ltr'><strong>cst</strong></span> <span class='ocrx_word' id='word_1_176' title='bbox 1302 2458 1420 2499; x_wconf 89' lang='lat' dir='ltr'><strong>esse</strong></span> <span class='ocrx_word' id='word_1_177' title='bbox 1444 2445 1734 2501; x_wconf 89' lang='lat' dir='ltr'><strong>catholicus</strong></span> <span class='ocrx_word' id='word_1_178' title='bbox 1755 2489 1770 2512; x_wconf 92' lang='lat'><strong>,</strong></span> <span class='ocrx_word' id='word_1_179' title='bbox 1802 2447 1903 2502; x_wconf 89' lang='lat' dir='ltr'><strong>erit</strong></span> <span class='ocrx_word' id='word_1_180' title='bbox 1946 2463 2062 2518; x_wconf 62' lang='lat' dir='ltr'><strong>pa;-</strong></span> 
     </span>
    </p>
   </div>
   <div class='ocr_carea' id='block_1_25' title="bbox 471 2529 2056 2610">
    <p class='ocr_par' dir='ltr' id='par_1_25' title="bbox 471 2529 2056 2610">
     <span class='ocr_line' id='line_1_25' title="bbox 471 2529 2056 2610; baseline 0.009 -28"><span class='ocrx_word' id='word_1_181' title='bbox 471 2529 664 2585; x_wconf 90' lang='lat' dir='ltr'><strong>nitens.</strong></span> <span class='ocrx_word' id='word_1_182' title='bbox 693 2531 822 2610; x_wconf 85' lang='lat' dir='ltr'><strong>Quis</strong></span> <span class='ocrx_word' id='word_1_183' title='bbox 841 2533 990 2588; x_wconf 90' lang='lat' dir='ltr'><strong>illum</strong></span> <span class='ocrx_word' id='word_1_184' title='bbox 1015 2536 1155 2608; x_wconf 88' lang='lat' dir='ltr'><strong>cogit</strong></span> <span class='ocrx_word' id='word_1_185' title='bbox 1180 2547 1360 2606; x_wconf 87' lang='lat' dir='ltr'><strong>petere</strong></span> <span class='ocrx_word' id='word_1_186' title='bbox 1385 2541 1833 2595; x_wconf 86' lang='lat' dir='ltr'><strong>reconciliationis</strong></span> <span class='ocrx_word' id='word_1_187' title='bbox 1858 2541 2056 2610; x_wconf 92' lang='lat' dir='ltr'><strong>locum,</strong></span> 
     </span>
    </p>
   </div>
   <div class='ocr_carea' id='block_1_26' title="bbox 471 2609 2058 2702">
    <p class='ocr_par' dir='ltr' id='par_1_26' title="bbox 471 2609 2058 2702">
     <span class='ocr_line' id='line_1_26' title="bbox 471 2609 2058 2702; baseline 0.009 -28"><span class='ocrx_word' id='word_1_188' title='bbox 471 2622 570 2677; x_wconf 86' lang='lat' dir='ltr'><strong>nisi</strong></span> <span class='ocrx_word' id='word_1_189' title='bbox 606 2609 849 2680; x_wconf 83' lang='lat' dir='ltr'><strong>voluntas</strong></span> <span class='ocrx_word' id='word_1_190' title='bbox 889 2628 1140 2698; x_wconf 86' lang='lat' dir='ltr'><strong>pr0pria?</strong></span> <span class='ocrx_word' id='word_1_191' title='bbox 1168 2629 1325 2685; x_wconf 87' lang='lat' dir='ltr'><strong>Modo</strong></span> <span class='ocrx_word' id='word_1_192' title='bbox 1361 2646 1490 2702; x_wconf 89' lang='lat' dir='ltr'><strong>ergo</strong></span> <span class='ocrx_word' id='word_1_193' title='bbox 1529 2632 1868 2689; x_wconf 88' lang='lat' dir='ltr'><strong>admittamus</strong></span> <span class='ocrx_word' id='word_1_194' title='bbox 1908 2609 2058 2688; x_wconf 34' lang='lat' dir='ltr'><strong>inﬁr-l</strong></span> 
     </span>
    </p>
   </div>
   <div class='ocr_carea' id='block_1_27' title="bbox 470 2716 1714 2792">
    <p class='ocr_par' dir='ltr' id='par_1_27' title="bbox 470 2716 1714 2792">
     <span class='ocr_line' id='line_1_27' title="bbox 470 2716 1714 2792; baseline 0.01 -22"><span class='ocrx_word' id='word_1_195' title='bbox 470 2716 728 2784; x_wconf 86' lang='lat' dir='ltr'><strong>milatem,</strong></span> <span class='ocrx_word' id='word_1_196' title='bbox 762 2728 820 2774; x_wconf 95' lang='lat' dir='ltr'><strong>ut</strong></span> <span class='ocrx_word' id='word_1_197' title='bbox 845 2730 1028 2792; x_wconf 91' lang='lat' dir='ltr'><strong>postea</strong></span> <span class='ocrx_word' id='word_1_198' title='bbox 1057 2723 1346 2792; x_wconf 88' lang='lat' dir='ltr'><strong>probemus</strong></span> <span class='ocrx_word' id='word_1_199' title='bbox 1366 2725 1714 2782; x_wconf 85' lang='lat' dir='ltr'><strong>voluntatem.</strong></span> 
     </span>
    </p>
   </div>
   <div class='ocr_carea' id='block_1_28' title="bbox 915 2833 1629 2912">
    <p class='ocr_par' dir='ltr' id='par_1_28' title="bbox 915 2833 1629 2912">
     <span class='ocr_line' id='line_1_28' title="bbox 915 2833 1629 2912; baseline 0.008 -25"><span class='ocrx_word' id='word_1_200' title='bbox 915 2833 1148 2890; x_wconf 83' lang='lat' dir='ltr'><strong>SERMO</strong></span> <span class='ocrx_word' id='word_1_201' title='bbox 1185 2833 1456 2893; x_wconf 78' lang='lat' dir='ltr'><strong>CCXCVII</strong></span> <span class='ocrx_word' id='word_1_202' title='bbox 1486 2841 1503 2862; x_wconf 84' lang='grc'><strong>¹</strong></span> <span class='ocrx_word' id='word_1_203' title='bbox 1531 2838 1629 2912; x_wconf 88' lang='grc' dir='ltr'><strong>(α).</strong></span> 
     </span>
    </p>
   </div>
   <div class='ocr_carea' id='block_1_29' title="bbox 705 2946 1819 3016">
    <p class='ocr_par' dir='ltr' id='par_1_29' title="bbox 705 2946 1819 3016">
     <span class='ocr_line' id='line_1_29' title="bbox 705 2946 1819 3016; baseline 0.009 -20"><span class='ocrx_word' id='word_1_204' title='bbox 705 2953 757 2996; x_wconf 93' lang='lat' dir='ltr'><strong>In</strong></span> <span class='ocrx_word' id='word_1_205' title='bbox 787 2946 936 2998; x_wconf 79' lang='lat' dir='ltr'><strong>Natali</strong></span> <span class='ocrx_word' id='word_1_206' title='bbox 966 2947 1288 3012; x_wconf 88' lang='lat' dir='ltr'><strong>apostolorum</strong></span> <span class='ocrx_word' id='word_1_207' title='bbox 1320 2953 1449 3002; x_wconf 83' lang='lat' dir='ltr'><strong>Petri</strong></span> <span class='ocrx_word' id='word_1_208' title='bbox 1483 2959 1534 3004; x_wconf 91' lang='lat' dir='ltr'><strong>et</strong></span> <span class='ocrx_word' id='word_1_209' title='bbox 1563 2952 1721 3016; x_wconf 86' lang='lat' dir='ltr'><strong>Pauli,</strong></span> <span class='ocrx_word' id='word_1_210' title='bbox 1753 2970 1819 3006; x_wconf 87' lang='grc' dir='ltr'><strong>ιιι.</strong></span> 
     </span>
    </p>
   </div>
   <div class='ocr_carea' id='block_1_30' title="bbox 541 3051 2062 3130">
    <p class='ocr_par' dir='ltr' id='par_1_30' title="bbox 541 3051 2062 3130">
     <span class='ocr_line' id='line_1_30' title="bbox 541 3051 2062 3130; baseline 0.006 -22"><span class='ocrx_word' id='word_1_211' title='bbox 541 3051 766 3108; x_wconf 83' lang='lat' dir='ltr'><strong>CAPUT</strong></span> <span class='ocrx_word' id='word_1_212' title='bbox 808 3053 1089 3110; x_wconf 70' lang='lat' dir='ltr'><strong>PRIMUM.</strong></span> <span class='ocrx_word' id='word_1_213' title='bbox 1129 3085 1202 3096; x_wconf 94' lang='lat'><strong><em>—</em></strong></span> <span class='ocrx_word' id='word_1_214' title='bbox 1241 3058 1290 3111; x_wconf 83' lang='grc'><strong>1.</strong></span> <span class='ocrx_word' id='word_1_215' title='bbox 1323 3057 1659 3130; x_wconf 71' lang='lat' dir='ltr'><strong>Prmumptio</strong></span> <span class='ocrx_word' id='word_1_216' title='bbox 1691 3060 1854 3116; x_wconf 83' lang='lat' dir='ltr'><strong>Petri.</strong></span> <span class='ocrx_word' id='word_1_217' title='bbox 1888 3060 2062 3117; x_wconf 85' lang='lat' dir='ltr'><strong>Timor</strong></span> 
     </span>
    </p>
   </div>
   <div class='ocr_carea' id='block_1_31' title="bbox 470 3144 2064 3221">
    <p class='ocr_par' dir='ltr' id='par_1_31' title="bbox 470 3144 2064 3221">
     <span class='ocr_line' id='line_1_31' title="bbox 470 3144 2064 3221; baseline 0.009 -25"><span class='ocrx_word' id='word_1_218' title='bbox 470 3157 534 3196; x_wconf 77' lang='lat' dir='ltr'><strong>ea;</strong></span> <span class='ocrx_word' id='word_1_219' title='bbox 555 3144 851 3211; x_wconf 79' lang='lat' dir='ltr'><strong>inﬁrmitate</strong></span> <span class='ocrx_word' id='word_1_220' title='bbox 879 3145 1119 3211; x_wconf 84' lang='lat' dir='ltr'><strong>humana,</strong></span> <span class='ocrx_word' id='word_1_221' title='bbox 1145 3164 1290 3202; x_wconf 90' lang='lat' dir='ltr'><strong>amor</strong></span> <span class='ocrx_word' id='word_1_222' title='bbox 1315 3166 1377 3203; x_wconf 76' lang='lat' dir='ltr'><strong>ea:</strong></span> <span class='ocrx_word' id='word_1_223' title='bbox 1412 3151 1576 3221; x_wconf 82' lang='lat' dir='ltr'><strong>gratia</strong></span> <span class='ocrx_word' id='word_1_224' title='bbox 1603 3151 1793 3206; x_wconf 83' lang='lat' dir='ltr'><strong>divina.</strong></span> <span class='ocrx_word' id='word_1_225' title='bbox 1837 3153 2064 3210; x_wconf 87' lang='lat' dir='ltr'><strong>Hodier-</strong></span> 
     </span>
    </p>
   </div>
   <div class='ocr_carea' id='block_1_32' title="bbox 471 3236 2057 3314">
    <p class='ocr_par' dir='ltr' id='par_1_32' title="bbox 471 3236 2057 3314">
     <span class='ocr_line' id='line_1_32' title="bbox 471 3236 2057 3314; baseline 0.007 -24"><span class='ocrx_word' id='word_1_226' title='bbox 471 3251 601 3290; x_wconf 92' lang='lat' dir='ltr'><strong>num</strong></span> <span class='ocrx_word' id='word_1_227' title='bbox 631 3236 785 3291; x_wconf 92' lang='lat' dir='ltr'><strong>nobis</strong></span> <span class='ocrx_word' id='word_1_228' title='bbox 819 3236 959 3292; x_wconf 91' lang='lat' dir='ltr'><strong>diem</strong></span> <span class='ocrx_word' id='word_1_229' title='bbox 1009 3239 1198 3294; x_wconf 86' lang='lat' dir='ltr'><strong>festum</strong></span> <span class='ocrx_word' id='word_1_230' title='bbox 1243 3239 1370 3296; x_wconf 88' lang='lat' dir='ltr'><strong>fecit</strong></span> <span class='ocrx_word' id='word_1_231' title='bbox 1405 3244 1618 3313; x_wconf 85' lang='lat' dir='ltr'><strong>sanguis</strong></span> <span class='ocrx_word' id='word_1_232' title='bbox 1659 3245 2057 3314; x_wconf 86' lang='lat' dir='ltr'><strong>Apostolorum.</strong></span> 
     </span>
    </p>
   </div>
   <div class='ocr_carea' id='block_1_33' title="bbox 470 3328 2062 3408">
    <p class='ocr_par' dir='ltr' id='par_1_33' title="bbox 470 3328 2062 3408">
     <span class='ocr_line' id='line_1_33' title="bbox 470 3328 2062 3408; baseline 0.008 -25"><span class='ocrx_word' id='word_1_233' title='bbox 470 3328 585 3384; x_wconf 87' lang='lat' dir='ltr'><strong>Hoc</strong></span> <span class='ocrx_word' id='word_1_234' title='bbox 613 3329 962 3386; x_wconf 90' lang='lat' dir='ltr'><strong>reddiderunt</strong></span> <span class='ocrx_word' id='word_1_235' title='bbox 991 3333 1153 3399; x_wconf 90' lang='lat' dir='ltr'><strong>servi,</strong></span> <span class='ocrx_word' id='word_1_236' title='bbox 1203 3333 1342 3403; x_wconf 92' lang='lat' dir='ltr'><strong>quod</strong></span> <span class='ocrx_word' id='word_1_237' title='bbox 1388 3350 1488 3405; x_wconf 89' lang='lat' dir='ltr'><strong>pro</strong></span> <span class='ocrx_word' id='word_1_238' title='bbox 1530 3337 1609 3392; x_wconf 91' lang='lat' dir='ltr'><strong>eis</strong></span> <span class='ocrx_word' id='word_1_239' title='bbox 1649 3337 1948 3408; x_wconf 82' lang='lat' dir='ltr'><strong>impensum‘</strong></span> <span class='ocrx_word' id='word_1_240' title='bbox 1977 3346 2062 3395; x_wconf 89' lang='lat' dir='ltr'><strong>est</strong></span> 
     </span>
    </p>
   </div>
   <div class='ocr_carea' id='block_1_34' title="bbox 470 3420 2060 3495">
    <p class='ocr_par' dir='ltr' id='par_1_34' title="bbox 470 3420 2060 3495">
     <span class='ocr_line' id='line_1_34' title="bbox 470 3420 2060 3495; baseline 0.008 -21"><span class='ocrx_word' id='word_1_241' title='bbox 470 3420 729 3490; x_wconf 81' lang='lat' dir='ltr'><strong>sanguine</strong></span> <span class='ocrx_word' id='word_1_242' title='bbox 758 3422 989 3478; x_wconf 89' lang='lat' dir='ltr'><strong>Domini.</strong></span> <span class='ocrx_word' id='word_1_243' title='bbox 1023 3424 1216 3480; x_wconf 90' lang='lat' dir='ltr'><strong>Beatus</strong></span> <span class='ocrx_word' id='word_1_244' title='bbox 1249 3426 1458 3495; x_wconf 85' lang='lat' dir='ltr'><strong>Petrus,</strong></span> <span class='ocrx_word' id='word_1_245' title='bbox 1503 3428 1642 3484; x_wconf 90' lang='lat' dir='ltr'><strong>sicut</strong></span> <span class='ocrx_word' id='word_1_246' title='bbox 1668 3429 1827 3486; x_wconf 92' lang='lat' dir='ltr'><strong>modo</strong></span> <span class='ocrx_word' id='word_1_247' title='bbox 1855 3431 2060 3487; x_wconf 84' lang='lat' dir='ltr'><strong>audivi-</strong></span> 
     </span>
    </p>
   </div>
   <div class='ocr_carea' id='block_1_35' title="bbox 469 3514 2056 3594">
    <p class='ocr_par' dir='ltr' id='par_1_35' title="bbox 469 3514 2056 3594">
     <span class='ocr_line' id='line_1_35' title="bbox 469 3514 2056 3594; baseline 0.009 -29"><span class='ocrx_word' id='word_1_248' title='bbox 469 3525 608 3580; x_wconf 88' lang='lat' dir='ltr'><strong>mus,</strong></span> <span class='ocrx_word' id='word_1_249' title='bbox 631 3515 782 3584; x_wconf 86' lang='lat' dir='ltr'><strong>sequi</strong></span> <span class='ocrx_word' id='word_1_250' title='bbox 794 3514 1011 3584; x_wconf 87' lang='lat' dir='ltr'><strong>jubetur</strong></span> <span class='ocrx_word' id='word_1_251' title='bbox 1039 3535 1051 3570; x_wconf 91' lang='lat'><strong>:</strong></span> <span class='ocrx_word' id='word_1_252' title='bbox 1075 3525 1130 3572; x_wconf 92' lang='lat' dir='ltr'><strong>et</strong></span> <span class='ocrx_word' id='word_1_253' title='bbox 1155 3526 1334 3574; x_wconf 88' lang='lat' dir='ltr'><strong>tamen</strong></span> <span class='ocrx_word' id='word_1_254' title='bbox 1355 3520 1659 3590; x_wconf 61' lang='lat' dir='ltr'><strong>praecedere</strong></span> <span class='ocrx_word' id='word_1_255' title='bbox 1680 3522 2056 3594; x_wconf 86' lang='lat' dir='ltr'><strong>meditabatur,</strong></span> 
     </span>
    </p>
   </div>
   <div class='ocr_carea' id='block_1_36' title="bbox 467 3603 2056 3688">
    <p class='ocr_par' dir='ltr' id='par_1_36' title="bbox 467 3603 2056 3688">
     <span class='ocr_line' id='line_1_36' title="bbox 467 3603 2056 3688; baseline 0.01 -32"><span class='ocrx_word' id='word_1_256' title='bbox 467 3603 680 3672; x_wconf 89' lang='lat' dir='ltr'><strong>quando</strong></span> <span class='ocrx_word' id='word_1_257' title='bbox 693 3604 825 3659; x_wconf 78' lang='lat' dir='ltr'><strong>dixit</strong></span> <span class='ocrx_word' id='word_1_258' title='bbox 839 3607 1084 3674; x_wconf 89' lang='lat' dir='ltr'><strong>Domino,</strong></span> <span class='ocrx_word' id='word_1_259' title='bbox 1100 3609 1334 3664; x_wconf 82' lang='lat' dir='ltr'><strong>Animam</strong></span> <span class='ocrx_word' id='word_1_260' title='bbox 1349 3628 1510 3666; x_wconf 87' lang='lat' dir='ltr'><strong>meam</strong></span> <span class='ocrx_word' id='word_1_261' title='bbox 1524 3629 1616 3682; x_wconf 86' lang='lat' dir='ltr'><strong>pro</strong></span> <span class='ocrx_word' id='word_1_262' title='bbox 1630 3623 1676 3668; x_wconf 87' lang='lat' dir='ltr'><strong>te</strong></span> <span class='ocrx_word' id='word_1_263' title='bbox 1687 3615 2056 3688; x_wconf 85' lang='lat' dir='ltr'><strong>ponam(Joau.</strong></span> 
     </span>
    </p>
   </div>
   <div class='ocr_carea' id='block_1_37' title="bbox 468 3698 2057 3773">
    <p class='ocr_par' dir='ltr' id='par_1_37' title="bbox 468 3698 2057 3773">
     <span class='ocr_line' id='line_1_37' title="bbox 468 3698 2057 3773; baseline 0.009 -23"><span class='ocrx_word' id='word_1_264' title='bbox 468 3712 600 3762; x_wconf 84' lang='lat' dir='ltr'><strong>xm,</strong></span> <span class='ocrx_word' id='word_1_265' title='bbox 655 3699 772 3768; x_wconf 78' lang='lat'><strong>57).</strong></span> <span class='ocrx_word' id='word_1_266' title='bbox 817 3698 1297 3770; x_wconf 73' lang='lat' dir='ltr'><strong>Praesumptionem</strong></span> <span class='ocrx_word' id='word_1_267' title='bbox 1341 3703 1583 3773; x_wconf 87' lang='lat' dir='ltr'><strong>ferebat,</strong></span> <span class='ocrx_word' id='word_1_268' title='bbox 1627 3707 1872 3764; x_wconf 89' lang='lat' dir='ltr'><strong>timorem</strong></span> <span class='ocrx_word' id='word_1_269' title='bbox 1901 3723 2057 3764; x_wconf 91' lang='lat' dir='ltr'><strong>suum</strong></span> 
     </span>
    </p>
   </div>
   <div class='ocr_carea' id='block_1_38' title="bbox 467 3791 2057 3870">
    <p class='ocr_par' dir='ltr' id='par_1_38' title="bbox 467 3791 2057 3870">
     <span class='ocr_line' id='line_1_38' title="bbox 467 3791 2057 3870; baseline 0.009 -26"><span class='ocrx_word' id='word_1_270' title='bbox 467 3791 761 3848; x_wconf 89' lang='lat' dir='ltr'><strong>nesciebat.</strong></span> <span class='ocrx_word' id='word_1_271' title='bbox 794 3793 993 3851; x_wconf 79' lang='lat' dir='ltr'><strong>Praeire</strong></span> <span class='ocrx_word' id='word_1_272' title='bbox 1021 3795 1271 3865; x_wconf 87' lang='lat' dir='ltr'><strong>volebat,</strong></span> <span class='ocrx_word' id='word_1_273' title='bbox 1303 3814 1461 3869; x_wconf 86' lang='lat' dir='ltr'><strong>quem</strong></span> <span class='ocrx_word' id='word_1_274' title='bbox 1493 3801 1644 3870; x_wconf 83' lang='lat' dir='ltr'><strong>sequi</strong></span> <span class='ocrx_word' id='word_1_275' title='bbox 1673 3801 1920 3857; x_wconf 86' lang='lat' dir='ltr'><strong>debebat.</strong></span> <span class='ocrx_word' id='word_1_276' title='bbox 1948 3803 2057 3858; x_wconf 92' lang='lat' dir='ltr'><strong>Bo-</strong></span> 
     </span>
    </p>
   </div>
   <div class='ocr_carea' id='block_1_39' title="bbox 469 3884 2059 3960">
    <p class='ocr_par' dir='ltr' id='par_1_39' title="bbox 469 3884 2059 3960">
     <span class='ocr_line' id='line_1_39' title="bbox 469 3884 2059 3960; baseline 0.009 -24"><span class='ocrx_word' id='word_1_277' title='bbox 469 3898 593 3936; x_wconf 91' lang='lat' dir='ltr'><strong>num</strong></span> <span class='ocrx_word' id='word_1_278' title='bbox 623 3884 890 3954; x_wconf 86' lang='lat' dir='ltr'><strong>cupiebat,</strong></span> <span class='ocrx_word' id='word_1_279' title='bbox 923 3885 1018 3942; x_wconf 87' lang='lat' dir='ltr'><strong>sed</strong></span> <span class='ocrx_word' id='word_1_280' title='bbox 1049 3887 1292 3944; x_wconf 90' lang='lat' dir='ltr'><strong>ordinem</strong></span> <span class='ocrx_word' id='word_1_281' title='bbox 1325 3906 1429 3945; x_wconf 91' lang='lat' dir='ltr'><strong>non</strong></span> <span class='ocrx_word' id='word_1_282' title='bbox 1453 3891 1687 3947; x_wconf 90' lang='lat' dir='ltr'><strong>tenebat.</strong></span> <span class='ocrx_word' id='word_1_283' title='bbox 1717 3893 1886 3960; x_wconf 90' lang='lat' dir='ltr'><strong>Quam</strong></span> <span class='ocrx_word' id='word_1_284' title='bbox 1913 3903 2059 3952; x_wconf 80' lang='lat' dir='ltr'><strong>esset</strong></span> 
     </span>
    </p>
   </div>
   <div class='ocr_carea' id='block_1_40' title="bbox 467 3979 2057 4054">
    <p class='ocr_par' dir='ltr' id='par_1_40' title="bbox 467 3979 2057 4054">
     <span class='ocr_line' id='line_1_40' title="bbox 467 3979 2057 4054; baseline 0.01 -27"><span class='ocrx_word' id='word_1_285' title='bbox 467 3989 647 4029; x_wconf 91' lang='lat' dir='ltr'><strong>amara</strong></span> <span class='ocrx_word' id='word_1_286' title='bbox 676 3991 840 4043; x_wconf 90' lang='lat' dir='ltr'><strong>mors,</strong></span> <span class='ocrx_word' id='word_1_287' title='bbox 868 3993 1050 4033; x_wconf 90' lang='lat' dir='ltr'><strong>amaro</strong></span> <span class='ocrx_word' id='word_1_288' title='bbox 1078 3979 1268 4035; x_wconf 91' lang='lat' dir='ltr'><strong>timore</strong></span> <span class='ocrx_word' id='word_1_289' title='bbox 1298 3983 1485 4048; x_wconf 87' lang='lat' dir='ltr'><strong>sensit,</strong></span> <span class='ocrx_word' id='word_1_290' title='bbox 1504 3993 1560 4039; x_wconf 90' lang='lat' dir='ltr'><strong>et</strong></span> <span class='ocrx_word' id='word_1_291' title='bbox 1585 3994 1859 4054; x_wconf 87' lang='lat' dir='ltr'><strong>peccatum</strong></span> <span class='ocrx_word' id='word_1_292' title='bbox 1887 3987 2057 4043; x_wconf 91' lang='lat' dir='ltr'><strong>amari</strong></span> 
     </span>
    </p>
   </div>
   <div class='ocr_carea' id='block_1_41' title="bbox 469 4066 2058 4150">
    <p class='ocr_par' dir='ltr' id='par_1_41' title="bbox 469 4066 2058 4150">
     <span class='ocr_line' id='line_1_41' title="bbox 469 4066 2058 4150; baseline 0.011 -31"><span class='ocrx_word' id='word_1_293' title='bbox 469 4066 680 4122; x_wconf 89' lang='lat' dir='ltr'><strong>timoris</strong></span> <span class='ocrx_word' id='word_1_294' title='bbox 707 4070 904 4124; x_wconf 89' lang='lat' dir='ltr'><strong>amaris</strong></span> <span class='ocrx_word' id='word_1_295' title='bbox 932 4071 1183 4142; x_wconf 88' lang='lat' dir='ltr'><strong>lacrymis</strong></span> <span class='ocrx_word' id='word_1_296' title='bbox 1209 4074 1355 4128; x_wconf 88' lang='lat' dir='ltr'><strong>lavit.</strong></span> <span class='ocrx_word' id='word_1_297' title='bbox 1381 4074 1565 4130; x_wconf 89' lang='lat' dir='ltr'><strong>Timor</strong></span> <span class='ocrx_word' id='word_1_298' title='bbox 1594 4077 1950 4150; x_wconf 85' lang='lat' dir='ltr'><strong>interrogatus</strong></span> <span class='ocrx_word' id='word_1_299' title='bbox 1975 4089 2058 4136; x_wconf 90' lang='lat' dir='ltr'><strong>est</strong></span> 
     </span>
    </p>
   </div>
   <div class='ocr_carea' id='block_1_42' title="bbox 469 4159 2050 4242">
    <p class='ocr_par' dir='ltr' id='par_1_42' title="bbox 469 4159 2050 4242">
     <span class='ocr_line' id='line_1_42' title="bbox 469 4159 2050 4242; baseline 0.012 -30"><span class='ocrx_word' id='word_1_300' title='bbox 469 4159 538 4213; x_wconf 91' lang='lat' dir='ltr'><strong>ab</strong></span> <span class='ocrx_word' id='word_1_301' title='bbox 562 4161 752 4215; x_wconf 83' lang='lat' dir='ltr'><strong>ancilla</strong></span> <span class='ocrx_word' id='word_1_302' title='bbox 775 4203 789 4223; x_wconf 89' lang='lat'><strong>,</strong></span> <span class='ocrx_word' id='word_1_303' title='bbox 815 4177 968 4218; x_wconf 90' lang='lat' dir='ltr'><strong>amor</strong></span> <span class='ocrx_word' id='word_1_304' title='bbox 991 4180 1022 4218; x_wconf 90' lang='lat' dir='ltr'><strong>a</strong></span> <span class='ocrx_word' id='word_1_305' title='bbox 1053 4165 1299 4220; x_wconf 91' lang='lat' dir='ltr'><strong>Domino.</strong></span> <span class='ocrx_word' id='word_1_306' title='bbox 1325 4167 1392 4221; x_wconf 88' lang='lat' dir='ltr'><strong>Et</strong></span> <span class='ocrx_word' id='word_1_307' title='bbox 1415 4169 1540 4237; x_wconf 91' lang='lat' dir='ltr'><strong>quid</strong></span> <span class='ocrx_word' id='word_1_308' title='bbox 1572 4172 1847 4241; x_wconf 87' lang='lat' dir='ltr'><strong>respondit</strong></span> <span class='ocrx_word' id='word_1_309' title='bbox 1873 4175 2050 4242; x_wconf 88' lang='lat' dir='ltr'><strong>timor,</strong></span> 
     </span>
    </p>
   </div>
   <div class='ocr_carea' id='block_1_43' title="bbox 469 4253 2052 4337">
    <p class='ocr_par' dir='ltr' id='par_1_43' title="bbox 469 4253 2052 4337">
     <span class='ocr_line' id='line_1_43' title="bbox 469 4253 2052 4337; baseline 0.009 -29"><span class='ocrx_word' id='word_1_310' title='bbox 469 4253 570 4308; x_wconf 89' lang='lat' dir='ltr'><strong>nisi</strong></span> <span class='ocrx_word' id='word_1_311' title='bbox 602 4253 887 4309; x_wconf 88' lang='lat' dir='ltr'><strong>humanam</strong></span> <span class='ocrx_word' id='word_1_312' title='bbox 915 4258 1360 4328; x_wconf 86' lang='lat' dir='ltr'><strong>trepidationem?</strong></span> <span class='ocrx_word' id='word_1_313' title='bbox 1387 4262 1523 4330; x_wconf 88' lang='lat' dir='ltr'><strong>Quid</strong></span> <span class='ocrx_word' id='word_1_314' title='bbox 1560 4265 1835 4334; x_wconf 83' lang='lat' dir='ltr'><strong>respondit</strong></span> <span class='ocrx_word' id='word_1_315' title='bbox 1862 4281 2015 4322; x_wconf 93' lang='lat' dir='ltr'><strong>amor</strong></span> <span class='ocrx_word' id='word_1_316' title='bbox 2035 4310 2052 4337; x_wconf 90' lang='lat'><strong>,</strong></span> 
     </span>
    </p>
   </div>
   <div class='ocr_carea' id='block_1_44' title="bbox 468 4349 2057 4427">
    <p class='ocr_par' dir='ltr' id='par_1_44' title="bbox 468 4349 2057 4427">
     <span class='ocr_line' id='line_1_44' title="bbox 468 4349 2057 4427; baseline 0.008 -24"><span class='ocrx_word' id='word_1_317' title='bbox 468 4349 572 4404; x_wconf 89' lang='lat' dir='ltr'><strong>nisi</strong></span> <span class='ocrx_word' id='word_1_318' title='bbox 603 4349 836 4404; x_wconf 89' lang='lat' dir='ltr'><strong>divinam</strong></span> <span class='ocrx_word' id='word_1_319' title='bbox 868 4351 1287 4420; x_wconf 79' lang='lat' dir='ltr'><strong>professionem?</strong></span> <span class='ocrx_word' id='word_1_320' title='bbox 1312 4355 1509 4412; x_wconf 85' lang='lat' dir='ltr'><strong>Amare</strong></span> <span class='ocrx_word' id='word_1_321' title='bbox 1556 4357 1697 4413; x_wconf 91' lang='lat' dir='ltr'><strong>enim</strong></span> <span class='ocrx_word' id='word_1_322' title='bbox 1739 4359 1928 4427; x_wconf 91' lang='lat' dir='ltr'><strong>Deum,</strong></span> <span class='ocrx_word' id='word_1_323' title='bbox 1959 4359 2057 4416; x_wconf 94' lang='lat' dir='ltr'><strong>do-</strong></span> 
     </span>
    </p>
   </div>
   <div class='ocr_carea' id='block_1_45' title="bbox 469 4443 2054 4512">
    <p class='ocr_par' dir='ltr' id='par_1_45' title="bbox 469 4443 2054 4512">
     <span class='ocr_line' id='line_1_45' title="bbox 469 4443 2054 4512; baseline 0.008 -15"><span class='ocrx_word' id='word_1_324' title='bbox 469 4459 594 4498; x_wconf 93' lang='lat' dir='ltr'><strong>num</strong></span> <span class='ocrx_word' id='word_1_325' title='bbox 629 4443 721 4499; x_wconf 91' lang='lat' dir='ltr'><strong>Dei</strong></span> <span class='ocrx_word' id='word_1_326' title='bbox 749 4452 850 4500; x_wconf 90' lang='lat' dir='ltr'><strong>est.</strong></span> <span class='ocrx_word' id='word_1_327' title='bbox 889 4445 1111 4512; x_wconf 88' lang='lat' dir='ltr'><strong>Quando</strong></span> <span class='ocrx_word' id='word_1_328' title='bbox 1137 4447 1204 4503; x_wconf 91' lang='lat' dir='ltr'><strong>de</strong></span> <span class='ocrx_word' id='word_1_329' title='bbox 1233 4464 1413 4505; x_wconf 89' lang='lat' dir='ltr'><strong>amore</strong></span> <span class='ocrx_word' id='word_1_330' title='bbox 1445 4451 1703 4508; x_wconf 90' lang='lat' dir='ltr'><strong>Dominus</strong></span> <span class='ocrx_word' id='word_1_331' title='bbox 1728 4453 1942 4509; x_wconf 87' lang='lat' dir='ltr'><strong>Petrum</strong></span> <span class='ocrx_word' id='word_1_332' title='bbox 1969 4455 2054 4510; x_wconf 88' lang='lat' dir='ltr'><strong>in-</strong></span> 
     </span>
    </p>
   </div>
   <div class='ocr_carea' id='block_1_46' title="bbox 470 4536 1506 4612">
    <p class='ocr_par' dir='ltr' id='par_1_46' title="bbox 470 4536 1506 4612">
     <span class='ocr_line' id='line_1_46' title="bbox 470 4536 1506 4612; baseline 0.009 -24"><span class='ocrx_word' id='word_1_333' title='bbox 470 4536 794 4603; x_wconf 79' lang='lat' dir='ltr'><strong>terrogabat,</strong></span> <span class='ocrx_word' id='word_1_334' title='bbox 825 4537 965 4607; x_wconf 90' lang='lat' dir='ltr'><strong>quod</strong></span> <span class='ocrx_word' id='word_1_335' title='bbox 993 4537 1210 4593; x_wconf 84' lang='lat' dir='ltr'><strong>dederat</strong></span> <span class='ocrx_word' id='word_1_336' title='bbox 1239 4543 1506 4612; x_wconf 87' lang='lat' dir='ltr'><strong>exigebat.</strong></span> 
     </span>
    </p>
   </div>
   <div class='ocr_carea' id='block_1_47' title="bbox 539 4627 2053 4707">
    <p class='ocr_par' dir='ltr' id='par_1_47' title="bbox 539 4627 2053 4707">
     <span class='ocr_line' id='line_1_47' title="bbox 539 4627 2053 4707; baseline 0.01 -27"><span class='ocrx_word' id='word_1_337' title='bbox 539 4627 593 4680; x_wconf 75' lang='lat'><strong>2.</strong></span> <span class='ocrx_word' id='word_1_338' title='bbox 630 4627 814 4684; x_wconf 77' lang='lat' dir='ltr'><strong>Petrus</strong></span> <span class='ocrx_word' id='word_1_339' title='bbox 855 4631 1148 4698; x_wconf 58' lang='lat' dir='ltr'><strong>{ir-(edicitur</strong></span> <span class='ocrx_word' id='word_1_340' title='bbox 1177 4649 1417 4701; x_wconf 73' lang='lat' dir='ltr'><strong>passurus</strong></span> <span class='ocrx_word' id='word_1_341' title='bbox 1443 4637 1580 4705; x_wconf 85' lang='lat' dir='ltr'><strong>quod</strong></span> <span class='ocrx_word' id='word_1_342' title='bbox 1607 4654 1707 4692; x_wconf 87' lang='lat' dir='ltr'><strong>non</strong></span> <span class='ocrx_word' id='word_1_343' title='bbox 1735 4639 1884 4694; x_wconf 84' lang='lat' dir='ltr'><strong>volet.</strong></span> <span class='ocrx_word' id='word_1_344' title='bbox 1915 4639 2053 4707; x_wconf 85' lang='lat' dir='ltr'><strong>Quid</strong></span> 
     </span>
    </p>
   </div>
   <div class='ocr_carea' id='block_1_48' title="bbox 470 4722 2055 4794">
    <p class='ocr_par' dir='ltr' id='par_1_48' title="bbox 470 4722 2055 4794">
     <span class='ocr_line' id='line_1_48' title="bbox 470 4722 2055 4794; baseline 0.009 -22"><span class='ocrx_word' id='word_1_345' title='bbox 470 4729 644 4774; x_wconf 90' lang='lat' dir='ltr'><strong>tamen</strong></span> <span class='ocrx_word' id='word_1_346' title='bbox 676 4722 934 4778; x_wconf 92' lang='lat' dir='ltr'><strong>Dominus</strong></span> <span class='ocrx_word' id='word_1_347' title='bbox 961 4723 1119 4778; x_wconf 88' lang='lat' dir='ltr'><strong>Petro</strong></span> <span class='ocrx_word' id='word_1_348' title='bbox 1146 4728 1518 4793; x_wconf 77' lang='lat' dir='ltr'><strong>prtenuntiavit</strong></span> <span class='ocrx_word' id='word_1_349' title='bbox 1539 4771 1555 4794; x_wconf 87' lang='lat'><strong>,</strong></span> <span class='ocrx_word' id='word_1_350' title='bbox 1603 4730 1742 4785; x_wconf 92' lang='lat' dir='ltr'><strong>unde</strong></span> <span class='ocrx_word' id='word_1_351' title='bbox 1781 4741 1864 4785; x_wconf 90' lang='lat' dir='ltr'><strong>est</strong></span> <span class='ocrx_word' id='word_1_352' title='bbox 1889 4731 2055 4789; x_wconf 81' lang='lat' dir='ltr'><strong>festus</strong></span> 
     </span>
    </p>
   </div>
   <div class='ocr_carea' id='block_1_49' title="bbox 468 4813 2050 4895">
    <p class='ocr_par' dir='ltr' id='par_1_49' title="bbox 468 4813 2050 4895">
     <span class='ocr_line' id='line_1_49' title="bbox 468 4813 2050 4895; baseline 0.009 -30"><span class='ocrx_word' id='word_1_353' title='bbox 468 4813 555 4869; x_wconf 89' lang='lat' dir='ltr'><strong>hic</strong></span> <span class='ocrx_word' id='word_1_354' title='bbox 583 4815 732 4870; x_wconf 90' lang='lat' dir='ltr'><strong>dies?</strong></span> <span class='ocrx_word' id='word_1_355' title='bbox 771 4834 788 4867; x_wconf 76' lang='grc' dir='ltr'><strong>ι</strong></span> <span class='ocrx_word' id='word_1_356' title='bbox 823 4815 958 4872; x_wconf 91' lang='lat' dir='ltr'><strong>Cum</strong></span> <span class='ocrx_word' id='word_1_357' title='bbox 985 4833 1130 4873; x_wconf 88' lang='lat' dir='ltr'><strong>esses</strong></span> <span class='ocrx_word' id='word_1_358' title='bbox 1148 4819 1346 4888; x_wconf 88' lang='lat' dir='ltr'><strong>junior,</strong></span> <span class='ocrx_word' id='word_1_359' title='bbox 1372 4820 1562 4891; x_wconf 90' lang='lat' dir='ltr'><strong>inquit,</strong></span> <span class='ocrx_word' id='word_1_360' title='bbox 1588 4825 1950 4895; x_wconf 78' lang='lat' dir='ltr'><strong>przecingebas</strong></span> <span class='ocrx_word' id='word_1_361' title='bbox 1977 4835 2050 4895; x_wconf 90' lang='lat' dir='ltr'><strong>te,</strong></span> 
     </span>
    </p>
   </div>
   <div class='ocr_carea' id='block_1_50' title="bbox 468 4909 2053 4982">
    <p class='ocr_par' dir='ltr' id='par_1_50' title="bbox 468 4909 2053 4982">
     <span class='ocr_line' id='line_1_50' title="bbox 468 4909 2053 4982; baseline 0.008 -20"><span class='ocrx_word' id='word_1_362' title='bbox 468 4919 522 4962; x_wconf 81' lang='lat' dir='ltr'><strong>et</strong></span> <span class='ocrx_word' id='word_1_363' title='bbox 542 4909 656 4963; x_wconf 87' lang='lat' dir='ltr'><strong>ibas</strong></span> <span class='ocrx_word' id='word_1_364' title='bbox 685 4925 790 4979; x_wconf 95' lang='lat' dir='ltr'><strong>quo</strong></span> <span class='ocrx_word' id='word_1_365' title='bbox 815 4911 978 4966; x_wconf 90' lang='lat' dir='ltr'><strong>velles</strong></span> <span class='ocrx_word' id='word_1_366' title='bbox 1008 4930 1019 4965; x_wconf 96' lang='lat'>:</span> <span class='ocrx_word' id='word_1_367' title='bbox 1051 4927 1170 4966; x_wconf 91' lang='lat' dir='ltr'><strong>cum</strong></span> <span class='ocrx_word' id='word_1_368' title='bbox 1199 4921 1375 4968; x_wconf 92' lang='lat' dir='ltr'><strong>autem</strong></span> <span class='ocrx_word' id='word_1_369' title='bbox 1405 4915 1667 4982; x_wconf 89' lang='lat' dir='ltr'><strong>senueris,</strong></span> <span class='ocrx_word' id='word_1_370' title='bbox 1696 4916 1833 4972; x_wconf 88' lang='lat' dir='ltr'><strong>alter</strong></span> <span class='ocrx_word' id='word_1_371' title='bbox 1859 4927 1911 4973; x_wconf 89' lang='lat' dir='ltr'><strong>te</strong></span> <span class='ocrx_word' id='word_1_372' title='bbox 1937 4920 2053 4974; x_wconf 90' lang='lat' dir='ltr'><strong>cin-</strong></span> 
     </span>
    </p>
   </div>
   <div class='ocr_carea' id='block_1_51' title="bbox 469 5000 2051 5080">
    <p class='ocr_par' dir='ltr' id='par_1_51' title="bbox 469 5000 2051 5080">
     <span class='ocr_line' id='line_1_51' title="bbox 469 5000 2051 5080; baseline 0.011 -29"><span class='ocrx_word' id='word_1_373' title='bbox 469 5009 573 5071; x_wconf 79' lang='lat' dir='ltr'><strong>get,</strong></span> <span class='ocrx_word' id='word_1_374' title='bbox 607 5007 663 5056; x_wconf 90' lang='lat' dir='ltr'><strong>et</strong></span> <span class='ocrx_word' id='word_1_375' title='bbox 693 5000 825 5058; x_wconf 88' lang='lat' dir='ltr'><strong>feret</strong></span> <span class='ocrx_word' id='word_1_376' title='bbox 863 5019 968 5073; x_wconf 91' lang='lat' dir='ltr'><strong>quo</strong></span> <span class='ocrx_word' id='word_1_377' title='bbox 995 5014 1051 5058; x_wconf 91' lang='lat' dir='ltr'><strong>tu</strong></span> <span class='ocrx_word' id='word_1_378' title='bbox 1082 5020 1187 5059; x_wconf 90' lang='lat' dir='ltr'><strong>non</strong></span> <span class='ocrx_word' id='word_1_379' title='bbox 1217 5005 1295 5059; x_wconf 87' lang='lat' dir='ltr'><strong>vis</strong></span> <span class='ocrx_word' id='word_1_380' title='bbox 1330 5024 1347 5056; x_wconf 76' lang='grc' dir='ltr'><strong>ι</strong></span> <span class='ocrx_word' id='word_1_381' title='bbox 1386 5005 1494 5078; x_wconf 89' lang='lat' dir='ltr'><strong>(Id.</strong></span> <span class='ocrx_word' id='word_1_382' title='bbox 1528 5023 1640 5071; x_wconf 68' lang='grc' dir='ltr'><strong>χχι,</strong></span> <span class='ocrx_word' id='word_1_383' title='bbox 1670 5010 1779 5080; x_wconf 86' lang='lat' dir='ltr'><strong>l8).</strong></span> <span class='ocrx_word' id='word_1_384' title='bbox 1809 5010 1904 5067; x_wconf 89' lang='lat' dir='ltr'><strong>Ubi</strong></span> <span class='ocrx_word' id='word_1_385' title='bbox 1930 5020 2051 5078; x_wconf 83' lang='lat' dir='ltr'><strong>est,</strong></span> 
     </span>
    </p>
   </div>
   <div class='ocr_carea' id='block_1_52' title="bbox 474 5093 2054 5174">
    <p class='ocr_par' dir='ltr' id='par_1_52' title="bbox 474 5093 2054 5174">
     <span class='ocr_line' id='line_1_52' title="bbox 474 5093 2054 5174; baseline 0.009 -30"><span class='ocrx_word' id='word_1_386' title='bbox 474 5111 492 5142; x_wconf 84' lang='grc'><strong>‹</strong></span> <span class='ocrx_word' id='word_1_387' title='bbox 533 5093 731 5148; x_wconf 87' lang='lat' dir='ltr'><strong>Tecum</strong></span> <span class='ocrx_word' id='word_1_388' title='bbox 760 5109 854 5149; x_wconf 91' lang='lat' dir='ltr'><strong>ero</strong></span> <span class='ocrx_word' id='word_1_389' title='bbox 889 5111 1055 5166; x_wconf 92' lang='lat' dir='ltr'><strong>usque</strong></span> <span class='ocrx_word' id='word_1_390' title='bbox 1083 5096 1149 5151; x_wconf 90' lang='lat' dir='ltr'><strong>ad</strong></span> <span class='ocrx_word' id='word_1_391' title='bbox 1175 5107 1400 5152; x_wconf 89' lang='lat' dir='ltr'><strong>mortem</strong></span> <span class='ocrx_word' id='word_1_392' title='bbox 1435 5117 1453 5148; x_wconf 76' lang='grc' dir='ltr'><strong>ι</strong></span> <span class='ocrx_word' id='word_1_393' title='bbox 1487 5097 1633 5169; x_wconf 85' lang='lat' dir='ltr'><strong>(Luc.</strong></span> <span class='ocrx_word' id='word_1_394' title='bbox 1662 5117 1790 5166; x_wconf 73' lang='grc' dir='ltr'><strong>χχιι,</strong></span> <span class='ocrx_word' id='word_1_395' title='bbox 1821 5104 1946 5174; x_wconf 79' lang='lat'><strong>55)?</strong></span> <span class='ocrx_word' id='word_1_396' title='bbox 1966 5103 2054 5158; x_wconf 92' lang='lat' dir='ltr'><strong>ubi</strong></span> 
     </span>
    </p>
   </div>
   <div class='ocr_carea' id='block_1_53' title="bbox 471 5176 2054 5260">
    <p class='ocr_par' dir='ltr' id='par_1_53' title="bbox 471 5176 2054 5260">
     <span class='ocr_line' id='line_1_53' title="bbox 471 5176 2054 5260; baseline 0.008 -20"><span class='ocrx_word' id='word_1_397' title='bbox 471 5193 580 5253; x_wconf 88' lang='lat' dir='ltr'><strong>est,</strong></span> <span class='ocrx_word' id='word_1_398' title='bbox 615 5204 634 5237; x_wconf 84' lang='grc'><strong><em>‹</em></strong></span> <span class='ocrx_word' id='word_1_399' title='bbox 671 5187 917 5240; x_wconf 90' lang='lat' dir='ltr'><strong>Animam</strong></span> <span class='ocrx_word' id='word_1_400' title='bbox 949 5203 1120 5243; x_wconf 89' lang='lat' dir='ltr'><strong>meam</strong></span> <span class='ocrx_word' id='word_1_401' title='bbox 1151 5204 1248 5258; x_wconf 90' lang='lat' dir='ltr'><strong>pro</strong></span> <span class='ocrx_word' id='word_1_402' title='bbox 1288 5201 1338 5245; x_wconf 91' lang='lat' dir='ltr'><strong>te</strong></span> <span class='ocrx_word' id='word_1_403' title='bbox 1368 5176 1617 5260; x_wconf 88' lang='lat' dir='ltr'><strong>ponam?</strong></span> <span class='ocrx_word' id='word_1_404' title='bbox 1651 5212 1670 5245; x_wconf 74' lang='grc' dir='ltr'><strong>ι</strong></span> <span class='ocrx_word' id='word_1_405' title='bbox 1705 5194 1841 5250; x_wconf 87' lang='lat' dir='ltr'><strong>Ecce</strong></span> <span class='ocrx_word' id='word_1_406' title='bbox 1869 5196 2054 5251; x_wconf 80' lang='lat' dir='ltr'><strong>formi-</strong></span> 
     </span>
    </p>
   </div>
   <div class='ocr_carea' id='block_1_54' title="bbox 469 5278 2056 5356">
    <p class='ocr_par' dir='ltr' id='par_1_54' title="bbox 469 5278 2056 5356">
     <span class='ocr_line' id='line_1_54' title="bbox 469 5278 2056 5356; baseline 0.008 -24"><span class='ocrx_word' id='word_1_407' title='bbox 469 5278 642 5345; x_wconf 87' lang='lat' dir='ltr'><strong>dabis,</strong></span> <span class='ocrx_word' id='word_1_408' title='bbox 671 5293 796 5334; x_wconf 89' lang='lat' dir='ltr'><strong>ecce</strong></span> <span class='ocrx_word' id='word_1_409' title='bbox 826 5281 1041 5350; x_wconf 79' lang='lat' dir='ltr'><strong>negabis</strong></span> <span class='ocrx_word' id='word_1_410' title='bbox 1065 5322 1081 5348; x_wconf 96' lang='lat'><strong>,</strong></span> <span class='ocrx_word' id='word_1_411' title='bbox 1125 5297 1251 5339; x_wconf 90' lang='lat' dir='ltr'><strong>ecce</strong></span> <span class='ocrx_word' id='word_1_412' title='bbox 1277 5285 1510 5353; x_wconf 90' lang='lat' dir='ltr'><strong>plorabis</strong></span> <span class='ocrx_word' id='word_1_413' title='bbox 1535 5303 1548 5351; x_wconf 90' lang='lat'><strong>;</strong></span> <span class='ocrx_word' id='word_1_414' title='bbox 1578 5296 1633 5340; x_wconf 91' lang='lat' dir='ltr'><strong>et</strong></span> <span class='ocrx_word' id='word_1_415' title='bbox 1661 5303 1757 5356; x_wconf 88' lang='lat' dir='ltr'><strong>pro</strong></span> <span class='ocrx_word' id='word_1_416' title='bbox 1786 5304 1890 5356; x_wconf 90' lang='lat' dir='ltr'><strong>quo</strong></span> <span class='ocrx_word' id='word_1_417' title='bbox 1919 5292 2056 5345; x_wconf 86' lang='lat' dir='ltr'><strong>mori</strong></span> 
     </span>
    </p>
   </div>
   <div class='ocr_carea' id='block_1_55' title="bbox 473 5373 2054 5449">
    <p class='ocr_par' dir='ltr' id='par_1_55' title="bbox 473 5373 2054 5449">
     <span class='ocr_line' id='line_1_55' title="bbox 473 5373 2054 5449; baseline 0.006 -22"><span class='ocrx_word' id='word_1_418' title='bbox 473 5373 717 5440; x_wconf 89' lang='lat' dir='ltr'><strong>timuisti,</strong></span> <span class='ocrx_word' id='word_1_419' title='bbox 755 5384 1029 5446; x_wconf 79' lang='lat' dir='ltr'><strong>resurget,</strong></span> <span class='ocrx_word' id='word_1_420' title='bbox 1057 5385 1113 5431; x_wconf 93' lang='lat' dir='ltr'><strong>et</strong></span> <span class='ocrx_word' id='word_1_421' title='bbox 1142 5377 1458 5434; x_wconf 85' lang='lat' dir='ltr'><strong>lirmaberis.</strong></span> <span class='ocrx_word' id='word_1_422' title='bbox 1490 5378 1629 5449; x_wconf 92' lang='lat' dir='ltr'><strong>Quid</strong></span> <span class='ocrx_word' id='word_1_423' title='bbox 1653 5379 1794 5436; x_wconf 85' lang='lat' dir='ltr'><strong>enim</strong></span> <span class='ocrx_word' id='word_1_424' title='bbox 1825 5381 2016 5437; x_wconf 90' lang='lat' dir='ltr'><strong>mirum</strong></span> <span class='ocrx_word' id='word_1_425' title='bbox 2037 5423 2054 5449; x_wconf 92' lang='lat'><strong>,</strong></span> 
     </span>
    </p>
   </div>
   <div class='ocr_carea' id='block_1_56' title="bbox 473 5466 2057 5543">
    <p class='ocr_par' dir='ltr' id='par_1_56' title="bbox 473 5466 2057 5543">
     <span class='ocr_line' id='line_1_56' title="bbox 473 5466 2057 5543; baseline 0.005 -24"><span class='ocrx_word' id='word_1_426' title='bbox 473 5466 592 5536; x_wconf 86' lang='lat' dir='ltr'><strong>quia</strong></span> <span class='ocrx_word' id='word_1_427' title='bbox 630 5468 805 5523; x_wconf 91' lang='lat' dir='ltr'><strong>timuit</strong></span> <span class='ocrx_word' id='word_1_428' title='bbox 841 5467 1064 5532; x_wconf 88' lang='lat' dir='ltr'><strong>Petrus,</strong></span> <span class='ocrx_word' id='word_1_429' title='bbox 1106 5477 1388 5540; x_wconf 88' lang='lat' dir='ltr'><strong>antequam</strong></span> <span class='ocrx_word' id='word_1_430' title='bbox 1428 5481 1734 5543; x_wconf 84' lang='lat' dir='ltr'><strong>resurgeret</strong></span> <span class='ocrx_word' id='word_1_431' title='bbox 1775 5471 2057 5529; x_wconf 87' lang='lat' dir='ltr'><strong>Christus?</strong></span> 
     </span>
    </p>
   </div>
   <div class='ocr_carea' id='block_1_57' title="bbox 468 5557 2056 5634">
    <p class='ocr_par' dir='ltr' id='par_1_57' title="bbox 468 5557 2056 5634">
     <span class='ocr_line' id='line_1_57' title="bbox 468 5557 2056 5634; baseline 0.005 -22"><span class='ocrx_word' id='word_1_432' title='bbox 468 5557 610 5613; x_wconf 89' lang='lat' dir='ltr'><strong>Ecce</strong></span> <span class='ocrx_word' id='word_1_433' title='bbox 645 5557 758 5628; x_wconf 87' lang='lat' dir='ltr'><strong>jam</strong></span> <span class='ocrx_word' id='word_1_434' title='bbox 805 5560 1103 5615; x_wconf 81' lang='lat' dir='ltr'><strong>resurrexit</strong></span> <span class='ocrx_word' id='word_1_435' title='bbox 1138 5560 1420 5630; x_wconf 84' lang='lat' dir='ltr'><strong>Christus,</strong></span> <span class='ocrx_word' id='word_1_436' title='bbox 1462 5563 1572 5633; x_wconf 89' lang='lat' dir='ltr'><strong>jam</strong></span> <span class='ocrx_word' id='word_1_437' title='bbox 1615 5572 1835 5634; x_wconf 88' lang='lat' dir='ltr'><strong>apparet</strong></span> <span class='ocrx_word' id='word_1_438' title='bbox 1860 5565 2056 5620; x_wconf 84' lang='lat' dir='ltr'><strong>veritas</strong></span> 
     </span>
    </p>
   </div>
   <div class='ocr_carea' id='block_1_58' title="bbox 471 5649 2060 5726">
    <p class='ocr_par' dir='ltr' id='par_1_58' title="bbox 471 5649 2060 5726">
     <span class='ocr_line' id='line_1_58' title="bbox 471 5649 2060 5726; baseline 0.007 -24"><span class='ocrx_word' id='word_1_439' title='bbox 471 5649 664 5704; x_wconf 77' lang='lat' dir='ltr'><strong>anima:</strong></span> <span class='ocrx_word' id='word_1_440' title='bbox 691 5659 747 5706; x_wconf 91' lang='lat' dir='ltr'><strong>et</strong></span> <span class='ocrx_word' id='word_1_441' title='bbox 785 5653 980 5718; x_wconf 89' lang='lat' dir='ltr'><strong>carnis,</strong></span> <span class='ocrx_word' id='word_1_442' title='bbox 1004 5652 1116 5724; x_wconf 87' lang='lat' dir='ltr'><strong>jam</strong></span> <span class='ocrx_word' id='word_1_443' title='bbox 1142 5654 1284 5724; x_wconf 92' lang='lat' dir='ltr'><strong>quod</strong></span> <span class='ocrx_word' id='word_1_444' title='bbox 1309 5664 1391 5712; x_wconf 93' lang='lat' dir='ltr'><strong>est</strong></span> <span class='ocrx_word' id='word_1_445' title='bbox 1416 5656 1468 5710; x_wconf 93' lang='lat' dir='ltr'><strong>in</strong></span> <span class='ocrx_word' id='word_1_446' title='bbox 1507 5657 1791 5726; x_wconf 90' lang='lat' dir='ltr'><strong>promisso,</strong></span> <span class='ocrx_word' id='word_1_447' title='bbox 1816 5657 2060 5714; x_wconf 87' lang='lat' dir='ltr'><strong>ﬁrmatur</strong></span> 
     </span>
    </p>
   </div>
   <div class='ocr_carea' id='block_1_59' title="bbox 534 5808 1719 5873">
    <p class='ocr_par' dir='ltr' id='par_1_59' title="bbox 534 5808 1719 5873">
     <span class='ocr_line' id='line_1_59' title="bbox 534 5808 1719 5873; baseline 0.008 -15"><span class='ocrx_word' id='word_1_448' title='bbox 534 5808 842 5873; x_wconf 49' lang='lat' dir='ltr'><strong>{Castigatus</strong></span> <span class='ocrx_word' id='word_1_449' title='bbox 872 5811 930 5860; x_wconf 88' lang='lat' dir='ltr'><strong>ad</strong></span> <span class='ocrx_word' id='word_1_450' title='bbox 953 5810 1016 5860; x_wconf 92' lang='lat' dir='ltr'><strong>cl.</strong></span> <span class='ocrx_word' id='word_1_451' title='bbox 1040 5811 1090 5860; x_wconf 93' lang='lat' dir='ltr'><strong>d.</strong></span> <span class='ocrx_word' id='word_1_452' title='bbox 1114 5825 1158 5860; x_wconf 89' lang='lat' dir='ltr'><strong>r.</strong></span> <span class='ocrx_word' id='word_1_453' title='bbox 1181 5826 1275 5862; x_wconf 89' lang='lat' dir='ltr'><strong>rm.</strong></span> <span class='ocrx_word' id='word_1_454' title='bbox 1300 5820 1337 5863; x_wconf 91' lang='lat' dir='ltr'><strong>t.</strong></span> <span class='ocrx_word' id='word_1_455' title='bbox 1363 5827 1408 5862; x_wconf 91' lang='lat' dir='ltr'><strong>v.</strong></span> <span class='ocrx_word' id='word_1_456' title='bbox 1439 5821 1490 5864; x_wconf 93' lang='lat' dir='ltr'><strong>et</strong></span> <span class='ocrx_word' id='word_1_457' title='bbox 1524 5815 1582 5865; x_wconf 92' lang='lat' dir='ltr'><strong>ad</strong></span> <span class='ocrx_word' id='word_1_458' title='bbox 1615 5824 1719 5872; x_wconf 86' lang='lat' dir='ltr'><strong>Lov.</strong></span> 
     </span>
    </p>
   </div>
   <div class='ocr_carea' id='block_1_60' title="bbox 530 5870 1260 5942">
    <p class='ocr_par' dir='ltr' id='par_1_60' title="bbox 530 5870 1260 5942">
     <span class='ocr_line' id='line_1_60' title="bbox 530 5870 1260 5942; baseline 0.003 -18"><span class='ocrx_word' id='word_1_459' title='bbox 530 5870 610 5942; x_wconf 79' lang='grc' dir='ltr'><strong>(α)</strong></span> <span class='ocrx_word' id='word_1_460' title='bbox 638 5870 784 5939; x_wconf 73' lang='lat' dir='ltr'><strong>Alias,</strong></span> <span class='ocrx_word' id='word_1_461' title='bbox 814 5874 880 5927; x_wconf 87' lang='lat' dir='ltr'><strong>de</strong></span> <span class='ocrx_word' id='word_1_462' title='bbox 909 5875 1119 5926; x_wconf 80' lang='lat' dir='ltr'><strong>Diversis</strong></span> <span class='ocrx_word' id='word_1_463' title='bbox 1152 5876 1260 5926; x_wconf 85' lang='lat' dir='ltr'><strong>t07.</strong></span> 
     </span>
    </p>
   </div>
   <div class='ocr_carea' id='block_1_61' title="bbox 1713 349 2516 423">
    <p class='ocr_par' dir='ltr' id='par_1_61' title="bbox 1713 349 2516 423">
     <span class='ocr_line' id='line_1_61' title="bbox 1713 349 2516 423; baseline 0 0"><span class='ocrx_word' id='word_1_464' title='bbox 1713 367 1771 423; x_wconf 91' lang='lat' dir='ltr'><strong>s.</strong></span> <span class='ocrx_word' id='word_1_465' title='bbox 1813 349 2175 422; x_wconf 82' lang='lat' dir='ltr'><strong>AUGUSTlNl</strong></span> <span class='ocrx_word' id='word_1_466' title='bbox 2214 358 2516 423; x_wconf 78' lang='lat' dir='ltr'><strong>EPISCOPI</strong></span> 
     </span>
    </p>
   </div>
   <div class='ocr_carea' id='block_1_62' title="bbox 3623 384 3762 445">
    <p class='ocr_par' dir='ltr' id='par_1_62' title="bbox 3623 384 3762 445">
     <span class='ocr_line' id='line_1_62' title="bbox 3623 384 3762 445; baseline 0.043 -5"><span class='ocrx_word' id='word_1_467' title='bbox 3623 384 3762 445; x_wconf 70' lang='lat'><strong>1360</strong></span> 
     </span>
    </p>
   </div>
   <div class='ocr_carea' id='block_1_63' title="bbox 2173 483 3758 568">
    <p class='ocr_par' dir='ltr' id='par_1_63' title="bbox 2173 483 3758 568">
     <span class='ocr_line' id='line_1_63' title="bbox 2173 483 3758 568; baseline 0.016 -36"><span class='ocrx_word' id='word_1_468' title='bbox 2173 484 2435 554; x_wconf 80' lang='lat' dir='ltr'><strong>exemplo.</strong></span> <span class='ocrx_word' id='word_1_469' title='bbox 2479 483 2699 542; x_wconf 81' lang='lat' dir='ltr'><strong>Videtur</strong></span> <span class='ocrx_word' id='word_1_470' title='bbox 2736 485 2991 547; x_wconf 89' lang='lat' dir='ltr'><strong>Dominus</strong></span> <span class='ocrx_word' id='word_1_471' title='bbox 3011 490 3167 548; x_wconf 74' lang='lat' dir='ltr'><strong>vivus</strong></span> <span class='ocrx_word' id='word_1_472' title='bbox 3199 499 3318 563; x_wconf 91' lang='lat' dir='ltr'><strong>post</strong></span> <span class='ocrx_word' id='word_1_473' title='bbox 3342 507 3558 552; x_wconf 87' lang='lat' dir='ltr'><strong>crucem</strong></span> <span class='ocrx_word' id='word_1_474' title='bbox 3581 536 3598 562; x_wconf 91' lang='lat'><strong>,</strong></span> <span class='ocrx_word' id='word_1_475' title='bbox 3640 511 3758 568; x_wconf 86' lang='lat' dir='ltr'><strong>post</strong></span> 
     </span>
    </p>
   </div>
   <div class='ocr_carea' id='block_1_64' title="bbox 2171 585 3755 662">
    <p class='ocr_par' dir='ltr' id='par_1_64' title="bbox 2171 585 3755 662">
     <span class='ocr_line' id='line_1_64' title="bbox 2171 585 3755 662; baseline 0.012 -29"><span class='ocrx_word' id='word_1_476' title='bbox 2171 587 2420 646; x_wconf 88' lang='lat' dir='ltr'><strong>mortem,</strong></span> <span class='ocrx_word' id='word_1_477' title='bbox 2451 591 2572 652; x_wconf 89' lang='lat' dir='ltr'><strong>post</strong></span> <span class='ocrx_word' id='word_1_478' title='bbox 2621 585 2946 654; x_wconf 88' lang='lat' dir='ltr'><strong>sepulcrum.</strong></span> <span class='ocrx_word' id='word_1_479' title='bbox 2991 586 3187 644; x_wconf 91' lang='lat' dir='ltr'><strong>Parum</strong></span> <span class='ocrx_word' id='word_1_480' title='bbox 3225 597 3310 646; x_wconf 90' lang='lat' dir='ltr'><strong>est</strong></span> <span class='ocrx_word' id='word_1_481' title='bbox 3332 591 3476 662; x_wconf 89' lang='lat' dir='ltr'><strong>quod</strong></span> <span class='ocrx_word' id='word_1_482' title='bbox 3504 592 3755 652; x_wconf 90' lang='lat' dir='ltr'><strong>videtur:</strong></span> 
     </span>
    </p>
   </div>
   <div class='ocr_carea' id='block_1_65' title="bbox 2171 675 3758 759">
    <p class='ocr_par' dir='ltr' id='par_1_65' title="bbox 2171 675 3758 759">
     <span class='ocr_line' id='line_1_65' title="bbox 2171 675 3758 759; baseline 0.011 -33"><span class='ocrx_word' id='word_1_483' title='bbox 2171 675 2424 744; x_wconf 84' lang='lat' dir='ltr'><strong>tangitur,</strong></span> <span class='ocrx_word' id='word_1_484' title='bbox 2451 685 2828 746; x_wconf 88' lang='lat' dir='ltr'><strong>contrectatur,</strong></span> <span class='ocrx_word' id='word_1_485' title='bbox 2855 680 3130 750; x_wconf 88' lang='lat' dir='ltr'><strong>probatur.</strong></span> <span class='ocrx_word' id='word_1_486' title='bbox 3163 681 3312 738; x_wconf 83' lang='lat' dir='ltr'><strong>Fecit</strong></span> <span class='ocrx_word' id='word_1_487' title='bbox 3334 699 3457 740; x_wconf 91' lang='lat' dir='ltr'><strong>cum</strong></span> <span class='ocrx_word' id='word_1_488' title='bbox 3482 685 3758 759; x_wconf 87' lang='lat' dir='ltr'><strong>discipulis</strong></span> 
     </span>
    </p>
   </div>
   <div class='ocr_carea' id='block_1_66' title="bbox 2169 765 3759 844">
    <p class='ocr_par' dir='ltr' id='par_1_66' title="bbox 2169 765 3759 844">
     <span class='ocr_line' id='line_1_66' title="bbox 2169 765 3759 844; baseline 0.011 -26"><span class='ocrx_word' id='word_1_489' title='bbox 2169 765 2514 837; x_wconf 86' lang='lat' dir='ltr'><strong>quadraginta</strong></span> <span class='ocrx_word' id='word_1_490' title='bbox 2545 768 2682 837; x_wconf 91' lang='lat' dir='ltr'><strong>dies,</strong></span> <span class='ocrx_word' id='word_1_491' title='bbox 2732 770 2938 826; x_wconf 89' lang='lat' dir='ltr'><strong>intrans</strong></span> <span class='ocrx_word' id='word_1_492' title='bbox 2979 781 3034 828; x_wconf 89' lang='lat' dir='ltr'><strong>et</strong></span> <span class='ocrx_word' id='word_1_493' title='bbox 3072 774 3294 844; x_wconf 83' lang='lat' dir='ltr'><strong>exiens,</strong></span> <span class='ocrx_word' id='word_1_494' title='bbox 3334 777 3670 834; x_wconf 87' lang='lat' dir='ltr'><strong>manducans</strong></span> <span class='ocrx_word' id='word_1_495' title='bbox 3705 788 3759 836; x_wconf 89' lang='lat' dir='ltr'><strong>et</strong></span> 
     </span>
    </p>
   </div>
   <div class='ocr_carea' id='block_1_67' title="bbox 2168 854 3756 940">
    <p class='ocr_par' dir='ltr' id='par_1_67' title="bbox 2168 854 3756 940">
     <span class='ocr_line' id='line_1_67' title="bbox 2168 854 3756 940; baseline 0.009 -30"><span class='ocrx_word' id='word_1_496' title='bbox 2168 854 2379 924; x_wconf 81' lang='lat' dir='ltr'><strong>bibens,</strong></span> <span class='ocrx_word' id='word_1_497' title='bbox 2411 872 2515 913; x_wconf 91' lang='lat' dir='ltr'><strong>non</strong></span> <span class='ocrx_word' id='word_1_498' title='bbox 2544 869 2799 930; x_wconf 88' lang='lat' dir='ltr'><strong>egestate,</strong></span> <span class='ocrx_word' id='word_1_499' title='bbox 2829 861 2924 919; x_wconf 87' lang='lat' dir='ltr'><strong>sed</strong></span> <span class='ocrx_word' id='word_1_500' title='bbox 2960 872 3256 934; x_wconf 88' lang='lat' dir='ltr'><strong>potestate;</strong></span> <span class='ocrx_word' id='word_1_501' title='bbox 3285 882 3392 922; x_wconf 92' lang='lat' dir='ltr'><strong>non</strong></span> <span class='ocrx_word' id='word_1_502' title='bbox 3415 870 3756 940; x_wconf 86' lang='lat' dir='ltr'><strong>necessitate,</strong></span> 
     </span>
    </p>
   </div>
   <div class='ocr_carea' id='block_1_68' title="bbox 2167 948 3755 1030">
    <p class='ocr_par' dir='ltr' id='par_1_68' title="bbox 2167 948 3755 1030">
     <span class='ocr_line' id='line_1_68' title="bbox 2167 948 3755 1030; baseline 0.009 -27"><span class='ocrx_word' id='word_1_503' title='bbox 2167 948 2261 1005; x_wconf 91' lang='lat' dir='ltr'><strong>sed</strong></span> <span class='ocrx_word' id='word_1_504' title='bbox 2285 949 2541 1008; x_wconf 83' lang='lat' dir='ltr'><strong>charitate</strong></span> <span class='ocrx_word' id='word_1_505' title='bbox 2571 954 2936 1012; x_wconf 88' lang='lat' dir='ltr'><strong>:manducans</strong></span> <span class='ocrx_word' id='word_1_506' title='bbox 2960 966 3016 1012; x_wconf 91' lang='lat' dir='ltr'><strong>et</strong></span> <span class='ocrx_word' id='word_1_507' title='bbox 3050 958 3273 1026; x_wconf 89' lang='lat' dir='ltr'><strong>bibens,</strong></span> <span class='ocrx_word' id='word_1_508' title='bbox 3298 976 3411 1016; x_wconf 91' lang='lat' dir='ltr'><strong>non</strong></span> <span class='ocrx_word' id='word_1_509' title='bbox 3447 961 3755 1030; x_wconf 91' lang='lat' dir='ltr'><strong>esuriendo,</strong></span> 
     </span>
    </p>
   </div>
   <div class='ocr_carea' id='block_1_69' title="bbox 2168 1043 3756 1112">
    <p class='ocr_par' dir='ltr' id='par_1_69' title="bbox 2168 1043 3756 1112">
     <span class='ocr_line' id='line_1_69' title="bbox 2168 1043 3756 1112; baseline 0.009 -17"><span class='ocrx_word' id='word_1_510' title='bbox 2168 1056 2267 1096; x_wconf 91' lang='lat' dir='ltr'><strong>nec</strong></span> <span class='ocrx_word' id='word_1_511' title='bbox 2303 1043 2551 1112; x_wconf 87' lang='lat' dir='ltr'><strong>sitiendo,</strong></span> <span class='ocrx_word' id='word_1_512' title='bbox 2599 1046 2696 1102; x_wconf 92' lang='lat' dir='ltr'><strong>sed</strong></span> <span class='ocrx_word' id='word_1_513' title='bbox 2738 1047 2979 1105; x_wconf 91' lang='lat' dir='ltr'><strong>docendo</strong></span> <span class='ocrx_word' id='word_1_514' title='bbox 3004 1057 3059 1106; x_wconf 90' lang='lat' dir='ltr'><strong>et</strong></span> <span class='ocrx_word' id='word_1_515' title='bbox 3081 1051 3450 1108; x_wconf 87' lang='lat' dir='ltr'><strong>monstrando.</strong></span> <span class='ocrx_word' id='word_1_516' title='bbox 3495 1052 3756 1110; x_wconf 88' lang='lat' dir='ltr'><strong>Probatus</strong></span> 
     </span>
    </p>
   </div>
   <div class='ocr_carea' id='block_1_70' title="bbox 2168 1141 3750 1216">
    <p class='ocr_par' dir='ltr' id='par_1_70' title="bbox 2168 1141 3750 1216">
     <span class='ocr_line' id='line_1_70' title="bbox 2168 1141 3750 1216; baseline 0.007 -26"><span class='ocrx_word' id='word_1_517' title='bbox 2168 1151 2326 1191; x_wconf 87' lang='lat' dir='ltr'><strong>verus</strong></span> <span class='ocrx_word' id='word_1_518' title='bbox 2358 1146 2412 1193; x_wconf 90' lang='lat' dir='ltr'><strong>et</strong></span> <span class='ocrx_word' id='word_1_519' title='bbox 2443 1153 2603 1195; x_wconf 79' lang='lat' dir='ltr'><strong>verax</strong></span> <span class='ocrx_word' id='word_1_520' title='bbox 2625 1182 2639 1208; x_wconf 95' lang='lat'><strong>,</strong></span> <span class='ocrx_word' id='word_1_521' title='bbox 2671 1141 2912 1197; x_wconf 89' lang='lat' dir='ltr'><strong>ascendit</strong></span> <span class='ocrx_word' id='word_1_522' title='bbox 2951 1143 3005 1198; x_wconf 93' lang='lat' dir='ltr'><strong>in</strong></span> <span class='ocrx_word' id='word_1_523' title='bbox 3037 1144 3266 1213; x_wconf 57' lang='lat' dir='ltr'><strong>caelum,</strong></span> <span class='ocrx_word' id='word_1_524' title='bbox 3292 1145 3459 1200; x_wconf 91' lang='lat' dir='ltr'><strong>mittit</strong></span> <span class='ocrx_word' id='word_1_525' title='bbox 3496 1145 3750 1216; x_wconf 89' lang='lat' dir='ltr'><strong>Spiritum</strong></span> 
     </span>
    </p>
   </div>
   <div class='ocr_carea' id='block_1_71' title="bbox 2167 1232 3754 1310">
    <p class='ocr_par' dir='ltr' id='par_1_71' title="bbox 2167 1232 3754 1310">
     <span class='ocr_line' id='line_1_71' title="bbox 2167 1232 3754 1310; baseline 0.008 -27"><span class='ocrx_word' id='word_1_526' title='bbox 2167 1239 2430 1298; x_wconf 90' lang='lat' dir='ltr'><strong>sanctum,</strong></span> <span class='ocrx_word' id='word_1_527' title='bbox 2463 1232 2650 1304; x_wconf 89' lang='lat' dir='ltr'><strong>implet</strong></span> <span class='ocrx_word' id='word_1_528' title='bbox 2685 1235 2970 1294; x_wconf 87' lang='lat' dir='ltr'><strong>credentes</strong></span> <span class='ocrx_word' id='word_1_529' title='bbox 3013 1245 3070 1293; x_wconf 90' lang='lat' dir='ltr'><strong>et</strong></span> <span class='ocrx_word' id='word_1_530' title='bbox 3109 1247 3345 1304; x_wconf 86' lang='lat' dir='ltr'><strong>orantes,</strong></span> <span class='ocrx_word' id='word_1_531' title='bbox 3375 1240 3538 1295; x_wconf 88' lang='lat' dir='ltr'><strong>mittit</strong></span> <span class='ocrx_word' id='word_1_532' title='bbox 3564 1241 3754 1310; x_wconf 59' lang='lat' dir='ltr'><strong>pra‘di-</strong></span> 
     </span>
    </p>
   </div>
   <div class='ocr_carea' id='block_1_72' title="bbox 2165 1313 3756 1403">
    <p class='ocr_par' dir='ltr' id='par_1_72' title="bbox 2165 1313 3756 1403">
     <span class='ocr_line' id='line_1_72' title="bbox 2165 1313 3756 1403; baseline 0.006 -26"><span class='ocrx_word' id='word_1_533' title='bbox 2165 1332 2371 1380; x_wconf 90' lang='lat' dir='ltr'><strong>cantes.</strong></span> <span class='ocrx_word' id='word_1_534' title='bbox 2403 1313 2470 1380; x_wconf 84' lang='lat' dir='ltr'><strong>Et</strong></span> <span class='ocrx_word' id='word_1_535' title='bbox 2500 1333 2678 1382; x_wconf 87' lang='lat' dir='ltr'><strong>tamen</strong></span> <span class='ocrx_word' id='word_1_536' title='bbox 2706 1337 2826 1398; x_wconf 91' lang='lat' dir='ltr'><strong>post</strong></span> <span class='ocrx_word' id='word_1_537' title='bbox 2851 1327 2966 1385; x_wconf 67' lang='lat' dir='ltr'><strong>hmc</strong></span> <span class='ocrx_word' id='word_1_538' title='bbox 2991 1332 3191 1398; x_wconf 91' lang='lat' dir='ltr'><strong>omnia,</strong></span> <span class='ocrx_word' id='word_1_539' title='bbox 3215 1331 3431 1387; x_wconf 89' lang='lat' dir='ltr'><strong>Petrum</strong></span> <span class='ocrx_word' id='word_1_540' title='bbox 3458 1333 3597 1388; x_wconf 91' lang='lat' dir='ltr'><strong>alius</strong></span> <span class='ocrx_word' id='word_1_541' title='bbox 3623 1350 3756 1403; x_wconf 70' lang='lat' dir='ltr'><strong>prm-</strong></span> 
     </span>
    </p>
   </div>
   <div class='ocr_carea' id='block_1_73' title="bbox 2163 1415 3753 1495">
    <p class='ocr_par' dir='ltr' id='par_1_73' title="bbox 2163 1415 3753 1495">
     <span class='ocr_line' id='line_1_73' title="bbox 2163 1415 3753 1495; baseline 0.006 -27"><span class='ocrx_word' id='word_1_542' title='bbox 2163 1415 2347 1486; x_wconf 87' lang='lat' dir='ltr'><strong>cingit,</strong></span> <span class='ocrx_word' id='word_1_543' title='bbox 2369 1425 2424 1472; x_wconf 91' lang='lat' dir='ltr'><strong>et</strong></span> <span class='ocrx_word' id='word_1_544' title='bbox 2447 1417 2547 1471; x_wconf 82' lang='lat' dir='ltr'><strong>fert</strong></span> <span class='ocrx_word' id='word_1_545' title='bbox 2570 1433 2674 1488; x_wconf 91' lang='lat' dir='ltr'><strong>quo</strong></span> <span class='ocrx_word' id='word_1_546' title='bbox 2694 1419 2809 1488; x_wconf 88' lang='lat' dir='ltr'><strong>ipse</strong></span> <span class='ocrx_word' id='word_1_547' title='bbox 2835 1436 2940 1476; x_wconf 92' lang='lat' dir='ltr'><strong>non</strong></span> <span class='ocrx_word' id='word_1_548' title='bbox 2961 1421 3092 1476; x_wconf 91' lang='lat' dir='ltr'><strong>vult.</strong></span> <span class='ocrx_word' id='word_1_549' title='bbox 3124 1422 3278 1489; x_wconf 91' lang='lat' dir='ltr'><strong>Quod</strong></span> <span class='ocrx_word' id='word_1_550' title='bbox 3304 1425 3522 1479; x_wconf 87' lang='lat' dir='ltr'><strong>volebas</strong></span> <span class='ocrx_word' id='word_1_551' title='bbox 3541 1425 3753 1495; x_wconf 88' lang='lat' dir='ltr'><strong>quando</strong></span> 
     </span>
    </p>
   </div>
   <div class='ocr_carea' id='block_1_74' title="bbox 2165 1507 3750 1588">
    <p class='ocr_par' dir='ltr' id='par_1_74' title="bbox 2165 1507 3750 1588">
     <span class='ocr_line' id='line_1_74' title="bbox 2165 1507 3750 1588; baseline 0.008 -27"><span class='ocrx_word' id='word_1_552' title='bbox 2165 1507 2423 1564; x_wconf 89' lang='lat' dir='ltr'><strong>Dominus</strong></span> <span class='ocrx_word' id='word_1_553' title='bbox 2467 1511 2808 1581; x_wconf 80' lang='lat' dir='ltr'><strong>praedicebat,</strong></span> <span class='ocrx_word' id='word_1_554' title='bbox 2842 1521 2968 1571; x_wconf 91' lang='lat' dir='ltr'><strong>tunc</strong></span> <span class='ocrx_word' id='word_1_555' title='bbox 3005 1515 3170 1572; x_wconf 90' lang='lat' dir='ltr'><strong>velles</strong></span> <span class='ocrx_word' id='word_1_556' title='bbox 3206 1514 3419 1586; x_wconf 87' lang='lat' dir='ltr'><strong>quando</strong></span> <span class='ocrx_word' id='word_1_557' title='bbox 3461 1518 3614 1588; x_wconf 82' lang='lat' dir='ltr'><strong>sequi</strong></span> <span class='ocrx_word' id='word_1_558' title='bbox 3659 1518 3750 1573; x_wconf 87' lang='lat' dir='ltr'><strong>de-</strong></span> 
     </span>
    </p>
   </div>
   <div class='ocr_carea' id='block_1_75' title="bbox 2161 1601 2345 1658">
    <p class='ocr_par' dir='ltr' id='par_1_75' title="bbox 2161 1601 2345 1658">
     <span class='ocr_line' id='line_1_75' title="bbox 2161 1601 2345 1658; baseline 0.011 -2"><span class='ocrx_word' id='word_1_559' title='bbox 2161 1601 2345 1658; x_wconf 87' lang='lat' dir='ltr'><strong>bebas.</strong></span> 
     </span>
    </p>
   </div>
   <div class='ocr_carea' id='block_1_76' title="bbox 2233 1693 3753 1762">
    <p class='ocr_par' dir='ltr' id='par_1_76' title="bbox 2233 1693 3753 1762">
     <span class='ocr_line' id='line_1_76' title="bbox 2233 1693 3753 1762; baseline 0.004 -11"><span class='ocrx_word' id='word_1_560' title='bbox 2233 1693 2459 1753; x_wconf 87' lang='lat' dir='ltr'><strong>CAPUT</strong></span> <span class='ocrx_word' id='word_1_561' title='bbox 2497 1696 2561 1752; x_wconf 89' lang='lat' dir='ltr'><strong>ll.</strong></span> <span class='ocrx_word' id='word_1_562' title='bbox 2585 1726 2658 1739; x_wconf 88' lang='lat'><strong>—</strong></span> <span class='ocrx_word' id='word_1_563' title='bbox 2684 1699 2738 1756; x_wconf 83' lang='lat'><strong>‘5.</strong></span> <span class='ocrx_word' id='word_1_564' title='bbox 2781 1698 2964 1755; x_wconf 80' lang='lat' dir='ltr'><strong>Mortis</strong></span> <span class='ocrx_word' id='word_1_565' title='bbox 3001 1701 3287 1756; x_wconf 83' lang='lat' dir='ltr'><strong>amaritudo</strong></span> <span class='ocrx_word' id='word_1_566' title='bbox 3318 1703 3531 1762; x_wconf 83' lang='lat' dir='ltr'><strong>tolerata</strong></span> <span class='ocrx_word' id='word_1_567' title='bbox 3559 1721 3593 1758; x_wconf 91' lang='lat' dir='ltr'><strong>a</strong></span> <span class='ocrx_word' id='word_1_568' title='bbox 3620 1722 3753 1758; x_wconf 89' lang='lat' dir='ltr'><strong>mar-</strong></span> 
     </span>
    </p>
   </div>
   <div class='ocr_carea' id='block_1_77' title="bbox 2163 1788 3751 1867">
    <p class='ocr_par' dir='ltr' id='par_1_77' title="bbox 2163 1788 3751 1867">
     <span class='ocr_line' id='line_1_77' title="bbox 2163 1788 3751 1867; baseline 0.005 -26"><span class='ocrx_word' id='word_1_569' title='bbox 2163 1788 2374 1858; x_wconf 76' lang='lat' dir='ltr'><strong>tyribus.</strong></span> <span class='ocrx_word' id='word_1_570' title='bbox 2400 1788 2689 1862; x_wconf 80' lang='lat' dir='ltr'><strong>Martyrum</strong></span> <span class='ocrx_word' id='word_1_571' title='bbox 2716 1792 2835 1846; x_wconf 85' lang='lat' dir='ltr'><strong>inde</strong></span> <span class='ocrx_word' id='word_1_572' title='bbox 2867 1809 3054 1848; x_wconf 87' lang='lat' dir='ltr'><strong>corona</strong></span> <span class='ocrx_word' id='word_1_573' title='bbox 3081 1794 3351 1849; x_wconf 73' lang='lat' dir='ltr'><strong>illustrior.</strong></span> <span class='ocrx_word' id='word_1_574' title='bbox 3380 1793 3583 1851; x_wconf 71' lang='lat' dir='ltr'><strong>Petrei:</strong></span> <span class='ocrx_word' id='word_1_575' title='bbox 3611 1798 3751 1867; x_wconf 75' lang='lat' dir='ltr'><strong>pedi-</strong></span> 
     </span>
    </p>
   </div>
   <div class='ocr_carea' id='block_1_78' title="bbox 2162 1878 3749 1959">
    <p class='ocr_par' dir='ltr' id='par_1_78' title="bbox 2162 1878 3749 1959">
     <span class='ocr_line' id='line_1_78' title="bbox 2162 1878 3749 1959; baseline 0.007 -26"><span class='ocrx_word' id='word_1_576' title='bbox 2162 1878 2253 1934; x_wconf 81' lang='lat' dir='ltr'><strong>bus</strong></span> <span class='ocrx_word' id='word_1_577' title='bbox 2290 1881 2422 1935; x_wconf 80' lang='lat' dir='ltr'><strong>trita:</strong></span> <span class='ocrx_word' id='word_1_578' title='bbox 2458 1882 2647 1952; x_wconf 60' lang='lat' dir='ltr'><strong>spina).</strong></span> <span class='ocrx_word' id='word_1_579' title='bbox 2693 1884 2845 1940; x_wconf 87' lang='lat' dir='ltr'><strong>Alter</strong></span> <span class='ocrx_word' id='word_1_580' title='bbox 2885 1894 2938 1941; x_wconf 89' lang='lat' dir='ltr'><strong>te</strong></span> <span class='ocrx_word' id='word_1_581' title='bbox 2977 1886 3174 1957; x_wconf 92' lang='lat' dir='ltr'><strong>cingit,</strong></span> <span class='ocrx_word' id='word_1_582' title='bbox 3213 1895 3268 1942; x_wconf 93' lang='lat' dir='ltr'><strong>et</strong></span> <span class='ocrx_word' id='word_1_583' title='bbox 3293 1886 3399 1943; x_wconf 82' lang='lat' dir='ltr'><strong>fert</strong></span> <span class='ocrx_word' id='word_1_584' title='bbox 3425 1903 3534 1959; x_wconf 89' lang='lat' dir='ltr'><strong>quo</strong></span> <span class='ocrx_word' id='word_1_585' title='bbox 3563 1898 3617 1944; x_wconf 88' lang='lat' dir='ltr'><strong>tu</strong></span> <span class='ocrx_word' id='word_1_586' title='bbox 3646 1905 3749 1944; x_wconf 88' lang='lat' dir='ltr'><strong>non</strong></span> 
     </span>
    </p>
   </div>
   <div class='ocr_carea' id='block_1_79' title="bbox 2162 1973 3752 2054">
    <p class='ocr_par' dir='ltr' id='par_1_79' title="bbox 2162 1973 3752 2054">
     <span class='ocr_line' id='line_1_79' title="bbox 2162 1973 3752 2054; baseline 0.009 -28"><span class='ocrx_word' id='word_1_587' title='bbox 2162 1973 2263 2028; x_wconf 91' lang='lat' dir='ltr'><strong>vis.</strong></span> <span class='ocrx_word' id='word_1_588' title='bbox 2294 1974 2613 2031; x_wconf 87' lang='lat' dir='ltr'><strong>Consolatur</strong></span> <span class='ocrx_word' id='word_1_589' title='bbox 2633 1977 2897 2040; x_wconf 88' lang='lat' dir='ltr'><strong>Dominus</strong></span> <span class='ocrx_word' id='word_1_590' title='bbox 2921 1979 2988 2035; x_wconf 92' lang='lat' dir='ltr'><strong>de</strong></span> <span class='ocrx_word' id='word_1_591' title='bbox 3015 1979 3139 2047; x_wconf 90' lang='lat' dir='ltr'><strong>hoc,</strong></span> <span class='ocrx_word' id='word_1_592' title='bbox 3172 1982 3560 2054; x_wconf 87' lang='lat' dir='ltr'><strong>transﬁgurans</strong></span> <span class='ocrx_word' id='word_1_593' title='bbox 3602 1983 3658 2038; x_wconf 92' lang='lat' dir='ltr'><strong>in</strong></span> <span class='ocrx_word' id='word_1_594' title='bbox 3697 1999 3752 2040; x_wconf 87' lang='lat' dir='ltr'><strong>se</strong></span> 
     </span>
    </p>
   </div>
   <div class='ocr_carea' id='block_1_80' title="bbox 2162 2062 3750 2136">
    <p class='ocr_par' dir='ltr' id='par_1_80' title="bbox 2162 2062 3750 2136">
     <span class='ocr_line' id='line_1_80' title="bbox 2162 2062 3750 2136; baseline 0.008 -19"><span class='ocrx_word' id='word_1_595' title='bbox 2162 2062 2522 2120; x_wconf 88' lang='lat' dir='ltr'><strong>inﬁrmitatem</strong></span> <span class='ocrx_word' id='word_1_596' title='bbox 2566 2077 2827 2136; x_wconf 89' lang='lat' dir='ltr'><strong>nostram,</strong></span> <span class='ocrx_word' id='word_1_597' title='bbox 2877 2079 2931 2125; x_wconf 93' lang='lat' dir='ltr'><strong>et</strong></span> <span class='ocrx_word' id='word_1_598' title='bbox 2980 2070 3165 2127; x_wconf 91' lang='lat' dir='ltr'><strong>dicens</strong></span> <span class='ocrx_word' id='word_1_599' title='bbox 3208 2090 3221 2126; x_wconf 93' lang='lat'><strong>:</strong></span> <span class='ocrx_word' id='word_1_600' title='bbox 3259 2072 3438 2128; x_wconf 77' lang='lat' dir='ltr'><strong>Tristis</strong></span> <span class='ocrx_word' id='word_1_601' title='bbox 3471 2083 3546 2129; x_wconf 73' lang='lat' dir='ltr'><strong>est</strong></span> <span class='ocrx_word' id='word_1_602' title='bbox 3580 2076 3750 2129; x_wconf 84' lang='lat' dir='ltr'><strong>anima</strong></span> 
     </span>
    </p>
   </div>
   <div class='ocr_carea' id='block_1_81' title="bbox 2161 2160 3751 2238">
    <p class='ocr_par' dir='ltr' id='par_1_81' title="bbox 2161 2160 3751 2238">
     <span class='ocr_line' id='line_1_81' title="bbox 2161 2160 3751 2238; baseline 0.009 -27"><span class='ocrx_word' id='word_1_603' title='bbox 2161 2173 2274 2212; x_wconf 84' lang='lat' dir='ltr'><strong>mea</strong></span> <span class='ocrx_word' id='word_1_604' title='bbox 2296 2174 2452 2227; x_wconf 81' lang='lat' dir='ltr'><strong>usque</strong></span> <span class='ocrx_word' id='word_1_605' title='bbox 2471 2160 2540 2214; x_wconf 91' lang='lat' dir='ltr'><strong>ad</strong></span> <span class='ocrx_word' id='word_1_606' title='bbox 2562 2171 2773 2216; x_wconf 85' lang='lat' dir='ltr'><strong>mortem</strong></span> <span class='ocrx_word' id='word_1_607' title='bbox 2799 2163 3013 2234; x_wconf 82' lang='lat' dir='ltr'><strong>(Matth.</strong></span> <span class='ocrx_word' id='word_1_608' title='bbox 3030 2181 3171 2230; x_wconf 80' lang='lat' dir='ltr'><strong>xxvi,</strong></span> <span class='ocrx_word' id='word_1_609' title='bbox 3197 2167 3313 2237; x_wconf 74' lang='lat'><strong>38).</strong></span> <span class='ocrx_word' id='word_1_610' title='bbox 3336 2167 3465 2224; x_wconf 91' lang='lat' dir='ltr'><strong>lude</strong></span> <span class='ocrx_word' id='word_1_611' title='bbox 3489 2177 3751 2238; x_wconf 77' lang='lat' dir='ltr'><strong>martyres</strong></span> 
     </span>
    </p>
   </div>
   <div class='ocr_carea' id='block_1_82' title="bbox 2161 2249 3747 2327">
    <p class='ocr_par' dir='ltr' id='par_1_82' title="bbox 2161 2249 3747 2327">
     <span class='ocr_line' id='line_1_82' title="bbox 2161 2249 3747 2327; baseline 0.01 -25"><span class='ocrx_word' id='word_1_612' title='bbox 2161 2249 2359 2319; x_wconf 87' lang='lat' dir='ltr'><strong>magni,</strong></span> <span class='ocrx_word' id='word_1_613' title='bbox 2407 2251 2528 2321; x_wconf 88' lang='lat' dir='ltr'><strong>quia</strong></span> <span class='ocrx_word' id='word_1_614' title='bbox 2558 2251 2893 2310; x_wconf 89' lang='lat' dir='ltr'><strong>dulcedinem</strong></span> <span class='ocrx_word' id='word_1_615' title='bbox 2938 2255 3095 2327; x_wconf 87' lang='lat' dir='ltr'><strong>hujus</strong></span> <span class='ocrx_word' id='word_1_616' title='bbox 3133 2259 3316 2315; x_wconf 91' lang='lat' dir='ltr'><strong>mundi</strong></span> <span class='ocrx_word' id='word_1_617' title='bbox 3363 2261 3747 2318; x_wconf 87' lang='lat' dir='ltr'><strong>calcaverunt:</strong></span> 
     </span>
    </p>
   </div>
   <div class='ocr_carea' id='block_1_83' title="bbox 2160 2342 3748 2425">
    <p class='ocr_par' dir='ltr' id='par_1_83' title="bbox 2160 2342 3748 2425">
     <span class='ocr_line' id='line_1_83' title="bbox 2160 2342 3748 2425; baseline 0.01 -29"><span class='ocrx_word' id='word_1_618' title='bbox 2160 2342 2286 2398; x_wconf 93' lang='lat' dir='ltr'><strong>inde</strong></span> <span class='ocrx_word' id='word_1_619' title='bbox 2316 2354 2579 2417; x_wconf 83' lang='lat' dir='ltr'><strong>martyres</strong></span> <span class='ocrx_word' id='word_1_620' title='bbox 2600 2349 2798 2417; x_wconf 88' lang='lat' dir='ltr'><strong>magni,</strong></span> <span class='ocrx_word' id='word_1_621' title='bbox 2820 2349 2943 2419; x_wconf 89' lang='lat' dir='ltr'><strong>quia</strong></span> <span class='ocrx_word' id='word_1_622' title='bbox 2973 2365 3169 2408; x_wconf 76' lang='lat' dir='ltr'><strong>amara:</strong></span> <span class='ocrx_word' id='word_1_623' title='bbox 3192 2354 3380 2409; x_wconf 80' lang='lat' dir='ltr'><strong>mortis</strong></span> <span class='ocrx_word' id='word_1_624' title='bbox 3404 2356 3748 2425; x_wconf 90' lang='lat' dir='ltr'><strong>asperitatem</strong></span> 
     </span>
    </p>
   </div>
   <div class='ocr_carea' id='block_1_84' title="bbox 2159 2441 3750 2516">
    <p class='ocr_par' dir='ltr' id='par_1_84' title="bbox 2159 2441 3750 2516">
     <span class='ocr_line' id='line_1_84' title="bbox 2159 2441 3750 2516; baseline 0.008 -18"><span class='ocrx_word' id='word_1_625' title='bbox 2159 2441 2499 2501; x_wconf 76' lang='lat' dir='ltr'><strong>durissimum</strong></span> <span class='ocrx_word' id='word_1_626' title='bbox 2553 2448 2904 2516; x_wconf 89' lang='lat' dir='ltr'><strong>pertulerunt.</strong></span> <span class='ocrx_word' id='word_1_627' title='bbox 2949 2448 3082 2504; x_wconf 89' lang='lat' dir='ltr'><strong>Nam</strong></span> <span class='ocrx_word' id='word_1_628' title='bbox 3125 2450 3171 2507; x_wconf 90' lang='lat' dir='ltr'><strong>si</strong></span> <span class='ocrx_word' id='word_1_629' title='bbox 3219 2448 3486 2508; x_wconf 79' lang='lat' dir='ltr'><strong>facile-est</strong></span> <span class='ocrx_word' id='word_1_630' title='bbox 3523 2463 3750 2511; x_wconf 87' lang='lat' dir='ltr'><strong>mortem</strong></span> 
     </span>
    </p>
   </div>
   <div class='ocr_carea' id='block_1_85' title="bbox 2160 2533 3750 2616">
    <p class='ocr_par' dir='ltr' id='par_1_85' title="bbox 2160 2533 3750 2616">
     <span class='ocr_line' id='line_1_85' title="bbox 2160 2533 3750 2616; baseline 0.007 -26"><span class='ocrx_word' id='word_1_631' title='bbox 2160 2533 2321 2602; x_wconf 87' lang='lat' dir='ltr'><strong>ferre,</strong></span> <span class='ocrx_word' id='word_1_632' title='bbox 2349 2536 2476 2606; x_wconf 92' lang='lat' dir='ltr'><strong>quid</strong></span> <span class='ocrx_word' id='word_1_633' title='bbox 2505 2553 2756 2610; x_wconf 88' lang='lat' dir='ltr'><strong>magnum</strong></span> <span class='ocrx_word' id='word_1_634' title='bbox 2783 2550 3045 2612; x_wconf 84' lang='lat' dir='ltr'><strong>martyres</strong></span> <span class='ocrx_word' id='word_1_635' title='bbox 3070 2557 3167 2612; x_wconf 90' lang='lat' dir='ltr'><strong>pro</strong></span> <span class='ocrx_word' id='word_1_636' title='bbox 3197 2542 3407 2598; x_wconf 86' lang='lat' dir='ltr'><strong>Domini</strong></span> <span class='ocrx_word' id='word_1_637' title='bbox 3433 2555 3611 2601; x_wconf 88' lang='lat' dir='ltr'><strong>morte</strong></span> <span class='ocrx_word' id='word_1_638' title='bbox 3629 2561 3750 2616; x_wconf 90' lang='lat' dir='ltr'><strong>per-</strong></span> 
     </span>
    </p>
   </div>
   <div class='ocr_carea' id='block_1_86' title="bbox 2163 2629 3753 2702">
    <p class='ocr_par' dir='ltr' id='par_1_86' title="bbox 2163 2629 3753 2702">
     <span class='ocr_line' id='line_1_86' title="bbox 2163 2629 3753 2702; baseline 0.006 -18"><span class='ocrx_word' id='word_1_639' title='bbox 2163 2629 2430 2686; x_wconf 88' lang='lat' dir='ltr'><strong>tulerunt?</strong></span> <span class='ocrx_word' id='word_1_640' title='bbox 2460 2630 2614 2688; x_wconf 88' lang='lat' dir='ltr'><strong>Unde</strong></span> <span class='ocrx_word' id='word_1_641' title='bbox 2644 2635 2858 2702; x_wconf 83' lang='lat' dir='ltr'><strong>magni,</strong></span> <span class='ocrx_word' id='word_1_642' title='bbox 2896 2636 3035 2690; x_wconf 90' lang='lat' dir='ltr'><strong>unde</strong></span> <span class='ocrx_word' id='word_1_643' title='bbox 3075 2637 3308 2701; x_wconf 79' lang='lat' dir='ltr'><strong>excelsi,</strong></span> <span class='ocrx_word' id='word_1_644' title='bbox 3353 2637 3497 2694; x_wconf 89' lang='lat' dir='ltr'><strong>unde</strong></span> <span class='ocrx_word' id='word_1_645' title='bbox 3545 2639 3753 2695; x_wconf 64' lang='lat' dir='ltr'><strong>cmteris</strong></span> 
     </span>
    </p>
   </div>
   <div class='ocr_carea' id='block_1_87' title="bbox 2161 2719 3751 2800">
    <p class='ocr_par' dir='ltr' id='par_1_87' title="bbox 2161 2719 3751 2800">
     <span class='ocr_line' id='line_1_87' title="bbox 2161 2719 3751 2800; baseline 0.006 -25"><span class='ocrx_word' id='word_1_646' title='bbox 2161 2719 2468 2777; x_wconf 87' lang='lat' dir='ltr'><strong>hominibus</strong></span> <span class='ocrx_word' id='word_1_647' title='bbox 2518 2722 2687 2778; x_wconf 92' lang='lat' dir='ltr'><strong>multo</strong></span> <span class='ocrx_word' id='word_1_648' title='bbox 2734 2723 3012 2781; x_wconf 87' lang='lat' dir='ltr'><strong>florentius</strong></span> <span class='ocrx_word' id='word_1_649' title='bbox 3060 2728 3342 2782; x_wconf 85' lang='lat' dir='ltr'><strong>coronati?</strong></span> <span class='ocrx_word' id='word_1_650' title='bbox 3395 2729 3569 2794; x_wconf 87' lang='lat' dir='ltr'><strong>Unde,</strong></span> <span class='ocrx_word' id='word_1_651' title='bbox 3612 2729 3751 2800; x_wconf 92' lang='lat' dir='ltr'><strong>quod</strong></span> 
     </span>
    </p>
   </div>
   <div class='ocr_carea' id='block_1_88' title="bbox 2161 2813 3749 2892">
    <p class='ocr_par' dir='ltr' id='par_1_88' title="bbox 2161 2813 3749 2892">
     <span class='ocr_line' id='line_1_88' title="bbox 2161 2813 3749 2892; baseline 0.008 -26"><span class='ocrx_word' id='word_1_652' title='bbox 2161 2821 2359 2869; x_wconf 90' lang='lat' dir='ltr'><strong>norunt</strong></span> <span class='ocrx_word' id='word_1_653' title='bbox 2388 2813 2590 2879; x_wconf 87' lang='lat' dir='ltr'><strong>ﬁdeles,</strong></span> <span class='ocrx_word' id='word_1_654' title='bbox 2621 2815 2854 2872; x_wconf 88' lang='lat' dir='ltr'><strong>distincti</strong></span> <span class='ocrx_word' id='word_1_655' title='bbox 2879 2834 2910 2872; x_wconf 89' lang='lat' dir='ltr'><strong>a</strong></span> <span class='ocrx_word' id='word_1_656' title='bbox 2935 2817 3202 2874; x_wconf 88' lang='lat' dir='ltr'><strong>defunctis</strong></span> <span class='ocrx_word' id='word_1_657' title='bbox 3223 2821 3340 2875; x_wconf 82' lang='lat' dir='ltr'><strong>loco</strong></span> <span class='ocrx_word' id='word_1_658' title='bbox 3366 2835 3466 2876; x_wconf 91' lang='lat' dir='ltr'><strong>suo</strong></span> <span class='ocrx_word' id='word_1_659' title='bbox 3486 2831 3749 2892; x_wconf 75' lang='lat' dir='ltr'><strong>martyres</strong></span> 
     </span>
    </p>
   </div>
   <div class='ocr_carea' id='block_1_89' title="bbox 2161 2907 3752 2980">
    <p class='ocr_par' dir='ltr' id='par_1_89' title="bbox 2161 2907 3752 2980">
     <span class='ocr_line' id='line_1_89' title="bbox 2161 2907 3752 2980; baseline 0.006 -19"><span class='ocrx_word' id='word_1_660' title='bbox 2161 2907 2487 2974; x_wconf 89' lang='lat' dir='ltr'><strong>recitantur;</strong></span> <span class='ocrx_word' id='word_1_661' title='bbox 2531 2924 2628 2964; x_wconf 91' lang='lat' dir='ltr'><strong>nec</strong></span> <span class='ocrx_word' id='word_1_662' title='bbox 2656 2925 2752 2980; x_wconf 92' lang='lat' dir='ltr'><strong>pro</strong></span> <span class='ocrx_word' id='word_1_663' title='bbox 2786 2911 2866 2965; x_wconf 91' lang='lat' dir='ltr'><strong>eis</strong></span> <span class='ocrx_word' id='word_1_664' title='bbox 2894 2921 3104 2979; x_wconf 89' lang='lat' dir='ltr'><strong>oratur,</strong></span> <span class='ocrx_word' id='word_1_665' title='bbox 3137 2911 3231 2967; x_wconf 91' lang='lat' dir='ltr'><strong>sed</strong></span> <span class='ocrx_word' id='word_1_666' title='bbox 3259 2928 3446 2968; x_wconf 91' lang='lat' dir='ltr'><strong>eorum</strong></span> <span class='ocrx_word' id='word_1_667' title='bbox 3490 2913 3752 2970; x_wconf 85' lang='lat' dir='ltr'><strong>orationi-</strong></span> 
     </span>
    </p>
   </div>
   <div class='ocr_carea' id='block_1_90' title="bbox 2161 2998 3745 3076">
    <p class='ocr_par' dir='ltr' id='par_1_90' title="bbox 2161 2998 3745 3076">
     <span class='ocr_line' id='line_1_90' title="bbox 2161 2998 3745 3076; baseline 0.006 -24"><span class='ocrx_word' id='word_1_668' title='bbox 2161 2998 2261 3053; x_wconf 90' lang='lat' dir='ltr'><strong>bus</strong></span> <span class='ocrx_word' id='word_1_669' title='bbox 2282 2998 2516 3054; x_wconf 87' lang='lat' dir='ltr'><strong>Ecclesia</strong></span> <span class='ocrx_word' id='word_1_670' title='bbox 2532 3000 2970 3057; x_wconf 88' lang='lat' dir='ltr'><strong>commendatur?</strong></span> <span class='ocrx_word' id='word_1_671' title='bbox 2998 3002 3148 3059; x_wconf 90' lang='lat' dir='ltr'><strong>Unde</strong></span> <span class='ocrx_word' id='word_1_672' title='bbox 3169 3005 3290 3070; x_wconf 86' lang='lat' dir='ltr'><strong>hoc,</strong></span> <span class='ocrx_word' id='word_1_673' title='bbox 3313 3005 3413 3059; x_wconf 91' lang='lat' dir='ltr'><strong>nisi</strong></span> <span class='ocrx_word' id='word_1_674' title='bbox 3435 3007 3560 3076; x_wconf 91' lang='lat' dir='ltr'><strong>quia</strong></span> <span class='ocrx_word' id='word_1_675' title='bbox 3587 3021 3745 3072; x_wconf 88' lang='lat' dir='ltr'><strong>mors,</strong></span> 
     </span>
    </p>
   </div>
   <div class='ocr_carea' id='block_1_91' title="bbox 2161 3091 3748 3169">
    <p class='ocr_par' dir='ltr' id='par_1_91' title="bbox 2161 3091 3748 3169">
     <span class='ocr_line' id='line_1_91' title="bbox 2161 3091 3748 3169; baseline 0.008 -26"><span class='ocrx_word' id='word_1_676' title='bbox 2161 3104 2322 3160; x_wconf 90' lang='lat' dir='ltr'><strong>quam</strong></span> <span class='ocrx_word' id='word_1_677' title='bbox 2352 3106 2447 3160; x_wconf 89' lang='lat' dir='ltr'><strong>pro</strong></span> <span class='ocrx_word' id='word_1_678' title='bbox 2469 3091 2734 3148; x_wconf 89' lang='lat' dir='ltr'><strong>dominica</strong></span> <span class='ocrx_word' id='word_1_679' title='bbox 2763 3093 3101 3152; x_wconf 84' lang='lat' dir='ltr'><strong>confessione</strong></span> <span class='ocrx_word' id='word_1_680' title='bbox 3129 3097 3404 3168; x_wconf 88' lang='lat' dir='ltr'><strong>elegerunt</strong></span> <span class='ocrx_word' id='word_1_681' title='bbox 3433 3100 3707 3169; x_wconf 88' lang='lat' dir='ltr'><strong>suscipere</strong></span> <span class='ocrx_word' id='word_1_682' title='bbox 3730 3142 3748 3169; x_wconf 88' lang='lat'><strong>,</strong></span> 
     </span>
    </p>
   </div>
   <div class='ocr_carea' id='block_1_92' title="bbox 2161 3181 3752 3262">
    <p class='ocr_par' dir='ltr' id='par_1_92' title="bbox 2161 3181 3752 3262">
     <span class='ocr_line' id='line_1_92' title="bbox 2161 3181 3752 3262; baseline 0.009 -28"><span class='ocrx_word' id='word_1_683' title='bbox 2161 3195 2320 3250; x_wconf 88' lang='lat' dir='ltr'><strong>quam</strong></span> <span class='ocrx_word' id='word_1_684' title='bbox 2351 3181 2620 3239; x_wconf 89' lang='lat' dir='ltr'><strong>Christum</strong></span> <span class='ocrx_word' id='word_1_685' title='bbox 2663 3199 2889 3255; x_wconf 87' lang='lat' dir='ltr'><strong>negare,</strong></span> <span class='ocrx_word' id='word_1_686' title='bbox 2932 3187 3113 3258; x_wconf 89' lang='lat' dir='ltr'><strong>utique</strong></span> <span class='ocrx_word' id='word_1_687' title='bbox 3158 3204 3339 3245; x_wconf 87' lang='lat' dir='ltr'><strong>amara</strong></span> <span class='ocrx_word' id='word_1_688' title='bbox 3395 3192 3518 3246; x_wconf 85' lang='lat' dir='ltr'><strong>est?</strong></span> <span class='ocrx_word' id='word_1_689' title='bbox 3559 3191 3752 3262; x_wconf 88' lang='lat' dir='ltr'><strong>Utique</strong></span> 
     </span>
    </p>
   </div>
   <div class='ocr_carea' id='block_1_93' title="bbox 2160 3275 3746 3346">
    <p class='ocr_par' dir='ltr' id='par_1_93' title="bbox 2160 3275 3746 3346">
     <span class='ocr_line' id='line_1_93' title="bbox 2160 3275 3746 3346; baseline 0.009 -20"><span class='ocrx_word' id='word_1_690' title='bbox 2160 3284 2350 3328; x_wconf 88' lang='lat' dir='ltr'><strong>natura</strong></span> <span class='ocrx_word' id='word_1_691' title='bbox 2404 3275 2596 3346; x_wconf 87' lang='lat' dir='ltr'><strong>refugit</strong></span> <span class='ocrx_word' id='word_1_692' title='bbox 2662 3287 2910 3332; x_wconf 91' lang='lat' dir='ltr'><strong>mortem.</strong></span> <span class='ocrx_word' id='word_1_693' title='bbox 2965 3279 3179 3337; x_wconf 87' lang='lat' dir='ltr'><strong>intuere</strong></span> <span class='ocrx_word' id='word_1_694' title='bbox 3233 3298 3392 3338; x_wconf 88' lang='lat' dir='ltr'><strong>omne</strong></span> <span class='ocrx_word' id='word_1_695' title='bbox 3439 3284 3746 3342; x_wconf 88' lang='lat' dir='ltr'><strong>animalium</strong></span> 
     </span>
    </p>
   </div>
   <div class='ocr_carea' id='block_1_94' title="bbox 2161 3367 3747 3448">
    <p class='ocr_par' dir='ltr' id='par_1_94' title="bbox 2161 3367 3747 3448">
     <span class='ocr_line' id='line_1_94' title="bbox 2161 3367 3747 3448; baseline 0.009 -28"><span class='ocrx_word' id='word_1_696' title='bbox 2161 3380 2363 3436; x_wconf 86' lang='lat' dir='ltr'><strong>genus,</strong></span> <span class='ocrx_word' id='word_1_697' title='bbox 2395 3367 2597 3423; x_wconf 93' lang='lat' dir='ltr'><strong>nullum</strong></span> <span class='ocrx_word' id='word_1_698' title='bbox 2625 3369 2868 3426; x_wconf 87' lang='lat' dir='ltr'><strong>invenies</strong></span> <span class='ocrx_word' id='word_1_699' title='bbox 2905 3373 3045 3442; x_wconf 82' lang='lat' dir='ltr'><strong>quod</strong></span> <span class='ocrx_word' id='word_1_700' title='bbox 3075 3373 3208 3429; x_wconf 91' lang='lat' dir='ltr'><strong>nolit</strong></span> <span class='ocrx_word' id='word_1_701' title='bbox 3236 3375 3441 3444; x_wconf 90' lang='lat' dir='ltr'><strong>vivere,</strong></span> <span class='ocrx_word' id='word_1_702' title='bbox 3471 3379 3618 3448; x_wconf 90' lang='lat' dir='ltr'><strong>quod</strong></span> <span class='ocrx_word' id='word_1_703' title='bbox 3646 3396 3747 3436; x_wconf 92' lang='lat' dir='ltr'><strong>non</strong></span> 
     </span>
    </p>
   </div>
   <div class='ocr_carea' id='block_1_95' title="bbox 2161 3461 3743 3539">
    <p class='ocr_par' dir='ltr' id='par_1_95' title="bbox 2161 3461 3743 3539">
     <span class='ocr_line' id='line_1_95' title="bbox 2161 3461 3743 3539; baseline 0.007 -23"><span class='ocrx_word' id='word_1_704' title='bbox 2161 3461 2345 3517; x_wconf 90' lang='lat' dir='ltr'><strong>timeat</strong></span> <span class='ocrx_word' id='word_1_705' title='bbox 2371 3462 2603 3518; x_wconf 89' lang='lat' dir='ltr'><strong>interire.</strong></span> <span class='ocrx_word' id='word_1_706' title='bbox 2623 3463 2794 3519; x_wconf 85' lang='lat' dir='ltr'><strong>Habet</strong></span> <span class='ocrx_word' id='word_1_707' title='bbox 2809 3465 2966 3520; x_wconf 91' lang='lat' dir='ltr'><strong>istum</strong></span> <span class='ocrx_word' id='word_1_708' title='bbox 2997 3481 3215 3522; x_wconf 88' lang='lat' dir='ltr'><strong>sensum</strong></span> <span class='ocrx_word' id='word_1_709' title='bbox 3243 3485 3412 3539; x_wconf 87' lang='lat' dir='ltr'><strong>genus</strong></span> <span class='ocrx_word' id='word_1_710' title='bbox 3433 3471 3743 3528; x_wconf 87' lang='lat' dir='ltr'><strong>humanum.</strong></span> 
     </span>
    </p>
   </div>
   <div class='ocr_carea' id='block_1_96' title="bbox 2162 3553 3743 3631">
    <p class='ocr_par' dir='ltr' id='par_1_96' title="bbox 2162 3553 3743 3631">
     <span class='ocr_line' id='line_1_96' title="bbox 2162 3553 3743 3631; baseline 0.009 -25"><span class='ocrx_word' id='word_1_711' title='bbox 2162 3553 2299 3608; x_wconf 88' lang='lat' dir='ltr'><strong>Dura</strong></span> <span class='ocrx_word' id='word_1_712' title='bbox 2327 3565 2409 3609; x_wconf 90' lang='lat' dir='ltr'><strong>est</strong></span> <span class='ocrx_word' id='word_1_713' title='bbox 2431 3569 2574 3610; x_wconf 90' lang='lat' dir='ltr'><strong>mors</strong></span> <span class='ocrx_word' id='word_1_714' title='bbox 2604 3573 2617 3608; x_wconf 93' lang='lat'><strong>:</strong></span> <span class='ocrx_word' id='word_1_715' title='bbox 2648 3555 2742 3611; x_wconf 90' lang='lat' dir='ltr'><strong>sed</strong></span> <span class='ocrx_word' id='word_1_716' title='bbox 2761 3571 2886 3622; x_wconf 91' lang='lat' dir='ltr'><strong>non,</strong></span> <span class='ocrx_word' id='word_1_717' title='bbox 2910 3557 3146 3628; x_wconf 90' lang='lat' dir='ltr'><strong>inquam,</strong></span> <span class='ocrx_word' id='word_1_718' title='bbox 3166 3562 3287 3630; x_wconf 90' lang='lat' dir='ltr'><strong>quia</strong></span> <span class='ocrx_word' id='word_1_719' title='bbox 3314 3577 3460 3618; x_wconf 89' lang='lat' dir='ltr'><strong>mors</strong></span> <span class='ocrx_word' id='word_1_720' title='bbox 3487 3574 3571 3619; x_wconf 91' lang='lat' dir='ltr'><strong>est</strong></span> <span class='ocrx_word' id='word_1_721' title='bbox 3593 3565 3743 3631; x_wconf 87' lang='lat' dir='ltr'><strong>dura,</strong></span> 
     </span>
    </p>
   </div>
   <div class='ocr_carea' id='block_1_97' title="bbox 2161 3645 3748 3717">
    <p class='ocr_par' dir='ltr' id='par_1_97' title="bbox 2161 3645 3748 3717">
     <span class='ocr_line' id='line_1_97' title="bbox 2161 3645 3748 3717; baseline 0.009 -18"><span class='ocrx_word' id='word_1_722' title='bbox 2161 3645 2282 3701; x_wconf 89' lang='lat' dir='ltr'><strong>ideo</strong></span> <span class='ocrx_word' id='word_1_723' title='bbox 2309 3647 2548 3717; x_wconf 87' lang='lat' dir='ltr'><strong>neganda</strong></span> <span class='ocrx_word' id='word_1_724' title='bbox 2590 3656 2675 3702; x_wconf 90' lang='lat' dir='ltr'><strong>est</strong></span> <span class='ocrx_word' id='word_1_725' title='bbox 2721 3649 2851 3703; x_wconf 89' lang='lat' dir='ltr'><strong>vita.</strong></span> <span class='ocrx_word' id='word_1_726' title='bbox 2905 3649 3094 3706; x_wconf 88' lang='lat' dir='ltr'><strong>Petrus</strong></span> <span class='ocrx_word' id='word_1_727' title='bbox 3135 3654 3292 3707; x_wconf 88' lang='lat' dir='ltr'><strong>etiam</strong></span> <span class='ocrx_word' id='word_1_728' title='bbox 3333 3669 3497 3710; x_wconf 81' lang='lat' dir='ltr'><strong>senex</strong></span> <span class='ocrx_word' id='word_1_729' title='bbox 3535 3658 3748 3713; x_wconf 89' lang='lat' dir='ltr'><strong>nolebat</strong></span> 
     </span>
    </p>
   </div>
   <div class='ocr_carea' id='block_1_98' title="bbox 2159 3740 3746 3821">
    <p class='ocr_par' dir='ltr' id='par_1_98' title="bbox 2159 3740 3746 3821">
     <span class='ocr_line' id='line_1_98' title="bbox 2159 3740 3746 3821; baseline 0.008 -28"><span class='ocrx_word' id='word_1_730' title='bbox 2159 3740 2318 3794; x_wconf 87' lang='lat' dir='ltr'><strong>mori.</strong></span> <span class='ocrx_word' id='word_1_731' title='bbox 2350 3741 2481 3794; x_wconf 84' lang='lat' dir='ltr'><strong>Mori</strong></span> <span class='ocrx_word' id='word_1_732' title='bbox 2511 3741 2727 3811; x_wconf 89' lang='lat' dir='ltr'><strong>quidem</strong></span> <span class='ocrx_word' id='word_1_733' title='bbox 2757 3743 2987 3809; x_wconf 88' lang='lat' dir='ltr'><strong>nolebat,</strong></span> <span class='ocrx_word' id='word_1_734' title='bbox 3025 3746 3121 3801; x_wconf 89' lang='lat' dir='ltr'><strong>sed</strong></span> <span class='ocrx_word' id='word_1_735' title='bbox 3152 3747 3416 3802; x_wconf 90' lang='lat' dir='ltr'><strong>Christum</strong></span> <span class='ocrx_word' id='word_1_736' title='bbox 3448 3752 3601 3821; x_wconf 91' lang='lat' dir='ltr'><strong>sequi</strong></span> <span class='ocrx_word' id='word_1_737' title='bbox 3631 3767 3746 3806; x_wconf 86' lang='lat' dir='ltr'><strong>ma-</strong></span> 
     </span>
    </p>
   </div>
   <div class='ocr_carea' id='block_1_99' title="bbox 2160 3831 3744 3910">
    <p class='ocr_par' dir='ltr' id='par_1_99' title="bbox 2160 3831 3744 3910">
     <span class='ocr_line' id='line_1_99' title="bbox 2160 3831 3744 3910; baseline 0.009 -24"><span class='ocrx_word' id='word_1_738' title='bbox 2160 3831 2318 3887; x_wconf 90' lang='lat' dir='ltr'><strong>lebat.</strong></span> <span class='ocrx_word' id='word_1_739' title='bbox 2348 3833 2575 3889; x_wconf 82' lang='lat' dir='ltr'><strong>Malebat</strong></span> <span class='ocrx_word' id='word_1_740' title='bbox 2601 3835 2866 3891; x_wconf 92' lang='lat' dir='ltr'><strong>Christum</strong></span> <span class='ocrx_word' id='word_1_741' title='bbox 2890 3838 3064 3908; x_wconf 80' lang='lat' dir='ltr'><strong>sequi,</strong></span> <span class='ocrx_word' id='word_1_742' title='bbox 3087 3856 3242 3910; x_wconf 88' lang='lat' dir='ltr'><strong>quam</strong></span> <span class='ocrx_word' id='word_1_743' title='bbox 3272 3857 3375 3896; x_wconf 91' lang='lat' dir='ltr'><strong>non</strong></span> <span class='ocrx_word' id='word_1_744' title='bbox 3395 3844 3552 3898; x_wconf 92' lang='lat' dir='ltr'><strong>mori.</strong></span> <span class='ocrx_word' id='word_1_745' title='bbox 3581 3845 3638 3901; x_wconf 84' lang='lat' dir='ltr'><strong>Si</strong></span> <span class='ocrx_word' id='word_1_746' title='bbox 3663 3846 3744 3900; x_wconf 87' lang='lat' dir='ltr'><strong>via</strong></span> 
     </span>
    </p>
   </div>
   <div class='ocr_carea' id='block_1_100' title="bbox 2160 3922 3745 4009">
    <p class='ocr_par' dir='ltr' id='par_1_100' title="bbox 2160 3922 3745 4009">
     <span class='ocr_line' id='line_1_100' title="bbox 2160 3922 3745 4009; baseline 0.011 -32"><span class='ocrx_word' id='word_1_747' title='bbox 2160 3922 2264 3979; x_wconf 90' lang='lat' dir='ltr'><strong>lata</strong></span> <span class='ocrx_word' id='word_1_748' title='bbox 2289 3933 2452 3991; x_wconf 85' lang='lat' dir='ltr'><strong>esset,</strong></span> <span class='ocrx_word' id='word_1_749' title='bbox 2484 3941 2585 3996; x_wconf 89' lang='lat' dir='ltr'><strong>qua</strong></span> <span class='ocrx_word' id='word_1_750' title='bbox 2611 3928 2726 3983; x_wconf 91' lang='lat' dir='ltr'><strong>sine</strong></span> <span class='ocrx_word' id='word_1_751' title='bbox 2756 3937 2928 3984; x_wconf 90' lang='lat' dir='ltr'><strong>morte</strong></span> <span class='ocrx_word' id='word_1_752' title='bbox 2969 3930 3234 3987; x_wconf 91' lang='lat' dir='ltr'><strong>Christum</strong></span> <span class='ocrx_word' id='word_1_753' title='bbox 3261 3947 3595 4005; x_wconf 89' lang='lat' dir='ltr'><strong>sequeretur,</strong></span> <span class='ocrx_word' id='word_1_754' title='bbox 3629 3940 3745 4009; x_wconf 90' lang='lat' dir='ltr'><strong>quis</strong></span> 
     </span>
    </p>
   </div>
   <div class='ocr_carea' id='block_1_101' title="bbox 2158 4016 3741 4101">
    <p class='ocr_par' dir='ltr' id='par_1_101' title="bbox 2158 4016 3741 4101">
     <span class='ocr_line' id='line_1_101' title="bbox 2158 4016 3741 4101; baseline 0.011 -29"><span class='ocrx_word' id='word_1_755' title='bbox 2158 4016 2363 4074; x_wconf 92' lang='lat' dir='ltr'><strong>dubitet</strong></span> <span class='ocrx_word' id='word_1_756' title='bbox 2387 4020 2527 4090; x_wconf 91' lang='lat' dir='ltr'><strong>quod</strong></span> <span class='ocrx_word' id='word_1_757' title='bbox 2558 4020 2695 4077; x_wconf 90' lang='lat' dir='ltr'><strong>hanc</strong></span> <span class='ocrx_word' id='word_1_758' title='bbox 2729 4024 3020 4094; x_wconf 86' lang='lat' dir='ltr'><strong>arriperet,</strong></span> <span class='ocrx_word' id='word_1_759' title='bbox 3054 4027 3189 4084; x_wconf 81' lang='lat' dir='ltr'><strong>lianc</strong></span> <span class='ocrx_word' id='word_1_760' title='bbox 3216 4029 3474 4101; x_wconf 88' lang='lat' dir='ltr'><strong>eligeret?</strong></span> <span class='ocrx_word' id='word_1_761' title='bbox 3503 4033 3609 4089; x_wconf 89' lang='lat' dir='ltr'><strong>Sed</strong></span> <span class='ocrx_word' id='word_1_762' title='bbox 3641 4051 3741 4089; x_wconf 90' lang='lat' dir='ltr'><strong>non</strong></span> 
     </span>
    </p>
   </div>
   <div class='ocr_carea' id='block_1_102' title="bbox 2158 4113 3746 4196">
    <p class='ocr_par' dir='ltr' id='par_1_102' title="bbox 2158 4113 3746 4196">
     <span class='ocr_line' id='line_1_102' title="bbox 2158 4113 3746 4196; baseline 0.011 -33"><span class='ocrx_word' id='word_1_763' title='bbox 2158 4118 2274 4164; x_wconf 89' lang='lat' dir='ltr'><strong>erat</strong></span> <span class='ocrx_word' id='word_1_764' title='bbox 2321 4126 2423 4180; x_wconf 91' lang='lat' dir='ltr'><strong>qua</strong></span> <span class='ocrx_word' id='word_1_765' title='bbox 2472 4113 2622 4183; x_wconf 90' lang='lat' dir='ltr'><strong>sequi</strong></span> <span class='ocrx_word' id='word_1_766' title='bbox 2672 4113 2940 4170; x_wconf 90' lang='lat' dir='ltr'><strong>Christum</strong></span> <span class='ocrx_word' id='word_1_767' title='bbox 2975 4133 3082 4187; x_wconf 90' lang='lat' dir='ltr'><strong>quo</strong></span> <span class='ocrx_word' id='word_1_768' title='bbox 3111 4119 3186 4174; x_wconf 91' lang='lat' dir='ltr'><strong>ire</strong></span> <span class='ocrx_word' id='word_1_769' title='bbox 3224 4121 3454 4189; x_wconf 88' lang='lat' dir='ltr'><strong>volebat,</strong></span> <span class='ocrx_word' id='word_1_770' title='bbox 3503 4126 3605 4180; x_wconf 90' lang='lat' dir='ltr'><strong>nisi</strong></span> <span class='ocrx_word' id='word_1_771' title='bbox 3650 4141 3746 4196; x_wconf 88' lang='lat' dir='ltr'><strong>per</strong></span> 
     </span>
    </p>
   </div>
   <div class='ocr_carea' id='block_1_103' title="bbox 2157 4205 3741 4285">
    <p class='ocr_par' dir='ltr' id='par_1_103' title="bbox 2157 4205 3741 4285">
     <span class='ocr_line' id='line_1_103' title="bbox 2157 4205 3741 4285; baseline 0.01 -26"><span class='ocrx_word' id='word_1_772' title='bbox 2157 4205 2296 4260; x_wconf 88' lang='lat' dir='ltr'><strong>viam</strong></span> <span class='ocrx_word' id='word_1_773' title='bbox 2342 4222 2499 4276; x_wconf 90' lang='lat' dir='ltr'><strong>quam</strong></span> <span class='ocrx_word' id='word_1_774' title='bbox 2551 4209 2657 4278; x_wconf 91' lang='lat' dir='ltr'><strong>pati</strong></span> <span class='ocrx_word' id='word_1_775' title='bbox 2708 4209 2940 4265; x_wconf 89' lang='lat' dir='ltr'><strong>nolebat.</strong></span> <span class='ocrx_word' id='word_1_776' title='bbox 2988 4213 3223 4284; x_wconf 89' lang='lat' dir='ltr'><strong>Denique</strong></span> <span class='ocrx_word' id='word_1_777' title='bbox 3259 4230 3356 4285; x_wconf 89' lang='lat' dir='ltr'><strong>per</strong></span> <span class='ocrx_word' id='word_1_778' title='bbox 3384 4217 3526 4272; x_wconf 91' lang='lat' dir='ltr'><strong>illam</strong></span> <span class='ocrx_word' id='word_1_779' title='bbox 3559 4221 3741 4275; x_wconf 88' lang='lat' dir='ltr'><strong>mortis</strong></span> 
     </span>
    </p>
   </div>
   <div class='ocr_carea' id='block_1_104' title="bbox 2157 4298 3735 4369">
    <p class='ocr_par' dir='ltr' id='par_1_104' title="bbox 2157 4298 3735 4369">
     <span class='ocr_line' id='line_1_104' title="bbox 2157 4298 3735 4369; baseline 0.01 -18"><span class='ocrx_word' id='word_1_780' title='bbox 2157 4298 2495 4368; x_wconf 88' lang='lat' dir='ltr'><strong>asperitatem</strong></span> <span class='ocrx_word' id='word_1_781' title='bbox 2520 4301 2773 4356; x_wconf 87' lang='lat' dir='ltr'><strong>arietibus</strong></span> <span class='ocrx_word' id='word_1_782' title='bbox 2803 4306 3200 4361; x_wconf 89' lang='lat' dir='ltr'><strong>transeuntibus</strong></span> <span class='ocrx_word' id='word_1_783' title='bbox 3220 4318 3415 4364; x_wconf 82' lang='lat' dir='ltr'><strong>secutae</strong></span> <span class='ocrx_word' id='word_1_784' title='bbox 3436 4321 3562 4366; x_wconf 91' lang='lat' dir='ltr'><strong>sunt</strong></span> <span class='ocrx_word' id='word_1_785' title='bbox 3589 4328 3735 4369; x_wconf 84' lang='lat' dir='ltr'><strong>oves.</strong></span> 
     </span>
    </p>
   </div>
   <div class='ocr_carea' id='block_1_105' title="bbox 2157 4390 3734 4472">
    <p class='ocr_par' dir='ltr' id='par_1_105' title="bbox 2157 4390 3734 4472">
     <span class='ocr_line' id='line_1_105' title="bbox 2157 4390 3734 4472; baseline 0.01 -28"><span class='ocrx_word' id='word_1_786' title='bbox 2157 4390 2368 4447; x_wconf 90' lang='lat' dir='ltr'><strong>Arietes</strong></span> <span class='ocrx_word' id='word_1_787' title='bbox 2402 4393 2579 4447; x_wconf 90' lang='lat' dir='ltr'><strong>ovium</strong></span> <span class='ocrx_word' id='word_1_788' title='bbox 2626 4395 2792 4449; x_wconf 88' lang='lat' dir='ltr'><strong>sancti</strong></span> <span class='ocrx_word' id='word_1_789' title='bbox 2832 4395 3097 4464; x_wconf 88' lang='lat' dir='ltr'><strong>Apostoli.</strong></span> <span class='ocrx_word' id='word_1_790' title='bbox 3147 4399 3348 4468; x_wconf 87' lang='lat' dir='ltr'><strong>Aspera</strong></span> <span class='ocrx_word' id='word_1_791' title='bbox 3391 4403 3470 4455; x_wconf 88' lang='lat' dir='ltr'><strong>via</strong></span> <span class='ocrx_word' id='word_1_792' title='bbox 3515 4405 3734 4472; x_wconf 93' lang='lat' dir='ltr'><strong>mortis,</strong></span> 
     </span>
    </p>
   </div>
   <div class='ocr_carea' id='block_1_106' title="bbox 2157 4481 3734 4564">
    <p class='ocr_par' dir='ltr' id='par_1_106' title="bbox 2157 4481 3734 4564">
     <span class='ocr_line' id='line_1_106' title="bbox 2157 4481 3734 4564; baseline 0.011 -28"><span class='ocrx_word' id='word_1_793' title='bbox 2157 4481 2323 4551; x_wconf 88' lang='lat' dir='ltr'><strong>spinis</strong></span> <span class='ocrx_word' id='word_1_794' title='bbox 2342 4483 2495 4552; x_wconf 90' lang='lat' dir='ltr'><strong>plena</strong></span> <span class='ocrx_word' id='word_1_795' title='bbox 2514 4501 2526 4536; x_wconf 90' lang='lat'><strong>:</strong></span> <span class='ocrx_word' id='word_1_796' title='bbox 2545 4484 2640 4539; x_wconf 91' lang='lat' dir='ltr'><strong>sed</strong></span> <span class='ocrx_word' id='word_1_797' title='bbox 2668 4487 2781 4540; x_wconf 78' lang='lat' dir='ltr'><strong>ista:</strong></span> <span class='ocrx_word' id='word_1_798' title='bbox 2806 4487 2972 4556; x_wconf 72' lang='lat' dir='ltr'><strong>Spinae</strong></span> <span class='ocrx_word' id='word_1_799' title='bbox 2995 4487 3151 4543; x_wconf 87' lang='lat' dir='ltr'><strong>Petra</strong></span> <span class='ocrx_word' id='word_1_800' title='bbox 3167 4499 3219 4544; x_wconf 91' lang='lat' dir='ltr'><strong>ct</strong></span> <span class='ocrx_word' id='word_1_801' title='bbox 3236 4491 3390 4546; x_wconf 89' lang='lat' dir='ltr'><strong>Petro</strong></span> <span class='ocrx_word' id='word_1_802' title='bbox 3411 4502 3734 4564; x_wconf 83' lang='lat' dir='ltr'><strong>transeunte,</strong></span> 
     </span>
    </p>
   </div>
   <div class='ocr_carea' id='block_1_107' title="bbox 2157 4576 2934 4646">
    <p class='ocr_par' dir='ltr' id='par_1_107' title="bbox 2157 4576 2934 4646">
     <span class='ocr_line' id='line_1_107' title="bbox 2157 4576 2934 4646; baseline 0.005 -16"><span class='ocrx_word' id='word_1_803' title='bbox 2157 4576 2352 4645; x_wconf 90' lang='lat' dir='ltr'><strong>petreis</strong></span> <span class='ocrx_word' id='word_1_804' title='bbox 2381 4576 2603 4646; x_wconf 91' lang='lat' dir='ltr'><strong>pedibus</strong></span> <span class='ocrx_word' id='word_1_805' title='bbox 2630 4579 2766 4634; x_wconf 73' lang='lat' dir='ltr'><strong>trita:</strong></span> <span class='ocrx_word' id='word_1_806' title='bbox 2793 4590 2934 4634; x_wconf 89' lang='lat' dir='ltr'><strong>sunt.</strong></span> 
     </span>
    </p>
   </div>
   <div class='ocr_carea' id='block_1_108' title="bbox 2227 4667 3732 4749">
    <p class='ocr_par' dir='ltr' id='par_1_108' title="bbox 2227 4667 3732 4749">
     <span class='ocr_line' id='line_1_108' title="bbox 2227 4667 3732 4749; baseline 0.01 -26"><span class='ocrx_word' id='word_1_807' title='bbox 2227 4667 2454 4725; x_wconf 88' lang='lat' dir='ltr'><strong>CAPUT</strong></span> <span class='ocrx_word' id='word_1_808' title='bbox 2493 4670 2580 4724; x_wconf 91' lang='lat' dir='ltr'><strong>lll.</strong></span> <span class='ocrx_word' id='word_1_809' title='bbox 2611 4703 2682 4711; x_wconf 97' lang='lat'><strong>—</strong></span> <span class='ocrx_word' id='word_1_810' title='bbox 2716 4673 2768 4727; x_wconf 71' lang='grc'><strong>4.</strong></span> <span class='ocrx_word' id='word_1_811' title='bbox 2823 4672 2951 4728; x_wconf 72' lang='lat' dir='ltr'><strong>Vita:</strong></span> <span class='ocrx_word' id='word_1_812' title='bbox 2991 4692 3133 4731; x_wconf 89' lang='lat' dir='ltr'><strong>amor</strong></span> <span class='ocrx_word' id='word_1_813' title='bbox 3175 4679 3441 4749; x_wconf 72' lang='lat' dir='ltr'><strong>cuiusnam</strong></span> <span class='ocrx_word' id='word_1_814' title='bbox 3480 4684 3732 4738; x_wconf 74' lang='lat' dir='ltr'><strong>laudatur.</strong></span> 
     </span>
    </p>
   </div>
   <div class='ocr_carea' id='block_1_109' title="bbox 2157 4760 3734 4836">
    <p class='ocr_par' dir='ltr' id='par_1_109' title="bbox 2157 4760 3734 4836">
     <span class='ocr_line' id='line_1_109' title="bbox 2157 4760 3734 4836; baseline 0.009 -22"><span class='ocrx_word' id='word_1_815' title='bbox 2157 4760 2271 4815; x_wconf 89' lang='lat' dir='ltr'><strong>Non</strong></span> <span class='ocrx_word' id='word_1_816' title='bbox 2303 4761 2759 4830; x_wconf 88' lang='lat' dir='ltr'><strong>reprehendimus,</strong></span> <span class='ocrx_word' id='word_1_817' title='bbox 2787 4779 2892 4818; x_wconf 91' lang='lat' dir='ltr'><strong>non</strong></span> <span class='ocrx_word' id='word_1_818' title='bbox 2919 4781 3248 4836; x_wconf 89' lang='lat' dir='ltr'><strong>accusamus,</strong></span> <span class='ocrx_word' id='word_1_819' title='bbox 3276 4772 3482 4827; x_wconf 90' lang='lat' dir='ltr'><strong>etiamsi</strong></span> <span class='ocrx_word' id='word_1_820' title='bbox 3510 4776 3612 4828; x_wconf 84' lang='lat' dir='ltr'><strong>vita</strong></span> <span class='ocrx_word' id='word_1_821' title='bbox 3645 4777 3734 4830; x_wconf 85' lang='lat' dir='ltr'><strong>ista</strong></span> 
     </span>
    </p>
   </div>
   <div class='ocr_carea' id='block_1_110' title="bbox 2157 4853 3735 4934">
    <p class='ocr_par' dir='ltr' id='par_1_110' title="bbox 2157 4853 3735 4934">
     <span class='ocr_line' id='line_1_110' title="bbox 2157 4853 3735 4934; baseline 0.01 -28"><span class='ocrx_word' id='word_1_822' title='bbox 2157 4862 2384 4908; x_wconf 88' lang='lat' dir='ltr'><strong>ametur.</strong></span> <span class='ocrx_word' id='word_1_823' title='bbox 2413 4853 2502 4910; x_wconf 90' lang='lat' dir='ltr'><strong>Sic</strong></span> <span class='ocrx_word' id='word_1_824' title='bbox 2533 4865 2705 4911; x_wconf 87' lang='lat' dir='ltr'><strong>tamen</strong></span> <span class='ocrx_word' id='word_1_825' title='bbox 2734 4857 2841 4912; x_wconf 91' lang='lat' dir='ltr'><strong>vita</strong></span> <span class='ocrx_word' id='word_1_826' title='bbox 2874 4857 2970 4913; x_wconf 89' lang='lat' dir='ltr'><strong>ista</strong></span> <span class='ocrx_word' id='word_1_827' title='bbox 2999 4872 3224 4927; x_wconf 89' lang='lat' dir='ltr'><strong>ametur,</strong></span> <span class='ocrx_word' id='word_1_828' title='bbox 3249 4878 3316 4919; x_wconf 91' lang='lat' dir='ltr'><strong>ne</strong></span> <span class='ocrx_word' id='word_1_829' title='bbox 3340 4864 3390 4918; x_wconf 90' lang='lat' dir='ltr'><strong>in</strong></span> <span class='ocrx_word' id='word_1_830' title='bbox 3419 4865 3535 4934; x_wconf 84' lang='lat' dir='ltr'><strong>ejus</strong></span> <span class='ocrx_word' id='word_1_831' title='bbox 3561 4881 3735 4921; x_wconf 87' lang='lat' dir='ltr'><strong>amore</strong></span> 
     </span>
    </p>
   </div>
   <div class='ocr_carea' id='block_1_111' title="bbox 2160 4950 3736 5029">
    <p class='ocr_par' dir='ltr' id='par_1_111' title="bbox 2160 4950 3736 5029">
     <span class='ocr_line' id='line_1_111' title="bbox 2160 4950 3736 5029; baseline 0.006 -28"><span class='ocrx_word' id='word_1_832' title='bbox 2160 4957 2426 5018; x_wconf 88' lang='lat' dir='ltr'><strong>peccetur.</strong></span> <span class='ocrx_word' id='word_1_833' title='bbox 2468 4950 2688 5004; x_wconf 88' lang='lat' dir='ltr'><strong>Ametur</strong></span> <span class='ocrx_word' id='word_1_834' title='bbox 2715 4950 2844 5016; x_wconf 90' lang='lat' dir='ltr'><strong>vita,</strong></span> <span class='ocrx_word' id='word_1_835' title='bbox 2893 4953 2983 5008; x_wconf 84' lang='lat' dir='ltr'><strong>sed</strong></span> <span class='ocrx_word' id='word_1_836' title='bbox 3032 4955 3254 5025; x_wconf 87' lang='lat' dir='ltr'><strong>eligatur</strong></span> <span class='ocrx_word' id='word_1_837' title='bbox 3296 4958 3422 5012; x_wconf 87' lang='lat' dir='ltr'><strong>vita.</strong></span> <span class='ocrx_word' id='word_1_838' title='bbox 3467 4959 3736 5029; x_wconf 75' lang='lat' dir='ltr'><strong>Interrogo</strong></span> 
     </span>
    </p>
   </div>
   <div class='ocr_carea' id='block_1_112' title="bbox 2159 5042 3738 5121">
    <p class='ocr_par' dir='ltr' id='par_1_112' title="bbox 2159 5042 3738 5121">
     <span class='ocr_line' id='line_1_112' title="bbox 2159 5042 3738 5121; baseline 0.011 -27"><span class='ocrx_word' id='word_1_839' title='bbox 2159 5050 2424 5098; x_wconf 87' lang='lat' dir='ltr'><strong>amatores</strong></span> <span class='ocrx_word' id='word_1_840' title='bbox 2452 5042 2573 5096; x_wconf 69' lang='lat' dir='ltr'><strong>vitm</strong></span> <span class='ocrx_word' id='word_1_841' title='bbox 2596 5084 2610 5107; x_wconf 94' lang='lat'><strong>,</strong></span> <span class='ocrx_word' id='word_1_842' title='bbox 2637 5051 2690 5098; x_wconf 92' lang='lat' dir='ltr'><strong>et</strong></span> <span class='ocrx_word' id='word_1_843' title='bbox 2714 5043 2837 5101; x_wconf 91' lang='lat' dir='ltr'><strong>dico</strong></span> <span class='ocrx_word' id='word_1_844' title='bbox 2860 5064 2872 5098; x_wconf 90' lang='lat'><strong>:</strong></span> <span class='ocrx_word' id='word_1_845' title='bbox 2907 5047 3029 5113; x_wconf 83' lang='lat' dir='ltr'><strong>Quis</strong></span> <span class='ocrx_word' id='word_1_846' title='bbox 3053 5058 3122 5102; x_wconf 77' lang='lat' dir='ltr'><strong>est</strong></span> <span class='ocrx_word' id='word_1_847' title='bbox 3147 5049 3294 5105; x_wconf 84' lang='lat' dir='ltr'><strong>homo</strong></span> <span class='ocrx_word' id='word_1_848' title='bbox 3314 5054 3398 5121; x_wconf 84' lang='lat' dir='ltr'><strong>qui</strong></span> <span class='ocrx_word' id='word_1_849' title='bbox 3425 5055 3527 5107; x_wconf 82' lang='lat' dir='ltr'><strong>vult</strong></span> <span class='ocrx_word' id='word_1_850' title='bbox 3551 5057 3738 5111; x_wconf 71' lang='lat' dir='ltr'><strong>vitam?</strong></span> 
     </span>
    </p>
   </div>
   <div class='ocr_carea' id='block_1_113' title="bbox 2161 5134 3734 5216">
    <p class='ocr_par' dir='ltr' id='par_1_113' title="bbox 2161 5134 3734 5216">
     <span class='ocr_line' id='line_1_113' title="bbox 2161 5134 3734 5216; baseline 0.008 -27"><span class='ocrx_word' id='word_1_851' title='bbox 2161 5134 2333 5190; x_wconf 89' lang='lat' dir='ltr'><strong>Etiam</strong></span> <span class='ocrx_word' id='word_1_852' title='bbox 2382 5135 2525 5188; x_wconf 87' lang='lat' dir='ltr'><strong>taciti</strong></span> <span class='ocrx_word' id='word_1_853' title='bbox 2573 5151 2760 5192; x_wconf 86' lang='lat' dir='ltr'><strong>omnes</strong></span> <span class='ocrx_word' id='word_1_854' title='bbox 2790 5140 3121 5209; x_wconf 90' lang='lat' dir='ltr'><strong>respondetis</strong></span> <span class='ocrx_word' id='word_1_855' title='bbox 3155 5159 3169 5195; x_wconf 89' lang='lat'><strong>:</strong></span> <span class='ocrx_word' id='word_1_856' title='bbox 3201 5143 3328 5208; x_wconf 89' lang='lat' dir='ltr'><strong>Quis</strong></span> <span class='ocrx_word' id='word_1_857' title='bbox 3352 5154 3432 5200; x_wconf 83' lang='lat' dir='ltr'><strong>est</strong></span> <span class='ocrx_word' id='word_1_858' title='bbox 3463 5146 3624 5200; x_wconf 88' lang='lat' dir='ltr'><strong>homo</strong></span> <span class='ocrx_word' id='word_1_859' title='bbox 3651 5150 3734 5216; x_wconf 88' lang='lat' dir='ltr'><strong>qui</strong></span> 
     </span>
    </p>
   </div>
   <div class='ocr_carea' id='block_1_114' title="bbox 2159 5225 3733 5305">
    <p class='ocr_par' dir='ltr' id='par_1_114' title="bbox 2159 5225 3733 5305">
     <span class='ocr_line' id='line_1_114' title="bbox 2159 5225 3733 5305; baseline 0.01 -26"><span class='ocrx_word' id='word_1_860' title='bbox 2159 5241 2265 5280; x_wconf 89' lang='lat' dir='ltr'><strong>non</strong></span> <span class='ocrx_word' id='word_1_861' title='bbox 2310 5225 2422 5279; x_wconf 93' lang='lat' dir='ltr'><strong>vult</strong></span> <span class='ocrx_word' id='word_1_862' title='bbox 2469 5227 2671 5281; x_wconf 88' lang='lat' dir='ltr'><strong>vitam?</strong></span> <span class='ocrx_word' id='word_1_863' title='bbox 2710 5229 2865 5284; x_wconf 88' lang='lat' dir='ltr'><strong>Addo</strong></span> <span class='ocrx_word' id='word_1_864' title='bbox 2908 5232 3045 5300; x_wconf 91' lang='lat' dir='ltr'><strong>quod</strong></span> <span class='ocrx_word' id='word_1_865' title='bbox 3075 5233 3317 5289; x_wconf 90' lang='lat' dir='ltr'><strong>Psalmus</strong></span> <span class='ocrx_word' id='word_1_866' title='bbox 3343 5236 3544 5292; x_wconf 87' lang='lat' dir='ltr'><strong>addidit</strong></span> <span class='ocrx_word' id='word_1_867' title='bbox 3573 5257 3586 5292; x_wconf 91' lang='lat'>:</span> <span class='ocrx_word' id='word_1_868' title='bbox 3617 5242 3733 5305; x_wconf 65' lang='lat' dir='ltr'><strong>Qui:</strong></span> 
     </span>
    </p>
   </div>
   <div class='ocr_carea' id='block_1_115' title="bbox 2159 5316 3738 5395">
    <p class='ocr_par' dir='ltr' id='par_1_115' title="bbox 2159 5316 3738 5395">
     <span class='ocr_line' id='line_1_115' title="bbox 2159 5316 3738 5395; baseline 0.011 -26"><span class='ocrx_word' id='word_1_869' title='bbox 2159 5325 2233 5370; x_wconf 78' lang='lat' dir='ltr'><strong>est</strong></span> <span class='ocrx_word' id='word_1_870' title='bbox 2262 5316 2411 5370; x_wconf 83' lang='lat' dir='ltr'><strong>homo</strong></span> <span class='ocrx_word' id='word_1_871' title='bbox 2435 5318 2520 5387; x_wconf 89' lang='lat' dir='ltr'><strong>qui</strong></span> <span class='ocrx_word' id='word_1_872' title='bbox 2547 5319 2650 5372; x_wconf 86' lang='lat' dir='ltr'><strong>vult</strong></span> <span class='ocrx_word' id='word_1_873' title='bbox 2689 5319 2875 5386; x_wconf 84' lang='lat' dir='ltr'><strong>vitam,</strong></span> <span class='ocrx_word' id='word_1_874' title='bbox 2921 5331 2969 5374; x_wconf 83' lang='lat' dir='ltr'><strong>et</strong></span> <span class='ocrx_word' id='word_1_875' title='bbox 3005 5323 3170 5395; x_wconf 86' lang='lat' dir='ltr'><strong>diligit</strong></span> <span class='ocrx_word' id='word_1_876' title='bbox 3207 5328 3371 5381; x_wconf 72' lang='lat' dir='ltr'><strong>rudere</strong></span> <span class='ocrx_word' id='word_1_877' title='bbox 3406 5330 3512 5383; x_wconf 74' lang='lat' dir='ltr'><strong>dies</strong></span> <span class='ocrx_word' id='word_1_878' title='bbox 3547 5332 3738 5386; x_wconf 76' lang='lat' dir='ltr'><strong>bonos!</strong></span> 
     </span>
    </p>
   </div>
   <div class='ocr_carea' id='block_1_116' title="bbox 2160 5409 3738 5488">
    <p class='ocr_par' dir='ltr' id='par_1_116' title="bbox 2160 5409 3738 5488">
     <span class='ocr_line' id='line_1_116' title="bbox 2160 5409 3738 5488; baseline 0.01 -24"><span class='ocrx_word' id='word_1_879' title='bbox 2160 5409 2536 5479; x_wconf 84' lang='lat' dir='ltr'><strong>Respondetur</strong></span> <span class='ocrx_word' id='word_1_880' title='bbox 2572 5429 2584 5465; x_wconf 91' lang='lat'>:</span> <span class='ocrx_word' id='word_1_881' title='bbox 2615 5411 2746 5478; x_wconf 89' lang='lat' dir='ltr'><strong>Quis</strong></span> <span class='ocrx_word' id='word_1_882' title='bbox 2771 5414 2911 5468; x_wconf 89' lang='lat' dir='ltr'><strong>enim</strong></span> <span class='ocrx_word' id='word_1_883' title='bbox 2953 5414 3112 5471; x_wconf 90' lang='lat' dir='ltr'><strong>homo</strong></span> <span class='ocrx_word' id='word_1_884' title='bbox 3140 5429 3220 5471; x_wconf 89' lang='lat' dir='ltr'><strong>est</strong></span> <span class='ocrx_word' id='word_1_885' title='bbox 3255 5420 3341 5488; x_wconf 91' lang='lat' dir='ltr'><strong>qui</strong></span> <span class='ocrx_word' id='word_1_886' title='bbox 3383 5436 3488 5476; x_wconf 92' lang='lat' dir='ltr'><strong>non</strong></span> <span class='ocrx_word' id='word_1_887' title='bbox 3525 5423 3637 5478; x_wconf 80' lang='lat' dir='ltr'><strong>vult</strong></span> <span class='ocrx_word' id='word_1_888' title='bbox 3666 5426 3738 5479; x_wconf 86' lang='lat' dir='ltr'><strong>vi-</strong></span> 
     </span>
    </p>
   </div>
   <div class='ocr_carea' id='block_1_117' title="bbox 2164 5504 3736 5586">
    <p class='ocr_par' dir='ltr' id='par_1_117' title="bbox 2164 5504 3736 5586">
     <span class='ocr_line' id='line_1_117' title="bbox 2164 5504 3736 5586; baseline 0.01 -30"><span class='ocrx_word' id='word_1_889' title='bbox 2164 5511 2306 5570; x_wconf 85' lang='lat' dir='ltr'><strong>tam,</strong></span> <span class='ocrx_word' id='word_1_890' title='bbox 2344 5513 2397 5558; x_wconf 87' lang='lat' dir='ltr'><strong>et</strong></span> <span class='ocrx_word' id='word_1_891' title='bbox 2427 5504 2514 5574; x_wconf 89' lang='lat' dir='ltr'><strong>qui</strong></span> <span class='ocrx_word' id='word_1_892' title='bbox 2557 5521 2662 5558; x_wconf 91' lang='lat' dir='ltr'><strong>non</strong></span> <span class='ocrx_word' id='word_1_893' title='bbox 2697 5504 2880 5575; x_wconf 89' lang='lat' dir='ltr'><strong>diligat</strong></span> <span class='ocrx_word' id='word_1_894' title='bbox 2921 5506 3101 5562; x_wconf 90' lang='lat' dir='ltr'><strong>videre</strong></span> <span class='ocrx_word' id='word_1_895' title='bbox 3142 5508 3254 5564; x_wconf 91' lang='lat' dir='ltr'><strong>dies</strong></span> <span class='ocrx_word' id='word_1_896' title='bbox 3303 5511 3502 5566; x_wconf 84' lang='lat' dir='ltr'><strong>bonos?</strong></span> <span class='ocrx_word' id='word_1_897' title='bbox 3532 5514 3583 5569; x_wconf 91' lang='lat' dir='ltr'><strong>Si</strong></span> <span class='ocrx_word' id='word_1_898' title='bbox 3613 5530 3736 5586; x_wconf 82' lang='lat' dir='ltr'><strong>ergo</strong></span> 
     </span>
    </p>
   </div>
   <div class='ocr_carea' id='block_1_118' title="bbox 2161 5594 3735 5674">
    <p class='ocr_par' dir='ltr' id='par_1_118' title="bbox 2161 5594 3735 5674">
     <span class='ocr_line' id='line_1_118' title="bbox 2161 5594 3735 5674; baseline 0.006 -26"><span class='ocrx_word' id='word_1_899' title='bbox 2161 5594 2244 5649; x_wconf 91' lang='lat' dir='ltr'><strong>vis</strong></span> <span class='ocrx_word' id='word_1_900' title='bbox 2263 5596 2329 5651; x_wconf 87' lang='lat' dir='ltr'><strong>ad</strong></span> <span class='ocrx_word' id='word_1_901' title='bbox 2349 5597 2506 5650; x_wconf 88' lang='lat' dir='ltr'><strong>vitam</strong></span> <span class='ocrx_word' id='word_1_902' title='bbox 2536 5596 2717 5652; x_wconf 87' lang='lat' dir='ltr'><strong>venire</strong></span> <span class='ocrx_word' id='word_1_903' title='bbox 2741 5639 2754 5658; x_wconf 91' lang='lat'><strong>,</strong></span> <span class='ocrx_word' id='word_1_904' title='bbox 2795 5606 2849 5652; x_wconf 91' lang='lat' dir='ltr'><strong>et</strong></span> <span class='ocrx_word' id='word_1_905' title='bbox 2884 5597 2999 5653; x_wconf 90' lang='lat' dir='ltr'><strong>dies</strong></span> <span class='ocrx_word' id='word_1_906' title='bbox 3031 5597 3196 5654; x_wconf 92' lang='lat' dir='ltr'><strong>bonos</strong></span> <span class='ocrx_word' id='word_1_907' title='bbox 3237 5600 3446 5669; x_wconf 87' lang='lat' dir='ltr'><strong>videre,</strong></span> <span class='ocrx_word' id='word_1_908' title='bbox 3479 5606 3598 5674; x_wconf 86' lang='lat' dir='ltr'><strong>quia</strong></span> <span class='ocrx_word' id='word_1_909' title='bbox 3641 5608 3735 5657; x_wconf 83' lang='lat' dir='ltr'><strong>ista</strong></span> 
     </span>
    </p>
   </div>
   <div class='ocr_carea' id='block_1_119' title="bbox 2163 5687 3737 5758">
    <p class='ocr_par' dir='ltr' id='par_1_119' title="bbox 2163 5687 3737 5758">
     <span class='ocr_line' id='line_1_119' title="bbox 2163 5687 3737 5758; baseline 0 -15"><span class='ocrx_word' id='word_1_910' title='bbox 2163 5702 2371 5743; x_wconf 89' lang='lat' dir='ltr'><strong>merces</strong></span> <span class='ocrx_word' id='word_1_911' title='bbox 2399 5696 2518 5753; x_wconf 92' lang='lat' dir='ltr'><strong>est,</strong></span> <span class='ocrx_word' id='word_1_912' title='bbox 2565 5703 2701 5758; x_wconf 92' lang='lat' dir='ltr'><strong>opus</strong></span> <span class='ocrx_word' id='word_1_913' title='bbox 2740 5687 2896 5758; x_wconf 88' lang='lat' dir='ltr'><strong>hujus</strong></span> <span class='ocrx_word' id='word_1_914' title='bbox 2939 5691 3199 5745; x_wconf 89' lang='lat' dir='ltr'><strong>mercedis</strong></span> <span class='ocrx_word' id='word_1_915' title='bbox 3228 5694 3442 5748; x_wconf 87' lang='lat' dir='ltr'><strong>attende</strong></span> <span class='ocrx_word' id='word_1_916' title='bbox 3479 5712 3494 5748; x_wconf 90' lang='lat'><strong>:</strong></span> <span class='ocrx_word' id='word_1_917' title='bbox 3536 5693 3737 5746; x_wconf 76' lang='lat' dir='ltr'><strong>Contine</strong></span> 
     </span>
    </p>
   </div>
   <div class='ocr_carea' id='block_1_120' title="bbox 2167 5784 3735 5858">
    <p class='ocr_par' dir='ltr' id='par_1_120' title="bbox 2167 5784 3735 5858">
     <span class='ocr_line' id='line_1_120' title="bbox 2167 5784 3735 5858; baseline 0 -20"><span class='ocrx_word' id='word_1_918' title='bbox 2167 5785 2392 5854; x_wconf 84' lang='lat' dir='ltr'><strong>linguam</strong></span> <span class='ocrx_word' id='word_1_919' title='bbox 2418 5793 2560 5836; x_wconf 86' lang='lat' dir='ltr'><strong>tuam</strong></span> <span class='ocrx_word' id='word_1_920' title='bbox 2597 5801 2630 5836; x_wconf 91' lang='lat' dir='ltr'><strong>a</strong></span> <span class='ocrx_word' id='word_1_921' title='bbox 2667 5784 2822 5837; x_wconf 88' lang='lat' dir='ltr'><strong>malo.</strong></span> <span class='ocrx_word' id='word_1_922' title='bbox 2858 5784 2966 5839; x_wconf 84' lang='lat' dir='ltr'><strong>lloc</strong></span> <span class='ocrx_word' id='word_1_923' title='bbox 2988 5785 3040 5839; x_wconf 90' lang='lat' dir='ltr'><strong>in</strong></span> <span class='ocrx_word' id='word_1_924' title='bbox 3070 5785 3278 5840; x_wconf 89' lang='lat' dir='ltr'><strong>Psalmo</strong></span> <span class='ocrx_word' id='word_1_925' title='bbox 3318 5786 3575 5858; x_wconf 90' lang='lat' dir='ltr'><strong>sequitur.</strong></span> <span class='ocrx_word' id='word_1_926' title='bbox 3620 5785 3735 5850; x_wconf 70' lang='lat' dir='ltr'><strong>Qui:</strong></span> 
     </span>
    </p>
   </div>
   <div class='ocr_carea' id='block_1_121' title="bbox 2167 5873 3738 5946">
    <p class='ocr_par' dir='ltr' id='par_1_121' title="bbox 2167 5873 3738 5946">
     <span class='ocr_line' id='line_1_121' title="bbox 2167 5873 3738 5946; baseline 0.003 -14"><span class='ocrx_word' id='word_1_927' title='bbox 2167 5884 2237 5932; x_wconf 75' lang='lat' dir='ltr'><strong>est</strong></span> <span class='ocrx_word' id='word_1_928' title='bbox 2265 5874 2447 5941; x_wconf 84' lang='lat' dir='ltr'><strong>homo,</strong></span> <span class='ocrx_word' id='word_1_929' title='bbox 2487 5875 2574 5946; x_wconf 84' lang='lat' dir='ltr'><strong>qui</strong></span> <span class='ocrx_word' id='word_1_930' title='bbox 2613 5875 2716 5932; x_wconf 81' lang='lat' dir='ltr'><strong>vult</strong></span> <span class='ocrx_word' id='word_1_931' title='bbox 2747 5876 2927 5944; x_wconf 79' lang='lat' dir='ltr'><strong>vitam,</strong></span> <span class='ocrx_word' id='word_1_932' title='bbox 2968 5888 3016 5934; x_wconf 85' lang='lat' dir='ltr'><strong>et</strong></span> <span class='ocrx_word' id='word_1_933' title='bbox 3050 5886 3189 5933; x_wconf 79' lang='lat' dir='ltr'><strong>autat</strong></span> <span class='ocrx_word' id='word_1_934' title='bbox 3224 5877 3391 5934; x_wconf 79' lang='lat' dir='ltr'><strong>ridere</strong></span> <span class='ocrx_word' id='word_1_935' title='bbox 3418 5879 3524 5933; x_wconf 68' lang='lat' dir='ltr'><strong>dies</strong></span> <span class='ocrx_word' id='word_1_936' title='bbox 3553 5873 3738 5936; x_wconf 69' lang='grc' dir='ltr'><strong>ὀσπωέ</strong></span> 
     </span>
    </p>
   </div>
  </div>
