4108 6326
412 336 544 395 1561

414 458 667 531 Adjungit
694 480 706 515 :
736 461 946 517 Contine
977 462 1207 536 linguam
1239 473 1375 519 tuam
1404 481 1437 519 a
1457 466 1610 532 malo,
1641 474 1687 521 et
1725 465 1859 519 labia
1906 473 1991 518 tua

408 567 471 606 ne
516 553 784 624 loquantur
832 556 1005 610 dolum
1047 573 1066 611 :
1103 558 1297 613 declina
1336 576 1368 613 a
1408 561 1561 626 malo,
1607 570 1653 615 et
1689 564 1771 631 fac
1807 560 1990 613 bonum

407 642 579 711 (Psal.
611 662 795 714 xxxiii,
823 648 1030 719 15-15).
1062 649 1217 704 Modo
1247 650 1351 717 dic,
1384 651 1537 706 Volo.
1570 653 1983 723 lnterrogabam,

409 735 499 791 Vis
542 739 739 793 vitam?
783 741 1191 812 Itespondebas,
1239 745 1389 799 Volo.
1432 746 1858 815 lnterrogabam,
1892 744 1986 800 Vis

406 828 589 884 videre
637 830 751 886 dies
791 832 992 889 bonos?
1035 835 1448 907 Respondebas,
1478 837 1631 892 Volo.
1679 838 1862 894 Cohibe
1888 839 1987 893 lin-

402 938 556 991 guam
599 932 737 976 tuam
780 942 811 977 a
843 926 996 980 malo.
1028 926 1179 982 Modo
1199 929 1304 995 dic,
1335 929 1487 984 Volo.
1515 929 1727 984 Declina
1752 948 1783 984 a
1812 931 1947 984 malo
1966 971 1981 992 ,

406 1022 452 1065 et
485 1016 566 1085 [ac
593 1014 799 1070 bonum.
854 1019 978 1083 Dic,
1026 1019 1180 1075 Volo.
1223 1019 1277 1076 Si
1319 1030 1497 1076 autem
1540 1020 1643 1077 hoc
1672 1022 1778 1088 vis;
1807 1035 1986 1092 quaere

404 1122 536 1176 Opus
555 1152 567 1171 ,
594 1119 647 1164 et
674 1110 739 1165 ad
769 1112 1070 1168 mercedem
1096 1117 1283 1169 curris.

473 1192 702 1257 CAPUT
742 1202 828 1257 ιν.
870 1234 942 1245 —
983 1204 1035 1260 5.
1071 1202 1271 1260 Corona
1309 1204 1475 1259 Paulo
1518 1206 1745 1260 redditur
1779 1205 1982 1273 debita,

407 1294 527 1361 quia
557 1295 806 1362 prtecessit
836 1297 1000 1367 gratia
1022 1298 1262 1350 indebita.
1287 1298 1516 1353 Attende
1534 1299 1827 1370 apostolum
1845 1298 1982 1353 Pau-

402 1384 535 1451 lum,
566 1389 814 1457 quoniam
845 1398 900 1443 et
924 1390 1088 1459 ipsius
1120 1390 1276 1445 hodie
1298 1391 1412 1446 dies
1439 1391 1602 1447 festus
1623 1401 1724 1447 est.
1751 1392 1985 1448 Concor-

400 1476 520 1531 dem
560 1478 719 1534 vitam
763 1481 919 1535 ambo
945 1481 1230 1550 duxerunt,
1260 1483 1462 1537 socium
1489 1484 1798 1554 sanguinem
1826 1484 1984 1539 ambo

400 1566 672 1635 fuderunt,
701 1572 972 1627 coelestem
1004 1589 1255 1630 coronam
1283 1575 1440 1630 ambo
1468 1584 1824 1643 sumpserunt,
1843 1575 1983 1629 diem

401 1660 717 1717 hodiernum
757 1664 915 1720 ambo
940 1676 1409 1722 consecraverunt.
1443 1667 1673 1723 Attende
1709 1682 1833 1737 ergo
1856 1681 1984 1737 apo-

401 1754 597 1808 stolum
630 1755 849 1810 Paulum
876 1799 891 1823 ,
926 1758 1104 1813 recole
1130 1758 1293 1813 verba
1320 1774 1439 1828 qua:
1475 1758 1636 1828 paulo
1663 1766 1786 1813 ante
1805 1800 1820 1824 ,
1861 1773 1983 1812 cum

397 1847 516 1915 ejus
566 1848 799 1916 Epistola
850 1848 1139 1920 legeretur,
1168 1850 1486 1906 audivimus.
1522 1869 1541 1903 ι
1576 1850 1691 1921 Ego
1714 1892 1729 1919 ,
1770 1850 1979 1920 inquit,

392 1939 503 2007 jam
557 1939 837 2008 immolor,
887 1949 941 1997 et
976 1951 1185 2013 tempus
1236 1959 1370 1999 mea:
1414 1943 1755 1999 resolutionis
1797 1944 1979 1998 instat.

398 2031 605 2086 Bonum
650 2041 922 2089 certamen
970 2036 1209 2103 certavi,
1255 2051 1469 2091 cursum
1516 2036 1977 2102 consummmavi,

398 2123 558 2177 tidem
615 2126 841 2179 servavi.
895 2127 970 2181 De
1020 2135 1257 2193 caetero,
1305 2128 1508 2198 inquit,
1565 2137 1810 2199 superest
1848 2129 1980 2183 mihi

393 2229 593 2269 corona
628 2215 847 2285 jnstitiae
872 2257 886 2281 ,
933 2232 1092 2288 quam
1126 2218 1314 2273 reddet
1355 2218 1486 2273 mihi
1526 2220 1782 2273 Dominus
1813 2220 1865 2273 in
1892 2219 1980 2274 illa

392 2306 481 2361 die
517 2308 689 2376 justus
728 2309 889 2378 judex
924 2329 942 2361 ι
975 2309 1049 2383 (ll
1078 2309 1209 2364 Tim.
1253 2328 1326 2375 iv,
1373 2311 1518 2383 6-8).
1548 2312 1661 2366 Non
1698 2313 1840 2367 enim
1882 2328 1978 2367 ne-

393 2399 538 2467 gabit
566 2399 831 2467 debitum,
881 2402 968 2471 qui
1000 2402 1215 2456 donavit
1254 2403 1568 2458 indebitum.
1602 2402 1783 2459 Justus
1815 2403 1977 2474 judex

394 2491 582 2546 reddet
617 2508 868 2547 coronam
898 2536 912 2561 ,
960 2494 1147 2549 reddet
1190 2512 1202 2548 :
1247 2494 1407 2550 habet
1448 2494 1591 2551 enim
1640 2496 1726 2550 cui
1768 2494 1975 2551 reddat.

392 2580 592 2637 Bonum
629 2595 880 2639 certamen
912 2588 1122 2654 ‘certavi,
1167 2604 1371 2642 cursum
1406 2589 1748 2644 consummavi
1769 2630 1783 2655 ,
1825 2589 1978 2658 ﬁdem

390 2678 581 2730 servavi
625 2693 645 2732 :
679 2693 931 2733 coronam
981 2680 1062 2735 his
1108 2681 1313 2735 meritis
1355 2680 1575 2747 reddet;
1619 2696 1719 2736 nec
1765 2680 1979 2751 negabit

392 2767 661 2835 debitum,
708 2771 846 2825 sicut
883 2771 1029 2839 dixi,
1075 2771 1164 2841 qui
1220 2771 1438 2826 donavit
1484 2771 1792 2827 indebitum.
1840 2770 1977 2839 Quid

393 2870 477 2914 est
505 2862 646 2930 quod
692 2862 904 2916 donavit
940 2863 1275 2918 indebitum?
1307 2862 1407 2929 Qui
1447 2866 1589 2935 prius
1627 2866 1703 2937 fui
1746 2864 1978 2936 blasphe-

390 2969 520 3013 mus,
550 2962 596 3006 et
627 2964 947 3022 persecutor,
998 2963 1043 3008 et
1087 2955 1385 3022 iniuriosus.
1427 2956 1563 3021 Quid
1610 2971 1736 3027 ergo
1763 2956 1978 3011 donavit

387 3041 721 3106 indebitum?
751 3045 926 3123 Ipsum
954 3046 1235 3104 audiamus
1263 3048 1636 3120 conﬁtentem,
1670 3056 1722 3107 et
1746 3047 1973 3103 donato.

391 3160 508 3200 rem
554 3148 736 3216 gratia:
786 3147 853 3205 de
900 3147 1004 3201 vita
1054 3149 1072 3179 ¹
1118 3162 1213 3202 sua
1269 3147 1603 3202 confessione
1652 3148 1974 3204 laudantem.

390 3236 571 3303 Prius,
604 3239 792 3309 inquit,
825 3240 903 3309 fui
929 3239 1271 3310 blasphemus,
1302 3249 1349 3293 et
1387 3250 1708 3313 persecutor,
1751 3251 1797 3295 et
1838 3241 1976 3312 inju-

389 3331 575 3386 riosus.
623 3332 922 3387 Debebatur
950 3334 1042 3387 tibi
1072 3348 1200 3404 ergo
1230 3342 1289 3389 ut
1319 3349 1468 3389 esses
1494 3333 1809 3403 apostolus?
1838 3334 1973 3401 Quid

386 3423 680 3478 debebatur
734 3424 1045 3495 blaspheme
1102 3434 1157 3480 et
1212 3427 1537 3495 persecutori
1579 3435 1632 3481 et
1676 3425 1977 3496 injurioso?

386 3514 521 3581 Quid
545 3557 561 3582 ,
588 3515 692 3570 nisi
720 3525 919 3570 mterna
945 3516 1260 3571 damnatio?
1291 3516 1357 3570 Et
1396 3532 1492 3586 pro
1526 3526 1726 3571 mterna
1756 3518 1976 3572 damna-

387 3605 531 3660 tione
578 3605 704 3674 quid
755 3606 1000 3674 accepit?
1035 3605 1441 3661 Misericordiam
1488 3618 1781 3661 consecutus
1822 3625 1972 3676 sum,

385 3697 505 3766 quia
531 3698 771 3768 ignorans
805 3698 900 3769 feci
923 3698 976 3752 in
1000 3699 1352 3753 incredulitate
1383 3698 1438 3772 (Ι
1466 3698 1599 3753 Tim.
1634 3716 1671 3766 ι,
1710 3701 1819 3771 15).
1852 3701 1976 3755 llaec

386 3796 468 3844 est
520 3790 922 3857 misericordia,
974 3805 1131 3861 quam
1184 3792 1324 3847 Deus
1382 3792 1604 3847 donavit
1658 3793 1971 3848 indebitam.

386 3881 522 3934 Audi
558 3881 699 3936 aliud
737 3882 924 3937 eodem
954 3883 1068 3953 ipso
1097 3884 1309 3940 dicente
1347 3884 1451 3939 alio
1490 3886 1606 3940 loco
1635 3903 1648 3939 :
1681 3875 1801 3940 Non
1826 3904 1972 3955 sum,

387 3974 589 4043 inquit,
636 3975 818 4046 dignus
861 3978 1030 4029 vocari
1072 3979 1362 4047 apostolus,
1394 3978 1513 4048 quia
1544 3989 1834 4049 persecutus
1862 3996 1975 4033 sum

390 4062 669 4117 Ecclesium
701 4064 814 4119 Dei.
848 4066 1015 4121 Video
1040 4082 1167 4137 ergo
1187 4108 1200 4131 ,
1230 4068 1486 4137 Apostole
1506 4110 1520 4134 ,
1549 4068 1689 4138 quod
1720 4084 1827 4123 non
1855 4085 1975 4126 eras

386 4159 596 4229 dignus.
648 4157 798 4214 Unde
829 4160 930 4214 hoc
958 4159 1051 4215 tibi
1078 4202 1093 4226 ,
1132 4168 1191 4214 ut
1219 4162 1409 4231 dignus
1438 4161 1625 4216 esses?
1648 4161 1823 4229 Quare
1848 4177 1975 4229 ergo

388 4267 445 4305 es
475 4251 615 4321 quod
643 4251 835 4321 dignus
864 4267 971 4306 non
1003 4251 1102 4307 es?
1128 4252 1262 4306 Audi
1300 4271 1313 4306 :
1345 4252 1449 4307 Sed
1478 4254 1644 4323 gratia
1676 4253 1767 4308 Dei
1794 4270 1974 4308 conse-

384 4354 529 4399 cutus
567 4362 680 4397 sum
712 4345 847 4416 quod
878 4361 1008 4398 sum.
1044 4345 1205 4401 Pmna
1236 4361 1353 4401 mea
1388 4345 1460 4400 fui
1485 4345 1625 4415 quod
1656 4346 1727 4401 fui
1760 4364 1772 4398 ε
1801 4347 1973 4417 gratia

385 4437 481 4492 Dei
525 4454 641 4492 sum
669 4438 810 4508 quod
842 4452 979 4492 sum.
1015 4437 1211 4506 Gratia,
1244 4439 1435 4509 inquit,
1467 4439 1561 4494 Dei
1598 4458 1710 4494 sum
1748 4442 1803 4494 id
1840 4442 1975 4512 quod

385 4543 499 4581 sum
530 4544 548 4581 :
575 4538 622 4581 et
665 4530 828 4599 gratia
868 4530 978 4599 ejus
1020 4529 1070 4583 in
1112 4546 1191 4584 me
1230 4546 1387 4584 vacua
1415 4548 1517 4585 non
1554 4533 1688 4603 fuit;
1730 4533 1818 4586 sed
1860 4535 1974 4605 plus

387 4618 617 4671 omnibus
660 4620 762 4674 illis
803 4620 1046 4673 laboravi.
1095 4621 1400 4690 Rependisti
1446 4638 1571 4692 ergo
1609 4624 1791 4693 gratim
1836 4625 1973 4679 Dei?

386 4710 673 4778 Accepisti,
693 4719 746 4764 et
763 4712 1074 4766 reddidisti?
1102 4714 1326 4769 Attende
1341 4714 1466 4784 quid
1494 4715 1691 4770 dixisti.
1720 4716 1969 4784 Attendo,

386 4799 575 4869 inquit.
607 4798 727 4853 Non
754 4818 842 4870 ego
869 4811 1057 4865 autem,
1089 4801 1178 4854 sed
1205 4804 1370 4873 gratia
1407 4802 1506 4857 Dei
1544 4821 1737 4858 mecum
1764 4804 1819 4877 (l
1850 4804 1969 4861 Cor.

386 4909 476 4959 xv,
508 4893 563 4959 9,
598 4891 705 4963 10).
740 4893 878 4962 Ergo
909 4893 1032 4949 huic
1056 4895 1321 4949 laborioso
1342 4896 1598 4965 Apostole
1622 4897 1819 4951 bonum
1846 4913 1973 4969 ago-

386 5000 507 5039 nem
537 4985 785 5051 certanti,
818 5000 1032 5040 cursum
1058 4988 1474 5053 consummanti,
1505 4987 1664 5042 tidem
1696 4990 1967 5057 servanti,

387 5076 596 5145 negabit
623 5076 799 5146 justus
840 5076 983 5132 Deus
1020 5092 1275 5133 coronam
1318 5078 1573 5149 debitam,
1615 5080 1700 5135 cui
1746 5081 1971 5152 gratiam

384 5167 606 5224 donavit
631 5166 962 5225 indebitam?

457 5260 512 5316 6.
553 5260 650 5314 Dei
690 5262 823 5315 dona
864 5273 983 5317 sunt
1010 5264 1188 5317 merita
1222 5272 1414 5319 nostra.
1456 5264 1714 5321 Vincimus
1741 5284 1830 5339 per
1858 5285 1972 5324 eum

385 5352 470 5421 qui
496 5352 676 5407 dilexit
706 5370 818 5408 nos.
860 5353 959 5409 Cui
997 5362 1175 5409 autem
1210 5355 1397 5411 reddet
1423 5372 1674 5412 coronam
1714 5358 1967 5427 debitam,

386 5457 419 5496 ο
455 5442 618 5499 Paule
662 5460 845 5513 parve,
893 5461 1105 5516 magne,
1138 5446 1223 5501 cui
1262 5447 1489 5504 reddet?
1530 5448 1722 5520 Utique
1765 5450 1970 5507 meritis

386 5533 510 5586 tuis.
566 5534 765 5588 Bonum
811 5546 1080 5592 certamen
1137 5540 1350 5593 certasti
1384 5582 1399 5609 ,
1453 5556 1665 5597 cursum
1718 5558 1969 5598 consum-

386 5624 541 5679 masti
561 5665 577 5693 ,
608 5624 763 5681 ﬁdem
796 5630 1019 5684 servasti
1051 5646 1063 5683 :
1095 5630 1281 5686 reddet
1323 5646 1574 5690 coronam
1612 5633 1845 5692 debitam
1882 5635 1965 5694 his

447 5802 467 5837 ⁸
489 5808 655 5870 Forte,
692 5815 739 5862 et
776 5795 1055 5863 denotorem
1088 5811 1262 5877 gratiae
1301 5810 1478 5865 debita.

1741 338 1967 400 SERMO
2005 339 2295 401 CCXCVII.

3532 348 3674 414 4562

2099 462 2305 517 meritis
2340 463 2464 520 tuis.
2501 460 2608 520 Sed
2651 472 2710 520 ut
2751 462 3001 522 reddatur
3030 464 3122 523 tibi
3173 481 3372 524 corona
3405 476 3494 524 tua
3517 509 3534 535 ,
3576 471 3674 526 Dei

2096 551 2235 607 dona
2262 565 2385 610 sunt
2410 557 2595 612 merita
2622 567 2732 613 tua.
2773 557 2911 613 Ecce
2940 560 3134 615 bonum
3158 574 3381 630 agonem
3416 564 3627 618 certasti
3651 604 3669 628 ,

2096 658 2307 700 cursum
2347 652 2746 705 consummasti.
2790 651 2974 706 Vidisti
3020 653 3161 707 enim
3206 652 3362 708 aliam
3410 653 3577 725 legem
3613 656 3670 712 in

2093 737 2348 793 membris
2381 740 2501 806 tuis,
2533 753 2912 812 repugnantem
2938 745 3037 813 legi
3070 745 3259 799 mentis
3280 754 3402 811 tum,
3426 756 3480 801 et
3498 749 3668 818 capti-

2091 842 2222 882 vum
2253 838 2302 883 te
2326 829 2605 885 ducentem
2630 833 2679 886 in
2702 835 2818 904 lege
2838 837 3058 903 peccati,
3084 852 3201 905 quae
3226 847 3306 892 est
3336 838 3386 891 in
3415 842 3667 896 membris

2090 922 2195 976 tuis
2228 939 2240 975 :
2271 922 2412 978 unde
2440 924 2532 978 tibi
2557 926 2788 992 vincere,
2832 929 2931 982 nisi
2972 945 3037 983 ex
3082 928 3183 985 hoc
3209 931 3349 1000 quod
3384 933 3666 1003 sequitur?

2089 1012 2248 1069 Miser
2283 1032 2373 1087 ego
2404 1017 2580 1083 homo,
2619 1019 2728 1089 quis
2757 1036 2833 1073 me
2862 1020 3085 1074 liberabit
3128 1022 3190 1075 de
3230 1039 3436 1091 corpore
3492 1026 3667 1079 mortis

2087 1105 2275 1175 hujus?
2319 1107 2495 1162 Gratia
2522 1109 2616 1163 Dei
2636 1152 2650 1177 ,
2679 1128 2766 1180 per
2795 1111 2971 1167 Jesum
2997 1114 3250 1169 Christum
3272 1115 3545 1171 Dominum
3574 1135 3668 1173 no-

2086 1208 2246 1254 strum
2290 1200 2462 1270 (Rom.
2503 1218 2597 1269 vn,
2640 1202 2855 1274 25-25).
2900 1205 3038 1261 Ecce
3064 1207 3203 1261 unde
3234 1209 3506 1277 pugnasti,
3541 1225 3667 1265 ecce

2087 1290 2229 1346 unde
2260 1291 2540 1360 laborasti,
2571 1308 2697 1350 ecce
2737 1294 2876 1349 unde
2912 1312 3018 1351 non
3062 1297 3303 1352 deiecisti
3324 1340 3339 1366 ,
3372 1314 3496 1354 ecce
3525 1300 3666 1356 unde

2089 1383 2282 1439 vicisti.
2332 1384 2518 1440 Videte
2568 1398 2929 1457 pugnantem:
2965 1408 2983 1441 ‹
3021 1390 3150 1458 Quis
3189 1406 3285 1446 nos
3325 1393 3592 1462 separabit
3634 1410 3665 1449 a

2088 1474 2351 1533 charitate
2399 1479 2632 1535 Christi?
2666 1482 2999 1537 Tribulatio?
3044 1498 3111 1537 an
3158 1486 3436 1555 angustia?
3473 1502 3538 1540 an
3584 1488 3665 1541 l'a-

2087 1570 2239 1625 mes?
2279 1588 2345 1627 an
2390 1574 2727 1642 persecutio?
2756 1590 2822 1629 an
2853 1576 3101 1630 nuditas‘?
3134 1592 3201 1631 an
3238 1579 3477 1647 gladius?
3520 1580 3666 1635 Sicut

2085 1656 2338 1726 scriptum
2367 1667 2481 1725 est,
2513 1658 2772 1727 Quoniam
2813 1670 3027 1731 prepter
3067 1671 3119 1716 te
3148 1664 3527 1720 mortiﬁcamur
3557 1675 3665 1720 tota

2084 1746 2170 1803 die
2192 1791 2207 1816 ,
2235 1749 2471 1820 deputati
2499 1768 2682 1808 sumus
2707 1762 2765 1807 ut
2789 1768 2915 1808 oves
2942 1754 3243 1809 occisionis.
3283 1774 3302 1807 ι
3338 1756 3476 1812 Ecce
3512 1758 3663 1811 inﬁr-

2085 1836 2275 1907 mitas,
2306 1840 2480 1908 labor,
2525 1843 2736 1898 miseria
2760 1886 2775 1911 ,
2817 1845 3050 1913 pericula
3072 1887 3087 1911 ,
3143 1846 3480 1901 tentationes.
3510 1848 3664 1903 Unde

2083 1929 2303 1984 victoria
2356 1933 2713 1987 certantium?
2752 1934 2890 1988 Audi
2928 1934 3067 2005 quod
3121 1936 3359 2005 sequitur
3403 1953 3415 1988 :
3464 1936 3568 1992 Sed
3610 1938 3663 1989 in

2082 2021 2161 2077 his
2190 2022 2417 2079 omnibus
2435 2026 2828 2093 supervincimus
2854 2044 2942 2097 per
2974 2044 3084 2081 eum
3110 2029 3196 2099 qui
3212 2028 3387 2082 dilexit
3416 2045 3506 2082 nos
3545 2027 3656 2100 (Id.

2081 2130 2195 2180 vm,
2227 2114 2439 2187 55-57).
2495 2116 2722 2173 Cursum
2766 2120 3144 2175 consummasti
3180 2138 3193 2175 :
3239 2135 3345 2190 quo
3392 2121 3659 2190 ducente,

2080 2220 2186 2276 quo
2232 2216 2469 2277 regente,
2499 2223 2603 2278 quo
2627 2209 2879 2278 juvante?
2907 2210 3043 2278 Quid
3086 2210 3172 2265 hic
3207 2210 3381 2266 dicis?
3408 2210 3659 2280 Cursum,

2081 2301 2271 2372 inquit,
2299 2306 2639 2358 consummavi
2652 2322 2671 2370 ,'
2697 2305 2790 2361 sed
2824 2323 2983 2376 neque
3006 2307 3213 2361 volentis
3231 2348 3247 2373 ,
3273 2324 3431 2375 neque
3454 2325 3661 2363 curren-

2083 2394 2175 2459 tis,
2224 2395 2313 2450 sed
2359 2397 2633 2452 miserentis
2673 2407 2745 2452 est
2786 2397 2881 2452 Dei
2912 2397 3021 2469 (1d.
3067 2414 3148 2463 ix,
3183 2399 3294 2470 16).
3328 2398 3513 2455 Fidem
3543 2416 3662 2456 ser-

2080 2487 2245 2553 vasti,
2287 2504 2469 2543 verum
2498 2498 2598 2545 est.
2627 2490 2806 2545 Primo
2832 2506 2988 2561 quam
3018 2491 3214 2546 ﬁdem?
3242 2509 3397 2562 quam
3430 2494 3519 2550 tibi
3551 2495 3663 2564 ipse

2080 2578 2311 2634 dedisti?
2336 2579 2547 2635 Falsum
2573 2583 2816 2652 estquod
2839 2584 3037 2647 dixisti,
3064 2584 3207 2639 Sicut
3231 2587 3497 2653 unicuique
3526 2587 3663 2642 Deus

2081 2671 2297 2741 partitus
2350 2680 2423 2726 est
2474 2688 2763 2728 mensuram
2801 2675 2920 2742 ﬁdei
2959 2674 3068 2747 (Id.
3110 2692 3201 2744 xu,
3248 2677 3342 2747 3)?
3380 2676 3566 2732 Nonne
3606 2689 3661 2734 tu

2079 2763 2368 2835 alloqueris
2419 2765 2678 2835 quosdam
2725 2776 3121 2823 coneertatores
3159 2777 3311 2837 tuos,
3339 2780 3393 2824 et
3420 2771 3473 2825 in
3506 2771 3661 2842 hujus

2079 2854 2201 2909 vita:
2227 2854 2399 2910 stadio
2426 2866 2599 2910 tecum
2629 2855 2931 2912 laborantes
2954 2868 3113 2928 atque
3145 2869 3441 2928 currentes,
3471 2863 3660 2931 quibus

2078 2945 2234 3012 dicis,
2271 2944 2423 3001 Vobis
2452 2947 2584 3000 enim
2623 2947 2865 3002 donatum
2906 2959 2979 3003 est
3010 2967 3101 3019 pro
3131 2950 3369 3006 Christo?
3397 2952 3530 3020 Quid
3561 2953 3661 3008 do-

2081 3046 2260 3097 natum
2288 3037 2409 3099 est?
2436 3037 2555 3099 Non
2581 3038 2745 3099 solum
2781 3049 2836 3099 ut
2856 3041 3067 3101 credatis
3094 3042 3145 3102 in
3170 3059 3299 3117 eum,
3322 3045 3409 3104 sed
3435 3046 3582 3105 etiam
3609 3056 3662 3105 ut

2081 3139 2345 3208 patiamini
2373 3156 2463 3208 pro
2492 3156 2549 3193 eo
2579 3138 2838 3210 (Philipp.
2873 3156 2909 3203 ι,
2939 3139 3054 3212 29).
3088 3140 3229 3197 Ecce
3257 3151 3538 3214 utrumque
3561 3144 3661 3199 d0-

2078 3240 2261 3286 natum
2288 3241 2388 3296 est,
2416 3241 2469 3287 et
2496 3232 2736 3297 credere,
2764 3241 2818 3287 et
2847 3233 2953 3302 pati
2987 3249 3082 3302 pro
3107 3233 3339 3289 Christo.

2149 3324 2374 3381 CAPUT
2426 3326 2488 3379 ν.
2513 3356 2586 3366 —-
2609 3327 2662 3380 'l.
2688 3325 2785 3380 Dei
2805 3336 2877 3381 est
2901 3326 3150 3381 custodire
3165 3327 3300 3382 dona
3314 3330 3470 3383 suain
3489 3330 3651 3385 nobis.

2079 3413 2185 3469 Sed
2213 3414 2286 3468 ait
2324 3413 2460 3468 forte
2493 3416 2684 3484 aliquis
2711 3433 2724 3468 :
2748 3417 2943 3486 Accepi
2986 3417 3203 3487 quidem
3231 3417 3408 3483 ﬁdem,
3441 3418 3535 3473 sed
3560 3435 3659 3490 ego

2079 3504 2361 3558 custodivi.
2391 3505 2469 3558 Tu
2494 3505 2629 3560 forte
2645 3505 2747 3560 hoc
2769 3506 2923 3571 dicis,
2954 3506 3195 3577 quisquis
3224 3507 3336 3562 hmc
3362 3508 3511 3563 audis
3527 3509 3662 3564 insi-

2080 3595 2251 3665 piens,
2278 3596 2466 3664 Accepi
2497 3594 2675 3661 tidem,
2699 3595 2793 3650 sed
2814 3611 2912 3666 ego
2931 3596 3189 3651 custodivi
3224 3615 3236 3650 :
3268 3597 3462 3651 Paulus
3481 3610 3662 3653 noster

2079 3701 2185 3740 non
2215 3686 2318 3740 hoc
2337 3686 2483 3752 dicit,
2516 3685 2631 3757 Ego
2655 3687 2935 3741 custodivi.
2960 3688 3195 3758 Respicit
3210 3690 3371 3756 enim,
3400 3689 3518 3743 Nisi
3548 3690 3661 3744 Do-

2078 3778 2245 3831 minus
2270 3778 2557 3831 custodierit
2606 3778 2870 3845 civitatem,
2902 3780 2955 3833 in
2984 3796 3167 3833 vanum
3189 3779 3430 3835 laboravit
3458 3783 3542 3851 qui
3564 3798 3657 3836 cu-

2077 3869 2232 3923 stodit
2262 3884 2370 3921 eam
2394 3867 2564 3939 (Psal.
2585 3884 2765 3935 cxxvt,
2802 3870 2877 3939 1).
2904 3868 3130 3937 Labora,
3161 3870 3363 3925 custodi
3402 3890 3414 3926 :
3443 3873 3534 3926 sed
3564 3872 3662 3927 bo-

2078 3975 2204 4014 num
2224 3968 2304 4014 est
2332 3969 2389 4014 ut
2414 3960 2749 4015 custodiaris.
2783 3960 2913 4014 Nam
2940 3960 3211 4016 custodire
3236 3971 3287 4017 te
3307 3976 3415 4016 non
3435 3962 3658 4017 sullicis.

2078 4053 2136 4109 Si
2156 4054 2400 4108 desertus
2426 4051 2613 4118 fueris,
2641 4052 2957 4107 dormitabis
2975 4060 3031 4108 et
3048 4053 3303 4110 dormies.
3331 4052 3455 4108 Non
3484 4062 3660 4111 autem

2077 4146 2350 4213 dormitat,
2401 4161 2559 4215 neque
2601 4144 2807 4214 dormit,
2861 4145 2948 4217 qui
2990 4144 3204 4199 custodit
3250 4143 3419 4202 Israel
3453 4144 3646 4217 (Psal.

2077 4252 2200 4304 cxx,
2229 4238 2264 4292 4
2292 4235 2334 4308 ).

2149 4329 2203 4385 8.
2233 4328 2347 4383 Vita
2372 4338 2583 4397 ametur,
2607 4330 2694 4384 sed
2724 4330 2872 4383 bona.
2907 4329 3091 4383 Omnia
3114 4331 3286 4384 volunt
3314 4330 3537 4386 homines
3566 4330 3661 4386 bo-

2078 4436 2147 4473 na
2168 4428 2353 4490 prazter
2372 4420 2594 4473 animum
2616 4437 2780 4474 suam.
2806 4420 2977 4474 Vitam
3004 4435 3131 4490 ergo
3145 4436 3406 4487 amamus,
3437 4430 3491 4475 et
3508 4436 3659 4477 ama-

2078 4527 2137 4567 re
2163 4527 2261 4566 nos
2288 4512 2453 4566 vitam
2483 4512 2626 4566 nullo
2653 4512 2812 4566 modo
2837 4512 3140 4567 dubitamus
3173 4531 3186 4567 :
3234 4529 3407 4589 neque
3434 4515 3653 4572 omnino

2079 4620 2277 4676 negare
2302 4605 2619 4675 poterimus,
2644 4620 2821 4660 amare
2849 4621 2948 4660 nos
2975 4607 3157 4660 vitam.
3211 4606 3355 4677 Ergo
3400 4608 3659 4678 eligamus

2078 4699 2265 4767 vitam,
2299 4700 2598 4755 siamamus
2624 4700 2806 4753 vitam.
2837 4698 2974 4766 Quid
3004 4699 3287 4768 eligimus?
3314 4698 3509 4754 Vitam.
3538 4701 3659 4756 Pri-

2077 4807 2167 4847 mo
2191 4792 2277 4847 hic
2304 4792 2498 4847 bonam
2529 4807 2545 4855 ;
2595 4800 2711 4862 post
2735 4790 2893 4859 hanc,
2922 4800 3195 4845 mternam.
3226 4790 3408 4845 Primo
3448 4792 3533 4846 hic
3556 4793 3659 4848 bo.

2079 4900 2224 4951 nam,
2258 4883 2351 4938 sed
2400 4882 2638 4937 nondum
2686 4883 2916 4939 beatam.
2963 4883 3108 4936 Bona
3138 4881 3299 4937 modo
3335 4891 3540 4953 agatur,
3572 4883 3660 4938 cui

2078 4985 2258 5046 postea
2290 4976 2441 5030 beata
2484 4984 2745 5031 servatur.
2792 4975 2937 5028 Bona
2986 4973 3113 5038 vita,
3170 4988 3305 5043 opus
3330 4982 3447 5028 est:
3480 4974 3655 5041 beata,

2074 5080 2283 5121 merces
2303 5074 2403 5120 est.
2434 5066 2545 5135 Age
2584 5064 2797 5129 bonam,
2827 5073 2880 5117 et
2910 5064 3137 5132 accipies
3162 5061 3394 5117 beatam.
3414 5062 3548 5130 Quid
3566 5062 3657 5133 ju-

2076 5158 2228 5224 stius,
2283 5156 2409 5227 quid
2452 5154 2790 5213 ordinatius?
2819 5153 2917 5209 Ubi
2949 5169 3006 5208 es
3030 5163 3236 5208 amator
3256 5154 3379 5209 vitae
3404 5154 3428 5207 ?
3453 5153 3658 5209 Bonam

2074 5249 2230 5319 elige.
2258 5248 2311 5303 Si
2330 5263 2553 5304 uxorem
2576 5246 2763 5311 velles,
2796 5245 3005 5300 nonnisi
3036 5245 3229 5300 bonam
3252 5245 3419 5301 velles
3449 5262 3463 5298 :
3501 5260 3654 5301 amas

2075 5339 2260 5406 vitam,
2284 5350 2339 5394 et
2362 5338 2513 5408 eligis
2550 5336 2745 5391 malam
2772 5334 2796 5389 ?
2830 5335 2926 5390 Dic
2952 5334 3080 5390 mihi
3110 5335 3235 5405 quid
3273 5334 3473 5390 malum
3499 5334 3654 5391 velis.

2074 5431 2341 5501 Quidquid
2367 5430 2620 5494 volueris,
2652 5428 2906 5499 quidquid
2954 5428 3237 5497 amaveris,
3296 5427 3495 5483 bonum
3547 5428 3652 5484 vis.

2074 5522 2299 5577 Prorsus
2316 5536 2421 5577 non
2449 5520 2845 5591 visjumentum
2872 5520 3091 5587 malum,
3132 5533 3239 5575 non
3279 5533 3491 5574 servum
3535 5534 3655 5575 ma-

2073 5614 2203 5681 lum,
2237 5630 2343 5668 non
2371 5622 2570 5669 vestem
2602 5614 2818 5680 malam,
2842 5628 2947 5668 non
2969 5612 3149 5667 villam
3174 5611 3391 5678 malam,
3424 5624 3528 5665 non
3556 5610 3655 5666 do-

2072 5724 2222 5766 mum
2253 5708 2467 5775 malam,
2512 5723 2619 5763 non
2649 5723 2867 5764 uxorem
2896 5709 3111 5775 malam,
3157 5722 3263 5764 non
3290 5704 3431 5762 ﬁlios
3458 5704 3649 5759 malos.

2068 5804 2258 5863 Omnia
2283 5802 2422 5862 bona
2453 5801 2647 5875 quaeris
2680 5820 2693 5859 :
2725 5810 2840 5860 esto
2865 5801 3036 5859 bonus
3059 5799 3152 5872 qui
3179 5799 3393 5871 quaeris.
3413 5794 3553 5868 Quid
3583 5803 3636 5852 te
