4036 6502
423 363 566 422 156Ἱ

422 483 793 555 reperiretur?
833 481 938 538 Sed
978 490 1105 536 tunc
1149 479 1244 536 tibi
1291 492 1399 534 non
1445 475 1705 537 reddidit.
1751 480 1809 526 ut
1849 465 2009 524 modo

423 577 634 634 reddat.
666 576 841 631 Verba
870 573 1013 629 enim
1047 583 1134 628 tua
1161 571 1230 628 de
1260 571 1525 642 prioribus
1554 568 1705 624 factis
1739 567 1842 622 tuis
1879 563 2010 635 legi-

423 684 546 724 mus
576 669 626 722 in
659 665 895 736 Epistula
940 674 1047 731 tua,
1079 673 1134 720 et
1160 679 1256 734 per
1291 673 1343 718 te
1381 663 1648 717 novimus.
1681 659 1758 713 Tu
1788 656 2007 722 dixisti,

423 760 536 830 Ego
565 759 697 812 enim
727 774 838 812 sum
858 757 1154 811 novissimus
1174 753 1549 826 Apostolorum,
1572 752 1657 821 qui
1677 767 1777 805 non
1798 766 1908 804 sum
1933 749 2012 802 di-

422 869 553 922 gnus
580 852 750 904 vocari
776 850 1054 920 apostolus.
1079 847 1290 916 Quare?
1310 848 1439 914 Quia
1461 855 1745 918 persecutus
1766 861 1875 898 sum
1904 841 2008 896 Ec-

421 947 627 1001 clesiam
647 943 761 997 Dei.
783 943 837 999 Si
863 951 1172 1012 persecutus
1187 957 1246 997 es
1263 941 1552 996 Ecclesiam
1577 939 1691 1005 Dei,
1723 937 1863 992 unde
1885 949 2011 1005 ergo

421 1038 732 1108 apostolus?
776 1037 879 1092 Sed
908 1037 1073 1105 gratia
1104 1034 1198 1089 Dei
1226 1051 1338 1088 sum
1363 1032 1499 1104 quod
1535 1049 1664 1086 sum.
1711 1033 1848 1084 Ante
1883 1042 2009 1099 gra-

423 1132 513 1197 tia,
546 1129 704 1183 modo
733 1128 990 1183 debitum.
1024 1129 1162 1181 Ante
1185 1126 1353 1197 gratia
1377 1125 1698 1190 donabatur,
1728 1122 1887 1177 modo
1916 1121 2010 1176 de.

420 1225 586 1277 bituin
630 1221 889 1276 redditur.
933 1219 1112 1275 Gratia
1145 1219 1234 1272 Dei
1275 1235 1425 1284 sum,
1470 1216 1670 1288 inquit,
1701 1214 1836 1286 quod
1874 1230 2007 1269 sum.

423 1317 534 1385 Ego
565 1316 691 1368 nihil
724 1331 862 1370 sum.
892 1313 1158 1383 Quidquid
1187 1327 1327 1372 sum.
1355 1310 1524 1381 gratia
1558 1309 1649 1364 Dei
1679 1323 1818 1363 sum.
1845 1303 2010 1374 Quid-

422 1408 544 1474 quid
576 1406 832 1471 sum;scd
866 1406 1024 1460 modo
1052 1405 1360 1474 apostolus;
1392 1416 1514 1456 nam
1541 1400 1682 1471 quod
1711 1413 1880 1465 eram,
1911 1411 2009 1466 ego

421 1516 565 1554 erant
593 1517 604 1553 :
638 1499 815 1554 Gratia
841 1498 936 1552 Dei
965 1515 1076 1552 sum
1100 1497 1237 1570 quod
1263 1513 1412 1551 sum:
1449 1506 1492 1550 et
1520 1495 1685 1567 gratia
1713 1495 1822 1565 ejus
1849 1492 1904 1545 in
1932 1507 2012 1544 me

420 1607 577 1645 vacua
612 1609 709 1644 non
753 1593 883 1660 fuit;
919 1591 1008 1646 sed
1051 1590 1164 1660 plus
1191 1589 1420 1644 omnibus
1451 1587 1550 1641 illis
1589 1587 1830 1640 laboravi.
1872 1582 2010 1653 Quid

421 1694 522 1749 cst,
553 1683 791 1752 apostole
818 1683 1016 1737 Paule?
1041 1681 1201 1748 Quasi
1233 1680 1467 1735 extulisti
1501 1689 1584 1745 te,
1615 1678 1764 1747 quasi
1806 1677 1871 1731 de
1907 1676 2010 1730 ali-

420 1792 521 1844 qua
549 1776 810 1830 cervicula
837 1775 1046 1830 videtur
1073 1775 1294 1838 dictum,
1325 1771 1452 1826 Plus
1481 1769 1708 1825 omnibus
1737 1770 1838 1823 illis
1869 1768 2009 1823 labo-

419 1870 546 1924 ravi.
576 1871 821 1939 Agnosce
849 1885 995 1939 ergo.
1025 1868 1289 1938 Agnosco,
1321 1865 1526 1936 inquit:
1560 1863 1681 1918 Non
1705 1880 1794 1933 ego
1819 1873 2005 1926 autem,

417 1962 507 2016 sed
531 1967 693 2031 gratia
724 1962 815 2014 Dei
842 1978 1034 2016 mecum
1063 1961 1115 2030 (1
1144 1959 1261 2014 Cor.
1285 1975 1379 2026 xv,
1409 1959 1462 2024 9,
1493 1957 1606 2030 10).
1641 1956 1756 2011 Non
1780 1965 1894 2012 erat
1916 1956 2011 2010 ob-

421 2052 569 2117 litus,
600 2052 692 2107 sed
738 2053 876 2106 unde
913 2052 1238 2122 gaudeamus
1285 2051 1335 2104 in
1381 2045 1672 2104 ndvissimo
1695 2050 1734 2113 ¹,
1766 2047 2010 2102 servabat

417 2145 765 2198 novissimus.
797 2143 917 2198 Non
944 2161 1033 2215 ego
1059 2153 1243 2207 autem,
1285 2143 1373 2196 sed
1401 2142 1564 2212 gratia
1602 2140 1698 2194 Dei
1721 2156 1934 2194 mecum.

489 2235 713 2292 CAPUT
754 2235 819 2290 V.
865 2267 936 2276 —
977 2237 1030 2290 5.
1075 2235 1296 2289 Victoria
1322 2234 1532 2287 certanti
1560 2233 1710 2286 datur
1740 2249 1828 2302 per
1855 2230 2008 2286 Chri-

417 2337 571 2382 stum.
616 2327 800 2381 Merita
829 2328 1044 2382 hominis
1092 2327 1226 2381 dona
1263 2337 1381 2382 sunt
1417 2325 1530 2380 Dei.
1572 2326 1720 2380 Tunc
1749 2341 1854 2380 non
1886 2324 2010 2380 red-

417 2422 586 2477 ditum
633 2432 745 2486 est,
785 2422 943 2476 modo
973 2421 1138 2492 quid?
1181 2420 1396 2476 Cursum
1431 2420 1808 2485 consummavi,
1855 2419 2010 2489 ﬁdem

415 2514 608 2568 servavi
634 2530 651 2567 :
680 2514 742 2567 de
765 2523 942 2568 caetero
968 2523 1192 2582 superest
1218 2513 1343 2566 mihi
1372 2528 1557 2566 corona
1574 2512 1811 2584 justitiaz,
1855 2527 2009 2580 quam

417 2606 592 2660 reddet
620 2606 744 2659 mihi
786 2605 1034 2659 Dominus
1069 2606 1122 2658 in
1149 2605 1240 2658 illa
1277 2605 1356 2658 die
1395 2605 1557 2670 iustus
1577 2604 1760 2672 judex.
1801 2603 2008 2658 Bonum

418 2712 644 2767 agonem
687 2698 922 2752 certasti.
967 2697 1074 2752 Sed
1114 2697 1233 2766 quis
1273 2695 1400 2752 fecit
1442 2705 1501 2750 ut
1544 2694 1822 2750 vinceres?
1865 2695 2009 2764 Lego

419 2788 513 2843 tibi
546 2798 618 2856 te,
647 2799 700 2844 et
728 2799 782 2844 tu
808 2788 963 2857 dicis,
997 2788 1332 2861 Gratias‘ago
1367 2787 1497 2854 Deo,
1548 2775 1634 2860 qui
1687 2787 1824 2842 dedit
1867 2787 2010 2842 nobis

415 2882 677 2936 victoriam
700 2899 787 2953 per
812 2881 1090 2936 Dominum
1125 2890 1350 2938 nostrum
1369 2881 1545 2936 Iesum
1566 2880 1818 2935 Christum
1845 2878 2005 2951 (Ibid.

417 2973 547 3043 57).
576 2974 712 3040 Quid
757 2975 994 3045 proderit
1038 2985 1297 3039 certasse,
1342 2975 1386 3029 si
1425 2989 1532 3029 non
1570 2972 1739 3043 prosit
1784 2971 2008 3028 vicisse?

416 3065 559 3136 Ergo
585 3065 752 3122 habes
780 3068 904 3136 quia
930 3068 1145 3122 certasti
1177 3066 1412 3136 quidem,
1443 3065 1536 3121 sed
1577 3063 1820 3120 Christus
1860 3063 2010 3120 dedit

415 3155 714 3212 victoriam.
764 3158 1001 3225 Sequere
1045 3157 1224 3210 aliud:
1277 3157 1490 3210 Cursum
1538 3157 1895 3210 consummavi.
1944 3157 2010 3212 Et

417 3247 523 3302 hoc
547 3248 667 3317 quis
695 3249 746 3300 in
782 3249 870 3302 te?
900 3248 1085 3302 Nonne
1115 3257 1173 3302 tu
1200 3249 1400 3311 dixisti,
1431 3247 1552 3302 Non
1577 3249 1814 3312 volentis,
1852 3265 2011 3317 neque

414 3341 684 3406 currentis,
721 3341 810 3394 sed
835 3341 1112 3394 miserantis
1142 3350 1212 3396 est
1242 3340 1338 3396 Dei
1382 3340 1575 3414 (Rom.
1617 3357 1697 3406 Ix,
1746 3339 1876 3411 16).
1914 3341 2008 3396 Dic

413 3433 558 3503 quod
589 3433 865 3503 sequitur:
892 3433 1075 3488 Fidem
1099 3435 1306 3488 servavi.
1334 3435 1400 3490 Et
1426 3434 1527 3490 hoc
1554 3435 1691 3490 unde
1715 3434 1848 3489 tibi?
1869 3434 2007 3489 Audi

411 3528 577 3583 verba
612 3536 733 3582 tua:
776 3527 1203 3594 Miscricordiam,
1246 3529 1449 3599 inquit,
1482 3539 1771 3583 consecutus
1795 3545 1928 3595 sum,
1956 3535 2008 3581 ut

413 3621 580 3688 ﬁdelis
609 3637 767 3675 essent
798 3622 816 3689 (
836 3622 852 3676 Ι
881 3619 998 3676 Cor.
1034 3638 1128 3687 vn,
1156 3622 1225 3678 25
1246 3623 1286 3693 ).
1335 3624 1475 3693 Ergo
1504 3623 1659 3678 ﬁdem
1687 3623 1914 3678 servasti
1940 3638 2004 3676 ex

412 3715 776 3769 misericordia
809 3715 926 3781 Dei,
969 3729 1074 3770 non
1114 3731 1179 3770 ex
1211 3716 1516 3770 fortitudine
1563 3725 1671 3770 tua.
1707 3716 1784 3770 De
1810 3726 2006 3771 caetero

411 3825 541 3880 ergo
570 3819 813 3879 superest
842 3810 933 3864 tibi
965 3823 1160 3864 corona
1193 3810 1434 3880 justitim,
1477 3825 1632 3876 quam
1683 3808 1870 3864 reddet
1913 3808 2005 3862 tibi

412 3900 671 3955 Dominus
701 3902 756 3956 in
786 3902 874 3956 illa
901 3901 989 3956 die
1006 3901 1179 3971 justus
1201 3899 1383 3971 judex.
1407 3901 1610 3955 Meritis
1630 3901 1772 3954 enim
1795 3898 1999 3964 reddet,

411 3992 534 4049 ideo
555 3995 729 4064 justus
751 3995 938 4065 judex.
968 3995 1072 4050 Sed
1101 3995 1260 4049 etiam
1283 3995 1368 4050 hic
1397 4011 1501 4049 non
1529 3994 1813 4048 extollatur
1826 3992 2004 4047 cervix

412 4090 524 4148 tua,
549 4086 668 4153 quia
692 4085 829 4140 dona
848 4086 1011 4156 ipsius
1029 4097 1152 4140 sunt
1173 4087 1356 4140 merita
1384 4096 1488 4140 tua.
1510 4085 1662 4154 Quod
1688 4086 1760 4140 illi
1785 4085 1914 4152 dixi,
1938 4088 2006 4143 ab

412 4175 504 4230 illo
520 4176 703 4239 didici,
721 4187 776 4232 et
791 4195 884 4234 vos
903 4196 1110 4234 mecum
1129 4181 1181 4234 in
1202 4181 1297 4235 ista
1317 4181 1500 4235 schola
1519 4182 1701 4252 utique
1721 4181 2001 4236 didicistis.

411 4265 701 4337 Superiore
724 4269 841 4324 loco
865 4280 1080 4340 prepter
1097 4272 1422 4341 praeconium
1446 4273 1812 4343 prmsidemus,
1836 4273 1928 4328 sed
1952 4274 2004 4328 in

414 4373 520 4418 una
549 4359 733 4416 schola
760 4375 1096 4417 communem
1117 4363 1430 4433 magistrum
1461 4363 1517 4418 in
1545 4364 1695 4420 caelis
1723 4364 2000 4422 habemus.

864 4475 1095 4532 SEBMO
1133 4475 1384 4532 ccxmx
1409 4479 1428 4500 ο
1459 4477 1558 4548 (a).

647 4597 719 4640 De
748 4588 895 4640 Natali
927 4589 1249 4653 apostolorum
1281 4591 1409 4642 Petri
1443 4598 1496 4643 et
1526 4591 1680 4653 Pauli,
1715 4607 1762 4644 v.

494 4697 568 4754 1η
591 4713 693 4770 quo
725 4696 1013 4768 disputatur
1037 4706 1213 4752 contra
1247 4695 1640 4769 Pelagianorum
1666 4699 1914 4753 haeresim.

483 4832 534 4886 1.
580 4830 765 4887 Petrus
812 4832 1167 4904 Apostolorum
1203 4832 1413 4902 printus,
1454 4830 1650 4886 Paulus
1684 4833 1999 4889 novissimus.

414 4925 779 4980 Pra‘dicandis
807 4924 1264 4994 prmdicatoribus,
1283 4934 1337 4980 et
1359 4925 1518 4979 tantis
1545 4924 1998 4994 prmdicatoribus,

412 5016 474 5069 de
505 5017 701 5086 quibus
733 5016 1030 5072 audivimus
1073 5026 1126 5070 et
1149 5019 1497 5084 cantavimus,
1542 5017 1682 5087 quod
1733 5019 1784 5072 in
1805 5037 2001 5075 onmem

413 5119 596 5162 terram
623 5108 776 5161 exivit
804 5124 958 5162 sonus
982 5124 1176 5176 eorum,
1216 5119 1261 5163 et
1286 5110 1338 5162 in
1362 5111 1487 5178 ﬁnes
1513 5111 1645 5166 orbis
1681 5121 1828 5167 terra:
1851 5114 2002 5168 verba

410 5218 581 5254 eorum
610 5199 788 5269 (Psal.
808 5216 956 5268 xvm,
982 5201 1061 5272 5),
1082 5203 1264 5271 procul
1280 5201 1441 5257 dubio
1463 5204 1605 5258 nulla
1632 5217 1816 5261 nostra
1838 5208 1999 5263 verba

412 5294 704 5350 sufﬁciunt.
741 5296 1087 5351 Devotionem
1135 5295 1413 5364 debemus,
1456 5307 1689 5354 vestram
1725 5310 2001 5370 exspecta-

413 5388 611 5443 tionem
637 5402 740 5442 non
773 5388 1074 5460 implemus.
1100 5388 1434 5460 Exspectatis
1461 5389 1602 5446 enim
1617 5405 1646 5445 a
1663 5391 1819 5448 nobis
1834 5391 1999 5450 hodie

481 5584 490 5651 ξ
523 5582 663 5651 miti,
691 5581 736 5630 in
761 5596 865 5632 ηοντ
889 5581 1035 5651 simis.
1075 5592 1138 5651 At,
1163 5589 1500 5651 manuscrlpti,
1522 5589 1857 5644 innotussimo.

585 5651 640 5688 Ix
695 5653 862 5719 vetere
888 5643 1010 5693 lihro
1043 5650 1285 5719 (ῥίψει)ςίυῇ
1314 5643 1439 5719 nunc
1469 5643 1672 5719 primum
1696 5643 1867 5719 prodit.
1903 5665 1996 5708 Ex-

415 5721 441 5782 i:
464 5717 586 5782 τρι.
607 5719 662 5776 μγ
686 5706 780 5782 hoc
806 5721 1028 5757 sermone
1052 5712 1298 5782 trisdedit
1320 5714 1444 5762 Beda
1469 5706 1676 5782 nondum
1698 5706 1996 5782 'vtilgatusﬁi—u

415 5766 853 5848 :‘sr‘:.__'::l:E-r::'e__3
885 5772 1286 5848 PE“.‘.“‘_.|"°“““5
1313 5789 1421 5825 cum
1446 5777 1710 5848 “oram.”
1731 5766 1922 5848 οοῖῗνῖξ
1945 5766 1997 5839 εἰ

410 5827 506 5885 alia
521 5827 745 5883 breviora
765 5831 860 5884 duo
881 5833 941 5886 ad
962 5841 996 5885 ιι
1016 5827 1132 5888 Tim.
1159 5851 1224 5899 tv,
1247 5851 1358 5902 quae
1377 5842 1614 5904 prwteriit
1635 5827 1816 5903 Florus.

1652 351 1709 408 S.
1750 337 2118 404 AUGUSTIM
2160 339 2458 397 EPISCUPI

3568 357 3706 417 1568

2127 468 2400 538 praedicari
2442 471 2714 540 apostolos
2743 472 2959 530 Petrum
3001 484 3056 532 et
3085 475 3329 546 Paulum,
3369 492 3705 549 quorumso-

2118 561 2310 620 lemnis
2349 563 2435 620 hic
2481 565 2594 621 dies
2646 577 2747 624 est.
2789 570 3034 640 Agnosco
3087 570 3211 642 quid
3253 573 3606 641 exspectetis;
3652 582 3706 629 et

2120 660 2209 714 ubi
2251 676 2504 732 agnosco,
2533 662 2844 719 succumbo.
2870 663 3040 720 Video
3066 665 3206 721 enim
3235 665 3533 736 exSpectari
3553 665 3700 734 quid,

2117 769 2148 808 a
2195 769 2320 824 quo.
2370 753 2473 810 Sed
2501 755 2622 826 quia
2669 756 2810 811 Deus
2857 771 3040 812 eorum
3094 757 3295 812 laudari
3339 757 3588 825 dignatur
3637 757 3704 812 ab

2117 846 2364 902 omnibus
2380 848 2555 914 nobis,
2583 864 2686 903 non
2717 849 3070 921 dedignentur
3095 851 3234 907 servi
3265 851 3381 922 ejus
3411 861 3697 922 utcumque

2121 938 2398 1009 prmdicari
2425 941 2492 996 ab
2517 941 2595 996 eis
2617 943 2706 1012 qui
2737 943 2975 997 serviunt
3000 943 3170 998 vobis.

2185 1031 2239 1086 2.
2273 1031 2420 1086 Idem
2445 1044 2688 1088 tractatur
2714 1046 3086 1106 argumentum.
3117 1035 3268 1092 Sicut
3300 1037 3488 1101 nostis,
3518 1052 3707 1093 omnes

2115 1128 2206 1199 qui
2259 1125 2560 1198 Scripturas
2636 1140 2849 1186 sanctas
2915 1132 3105 1198 nostis,
3175 1132 3448 1201 apostolus
3517 1132 3704 1186 Petrus

2118 1221 2257 1276 inter
2281 1221 2589 1290 discipulos,
2618 1237 2753 1292 quos
2779 1223 3035 1279 Dominus
3065 1237 3299 1292 praesens
3331 1223 3383 1277 in
3411 1238 3576 1277 carne
3596 1222 3705 1276 cle-

2116 1315 2209 1386 git,
2241 1317 2444 1386 primus
2458 1315 2660 1370 electus
2680 1324 2764 1370 est
2796 1333 2808 1368 :
2839 1316 3036 1371 Paulus
3059 1327 3233 1370 autem
3263 1330 3369 1370 non
3404 1316 3699 1378 interillos,

2116 1422 2221 1462 non
2249 1422 2368 1461 cum
2402 1407 2536 1471 illis;
2565 1405 2659 1462 sed
2688 1407 2844 1478 longe
2872 1415 3076 1476 postea,
3106 1422 3211 1462 non
3233 1407 3412 1477 dispar
3442 1407 3566 1462 illis.
3600 1407 3702 1461 Pe-

2118 1507 2232 1554 trus
2256 1514 2383 1569 ergo
2414 1501 2617 1569 primus
2654 1501 3060 1569 Apostolorum,
3108 1499 3307 1555 Paulus
3334 1499 3659 1554 novissimus
3687 1516 3699 1552 :

2117 1591 2258 1647 Deus
2278 1601 2476 1655 autem,
2505 1591 2657 1661 cujus
2683 1591 2734 1646 hi
2761 1592 2922 1657 servi,
2951 1593 3105 1662 cujus
3136 1592 3190 1646 hi
3217 1605 3510 1662 przecones,
3555 1590 3702 1659 cujus

2117 1683 2170 1737 hi
2225 1682 2622 1753 praedicatores,
2671 1684 2874 1755 primus
2912 1692 2967 1738 et
3018 1684 3356 1738 novissimus.
3402 1683 3596 1738 Petrus
3652 1684 3700 1737 in

2117 1775 2385 1844 Apostolis
2423 1775 2643 1845 primus,
2695 1775 2892 1831 Paulus
2932 1775 2985 1830 in
3027 1775 3296 1844 Apostolis
3337 1775 3702 1830 novissimus:

2116 1865 2257 1921 Deus
2277 1875 2330 1920 et
2360 1867 2561 1936 primus
2583 1875 2637 1921 et
2663 1866 3005 1933 novissimus,
3035 1876 3158 1920 ante
3179 1881 3334 1935 quem
3361 1865 3492 1918 nihil
3515 1874 3572 1920 et
3590 1875 3704 1933 post

2115 1972 2271 2026 quem
2296 1955 2445 2010 nihil.
2476 1957 2617 2011 Deus
2632 1971 2760 2025 ergo
2780 1957 2872 2027 qui
2906 1971 2965 2012 se
2995 1957 3221 2026 primum
3273 1965 3326 2011 et
3357 1957 3700 2010 novissinnnn

2115 2047 2408 2103 aeternitate
2452 2047 2864 2113 commendavit,
2908 2048 3024 2119 ipse
3073 2047 3360 2117 Apostolus
3395 2049 3625 2117 primum
3653 2057 3704 2102 et

2115 2138 2462 2193 novissimum
2484 2140 2730 2208 passione
2756 2139 3052 2210 conjunxit.
3078 2138 3363 2210 Utriusque
3377 2140 3555 2208 passio
3572 2154 3701 2192 con-

2114 2231 2302 2286 cordat
2340 2229 2699 2298 solemnitate,
2751 2233 3030 2302 utriusque
3077 2232 3182 2286 vita
3217 2242 3480 2286 consonat
3525 2232 3701 2286 chari-

2117 2331 2242 2379 tate.
2266 2321 2332 2376 In
2359 2340 2556 2378 omnem
2583 2333 2769 2378 terram
2812 2325 2933 2379 exiit
2986 2341 3138 2378 sonus
3175 2340 3370 2389 eorum,
3411 2334 3459 2377 et
3504 2325 3559 2378 in
3583 2324 3703 2394 ﬁnes

2114 2417 2247 2470 orbis
2281 2424 2427 2470 teme
2467 2417 2617 2471 verba
2643 2433 2816 2471 eorum
2844 2425 3158 2472 sonuerunt.
3213 2417 3313 2473 Ubi
3360 2416 3519 2472 electi
3560 2426 3698 2484 sunt,

2116 2509 2204 2563 ubi
2235 2509 2677 2580 praedicaverunt,
2707 2510 2793 2565 ubi
2820 2511 2978 2566 etiam
3012 2512 3151 2580 passi
3185 2521 3328 2578 sunt,
3377 2525 3569 2566 omnes
3611 2526 3703 2565 no-

2113 2601 2308 2656 vimus.
2364 2601 2490 2657 Illos
2537 2612 2714 2658 autem
2767 2603 2911 2673 ipsos
2968 2603 3106 2658 unde
3145 2619 3242 2660 nos
3282 2605 3547 2672 novimus,
3605 2605 3702 2660 nisi

2113 2692 2239 2763 quia
2265 2695 2319 2747 in
2348 2710 2546 2748 omnem
2573 2703 2760 2749 terram
2784 2695 2904 2750 exiit
2925 2712 3077 2750 sonus
3101 2713 3270 2751 eorum
3287 2697 3313 2751 ἒ

2185 2785 2238 2840 5.
2281 2785 2509 2854 Apostoli
2545 2787 2690 2841 verba
2711 2787 2772 2841 de
2795 2789 3028 2860 passione
3050 2805 3145 2842 sua
3159 2790 3468 2846 imminente.
3500 2789 3586 2844 Ea:
3610 2790 3704 2844 Dei

2113 2877 2277 2948 gratia
2306 2889 2353 2932 et
2393 2879 2639 2934 debitores
2668 2882 2923 2951 efﬁcimur,
2971 2893 3019 2936 et
3039 2884 3364 2945 \redditores.
3413 2884 3700 2957 Martyrum

2113 2971 2274 3024 virtus
2300 2987 2334 3024 a
2374 2970 2502 3026 Deo.
2537 2971 2861 3029 Revelatione
2890 2976 3090 3031 Paulus
3133 2977 3465 3046 conﬁrmatus
3511 2979 3576 3033 de
3610 2997 3699 3032 sua

2113 3067 2289 3136 futura
2313 3066 2546 3136 passione
2586 3075 2632 3120 et
2657 3069 2884 3122 victoria.
2938 3069 3016 3124 De
3043 3071 3292 3140 passione
3320 3086 3416 3126 sua
3441 3072 3552 3141 jam
3599 3073 3699 3126 im-

2113 3158 2351 3214 minente
2377 3167 2432 3214 et
2474 3160 2866 3232 propinquante
2907 3147 3355 3234 praenuntiantem
3401 3165 3698 3220 audivimus

2113 3251 2359 3319 Paulum,
2400 3269 2521 3310 cum
2566 3257 2683 3325 ejus
2736 3257 2978 3328 Epistula
3007 3259 3308 3328 legeretur:
3347 3279 3365 3311 ι
3405 3259 3520 3330 Ego
3561 3260 3697 3314 enim

2108 3344 2220 3413 jam
2257 3346 2539 3416 immolor,
2591 3358 2645 3403 et
2686 3359 2897 3420 tempus
2939 3351 3283 3408 resolutionis
3337 3368 3472 3407 mea:
3512 3354 3689 3407 instat.

2114 3438 2319 3494 Bonum
2341 3449 2614 3497 certamen
2639 3443 2862 3507 certavi,
2887 3459 3100 3500 cursum
3128 3447 3516 3512 consummavi,
3545 3445 3696 3501 ﬁdem

2113 3530 2320 3584 servavi
2346 3547 2358 3582 :
2383 3529 2450 3586 de
2478 3542 2676 3586 caetero
2705 3534 2938 3604 reposita
2973 3543 3056 3590 est
3078 3536 3206 3589 mihi
3236 3551 3432 3592 corona
3456 3536 3695 3607 justitite,

2113 3637 2272 3690 quam
2294 3622 2480 3678 reddet
2505 3624 2636 3679 mihi
2666 3625 2926 3680 Dominus
2969 3627 3020 3680 in
3045 3627 3130 3681 illa
3160 3626 3247 3682 die
3273 3627 3448 3697 justus
3487 3628 3651 3696 judex
3683 3645 3696 3680 :

2115 3727 2222 3766 non
2255 3713 2426 3767 solum
2455 3725 2653 3781 autem,
2694 3715 2882 3786 inquit,
2924 3716 3074 3780 mihi,
3103 3717 3197 3772 sed
3227 3719 3477 3776 omnibus
3505 3719 3592 3788 qui
3621 3718 3698 3772 di—

2114 3803 2781 3874 liguntmanil‘estationem
2834 3807 2970 3877 ejus.
3013 3807 3077 3878 (ΙΙ
3109 3805 3243 3862 Tim.
3273 3825 3345 3875 tv,
3373 3809 3520 3877 6-8).
3570 3809 3696 3864 Hinc

2111 3899 2350 3954 dicamus
2368 3899 2607 3970 aliquid:
2653 3899 2910 3970 adjuvant
2959 3901 3100 3956 enim
3148 3916 3262 3965 nos,
3316 3917 3435 3970 qua:
3487 3906 3540 3956 in
3569 3901 3696 3956 ﬁnes

2111 3990 2438 4046 orbisterrae
2469 3986 2734 4054 exierunt,
2768 3992 2928 4047 verba
2982 4008 3186 4048 eorum.
3234 3993 3417 4048 Primo
3459 4003 3694 4048 sanctam

2111 4083 2448 4140 devotionem
2477 4083 2674 4138 videte.
2727 4084 2993 4139 lmmolari
3043 4099 3102 4140 se
3155 4084 3308 4152 dixit,
3361 4101 3470 4140 non
3516 4086 3692 4140 mori:

2112 4191 2216 4232 non
2247 4177 2367 4247 quia
2395 4192 2501 4231 non
2527 4177 2774 4243 moritur,
2804 4177 2893 4248 qui
2923 4177 3259 4242 immolatur;
3283 4177 3378 4234 sed
3398 4192 3506 4234 non
3527 4179 3695 4232 omnis

2110 4267 2200 4337 qui
2219 4267 2464 4332 moritur,
2500 4267 2823 4322 immolatur.
2852 4268 2990 4338 Ergo
3016 4267 3281 4323 immolari
3297 4277 3381 4324 est
3405 4269 3515 4323 Deo
3541 4269 3690 4323 mori.

2113 4361 2339 4416 Ductum
2384 4368 2467 4415 est
2507 4359 2649 4414 enim
2677 4359 2912 4416 Verbum
2956 4376 2986 4415 a
3025 4360 3306 4417 sacriﬁcio.
3347 4359 3520 4419 Omne
3559 4363 3694 4432 quod

2110 4452 2460 4517 sacriﬁcatur,
2492 4452 2607 4507 Deo
2630 4452 2905 4507 occiditur.
2938 4453 3200 4510 lntellexit
3225 4454 3366 4509 enim
3407 4455 3693 4524 Apostolus

2109 4544 2195 4600 cui
2224 4544 2342 4615 ejus
2388 4544 2603 4615 sanguis
2653 4545 2709 4599 in
2755 4546 3006 4614 passione
3049 4545 3374 4602 deberetur:
3406 4545 3580 4602 factus
3617 4557 3693 4602 est

2021 4653 2024 4657 '
2108 4637 2250 4691 enim
2272 4635 2482 4692 debitor
2505 4637 2780 4707 sanguinis
2807 4637 2907 4704 sui,
2951 4653 3047 4708 pro
3069 4654 3176 4710 quo
3239 4638 3387 4695 {usus
3439 4648 3524 4696 est
3575 4655 3694 4694 san-

2107 4727 2226 4797 guis
2251 4727 2460 4782 Domini
2489 4728 2592 4782 sui.
2626 4727 2771 4784 Unus
2801 4729 2893 4785 ille
2919 4731 3229 4801 sanguinem
3255 4729 3410 4797 fudit,
3433 4743 3488 4787 et
3509 4748 3692 4787 omnes

2107 4819 2490 4889 Oppigneravit.
2521 4819 2792 4891 Quotquot
2815 4821 2956 4876 illam
2984 4821 3140 4878 ﬁdem
3182 4825 3505 4894 recipimus,
3531 4825 3689 4880 debe-

2109 4918 2227 4958 mus
2251 4903 2394 4974 quod
2433 4905 2724 4976 accipimus
2758 4925 2772 4962 :
2805 4915 2860 4962 et
2906 4906 3008 4962 hoc
3049 4909 3170 4978 quia
3208 4908 3453 4978 dignatus
3505 4919 3587 4963 est
3618 4909 3689 4961 fa-

2106 5014 2228 5056 cere
2244 5007 2298 5056 et
2321 5000 2591 5056 debitores
2616 5010 2671 5056 et
2690 5001 3004 5058 redditores.
3037 5002 3166 5071 Quis
3195 5004 3336 5059 enim
3373 5013 3612 5058 nostrum
3636 5003 3685 5056 in

2107 5102 2250 5148 tanta
2279 5093 2455 5163 inopia
2479 5104 2534 5149 et
2563 5104 2871 5165 paupertate
2902 5095 3194 5150 inﬁmitatis
3212 5095 3435 5152 idoneus
3459 5110 3545 5150 eSt
3570 5096 3686 5150 red-

2106 5188 2234 5244 dere
2255 5197 2403 5244 tanto
2431 5189 2717 5246 creditori?
2736 5189 2841 5247 Sed
2867 5191 3131 5260 quomodo
3157 5192 3413 5262 scriptum
3443 5202 3548 5257 est,
3581 5190 3686 5244 Do-

2105 5282 2273 5337 minus
2329 5282 2468 5338 dabit
2541 5284 2743 5340 verbum
2786 5286 3235 5358 evangelizantibus
3297 5286 3477 5340 virtute
3525 5286 3685 5339 multa

2105 5373 2276 5443 (Psal.
2308 5391 2479 5441 van,
2506 5376 2594 5448 12)
2628 5397 2640 5432 :
2674 5379 2914 5443 verbum,
2945 5393 3052 5450 quo
3093 5378 3469 5444 diﬂ‘amentur;
3519 5380 3683 5434 virtu-

2104 5474 2232 5532 tem,
2263 5483 2366 5538 qua
2393 5468 2679 5539 patiantur.
2708 5469 2827 5540 Ipse
2849 5485 2976 5542 ergo
3005 5471 3106 5526 sibi
3133 5472 3372 5527 victimas
3399 5469 3551 5538 fecit,
3577 5473 3685 5542 ipse

2103 5559 2204 5614 sibi
2226 5559 2484 5615 sacriﬁcia
2505 5560 2720 5628 dicavit,
2751 5562 2863 5633 ipse
2895 5563 3133 5634 implevit
3173 5563 3371 5633 Spiritu
3397 5572 3682 5634 martyres,

2105 5650 2217 5716 ipse
2257 5651 2452 5707 virtute
2479 5653 2736 5708 instruxit
2780 5655 3131 5709 confessores.
3163 5653 3253 5708 Eis
3280 5654 3478 5724 quippe
3529 5653 3680 5719 dixit,

2105 5747 2227 5802 Non
2248 5750 2378 5802 enim
2403 5765 2489 5804 vos
2510 5750 2628 5804 estis
2654 5751 2740 5822 qui
2761 5748 3018 5819 loquimini
3040 5749 3244 5821 (Matth.
3273 5764 3326 5815 ι,
3349 5747 3466 5819 20).
3489 5751 3684 5817 Quam-

2105 5841 2187 5901 vis
2215 5857 2342 5914 crgo
2367 5857 2620 5915 passurus
2637 5884 2654 5914 ,
2707 5843 2947 5914 quamvis
2972 5857 3068 5914 pro
3089 5841 3206 5916 ﬁde
3226 5839 3427 5899 Christi
3466 5839 3658 5915 δίωψὲ
