4036 6454
268 358 410 415 1569

267 492 393 532 nem
415 474 661 541 fusurus;
686 483 831 530 recte
858 484 1033 530 tamen
1077 475 1225 543 dicit,
1262 476 1399 543 Quid
1442 476 1713 530 retribuam
1744 472 1855 528 Do-

270 570 408 624 mino
439 586 529 639 pro
552 570 780 622 omnibus
808 584 921 637 qua:
960 569 1184 622 retribuit
1212 570 1379 623 mihi?
1404 569 1469 623 Et
1501 569 1627 639 quid
1667 582 1855 623 occur-

266 662 379 717 rit?
405 660 624 716 Calicem
650 663 887 715 salutaris
914 662 1178 732 accipiant,
1207 673 1252 715 et
1276 680 1472 717 nomem
1491 663 1695 719 Domini
1714 664 1857 717 invo-

264 752 389 806 cabo
420 751 591 823 (Psal.
616 768 735 815 cxv,
769 752 891 805 12a
913 752 1023 821 15).
1057 754 1131 808 De
1171 754 1517 808 retributione
1562 754 1852 825 cogitabas,

265 844 394 913 quid
424 845 749 898 retribueres
774 844 1112 914 inquirebas;
1140 855 1193 900 et
1211 846 1446 900 occurrit
1474 846 1564 900 tibi
1593 847 1740 916 quasi
1770 862 1855 900 re-

267 936 554 1003 tributuro,
583 937 800 990 Calicem
840 937 1079 991 salutaris
1108 938 1375 1007 accipiam,
1421 946 1467 991 et
1512 955 1691 992 nomen
1745 936 1853 992 Do-

266 1031 393 1082 mini
420 1031 679 1085 invocabo.
732 1032 886 1086 Certe
928 1031 1228 1085 redditurus
1272 1032 1424 1086 eras?
1455 1032 1594 1086 Ecce
1637 1030 1851 1101 accipis.

265 1122 419 1189 Quod
444 1124 641 1192 accipis
672 1139 820 1192 ergo,
849 1124 969 1193 quia
997 1123 1247 1193 accepisti
1301 1124 1440 1193 quod
1475 1124 1721 1190 deberes,
1768 1138 1857 1177 ac-

264 1216 400 1283 cipis
429 1215 568 1268 unde
620 1215 844 1279 reddas;
886 1214 1095 1269 debitor
1143 1230 1261 1268 cum
1301 1216 1589 1285 acceperis,
1647 1214 1857 1269 debitor

260 1322 384 1359 cum
415 1306 733 1360 reddideris.
761 1307 894 1372 Quid
932 1307 1073 1360 enim
1118 1306 1413 1373 retribuam,
1462 1306 1668 1377 inquit?
1712 1304 1853 1361 Cali-

184 1390 187 1391 ⁷
260 1415 370 1451 cem
401 1400 641 1452 salutaris
666 1400 931 1469 accipiant.
968 1398 1108 1469 Ergo
1157 1408 1209 1453 et
1245 1399 1345 1452 hoc
1383 1400 1598 1469 accipis,
1635 1399 1852 1453 calicem

270 1493 554 1560 passionis,
609 1493 827 1547 calicem
855 1493 921 1547 de
954 1509 1059 1563 quo
1086 1493 1341 1547 Dominus
1379 1495 1451 1547 ait
1485 1493 1733 1548 :I’otestis
1781 1492 1856 1546 bi-

266 1584 383 1638 bere
406 1585 629 1649 calicem,
663 1602 809 1655 quem
828 1602 917 1656 ego
946 1586 1188 1639 bibiturus
1229 1603 1339 1638 sunt
1367 1586 1578 1655 (Matth.
1612 1602 1701 1651 xx,
1733 1584 1852 1655 2‘2)?

259 1675 369 1732 Sed
395 1691 521 1731 ecce
544 1677 655 1746 jam
686 1678 821 1730 calix
856 1679 904 1731 in
930 1694 1088 1731 manu
1107 1688 1190 1730 tua
1215 1686 1313 1741 est,
1335 1678 1444 1746 jam
1474 1679 1715 1731 imminet
1736 1693 1856 1745 pas-

257 1769 385 1823 sio:
419 1767 545 1836 quid
587 1767 813 1823 facisne
852 1769 1125 1839 trepides?
1151 1768 1278 1839 quid
1329 1769 1461 1824 facis
1508 1786 1573 1823 ne
1618 1771 1855 1825 titubes?

235 1860 389 1929 'quid
421 1858 639 1915 facisne
668 1860 808 1930 quod
852 1862 961 1929 jam
1014 1871 1215 1932 portas,
1252 1861 1435 1916 bibere
1481 1878 1585 1915 non
1643 1863 1854 1931 possis?

258 1953 401 2020 Quid
444 1952 657 2020 faciam,
690 1953 984 2021 inquit?Et
1024 1954 1092 2007 ibi
1145 1953 1400 2022 accipiam
1432 1971 1446 2007 :
1489 1952 1696 2008 debitor
1722 1970 1846 2020 ero;

257 2048 383 2116 quia
412 2063 604 2103 nomen
667 2048 877 2102 Domini
910 2048 1188 2103 invocabo.
1220 2048 1350 2120 Ego,
1384 2049 1574 2119 inquit,
1597 2051 1711 2121 jam
1755 2050 1851 2104 im-

258 2139 447 2194 molor.
504 2138 887 2195 Conlirmatum
936 2142 1009 2195 illi
1065 2151 1180 2197 erat
1227 2142 1555 2198 revelatione
1594 2144 1668 2212 (a)
1704 2162 1716 2198 :
1746 2158 1850 2199 non

257 2236 407 2289 enim
440 2235 539 2289 hoc
568 2235 668 2291 sibi
700 2234 929 2290 humana
959 2234 1241 2289 inﬁrmitas
1272 2236 1583 2305 promittere
1608 2236 1847 2292 auderet.

259 2328 485 2383 Fiducia
524 2329 637 2399 ejus
684 2345 791 2383 non
822 2345 851 2383 a
899 2345 976 2394 se,
1005 2328 1097 2384 sed
1125 2329 1193 2384 ab
1218 2344 1282 2384 eo
1324 2330 1413 2400 qui
1463 2338 1628 2384 totum
1680 2329 1847 2396 dedit,

256 2438 420 2492 quem
448 2422 710 2476 intellexit
737 2437 857 2475 cum
884 2422 1086 2476 diceret
1118 2423 1361 2491 superius
1388 2441 1401 2479 :
1432 2422 1569 2489 Quid
1593 2424 1725 2478 enim
1755 2424 1850 2477 ha-

258 2514 343 2566 bes
367 2512 501 2582 quod
528 2528 628 2565 non
647 2513 881 2583 accepisti
909 2511 952 2584 (l
979 2510 1097 2567 Cor.
1132 2529 1201 2579 tv,
1240 2513 1321 2584 7)?
1346 2514 1458 2584 Ego
1480 2530 1626 2585 ergo,
1657 2514 1845 2584 inquit,

254 2608 369 2675 iam
399 2608 648 2671 immolor,
678 2616 722 2661 et
752 2618 944 2678 tempus
963 2609 1285 2663 resolutionis
1312 2627 1436 2664 mea:
1454 2612 1627 2668 instat.
1654 2610 1849 2665 Bonum

262 2707 524 2751 certamen
558 2699 763 2753 certavi.
814 2699 1085 2769 Interroga
1129 2702 1511 2756 conscientiam
1538 2720 1551 2757 :
1581 2719 1685 2757 non
1722 2718 1851 2758 cun-

255 2799 455 2854 ctatur,
490 2792 610 2861 quia
637 2792 688 2844 in
719 2792 946 2847 Domino
972 2793 1247 2863 gloriatur.
1277 2792 1496 2860 Bonum,
1531 2795 1719 2865 inquit,
1744 2812 1852 2849 cer-

256 2893 430 2937 tamen
454 2885 664 2951 certavi,
689 2901 892 2939 cursum
915 2887 1277 2953 consummavi,
1308 2887 1460 2954 ﬁdem
1496 2890 1707 2942 servavi.
1738 2889 1847 2943 Me-

258 2977 369 3031 rito
401 2992 618 3031 cursum
667 2980 1068 3046 consummasti,
1126 2978 1247 3048 quia
1284 2979 1443 3035 ﬁdem
1483 2982 1730 3036 servasti.
1772 2981 1852 3035 De

255 3078 479 3133 cratera,
519 3069 724 3139 inquit,
763 3079 989 3140 superest
1037 3071 1160 3124 mihi
1217 3088 1403 3126 corona
1427 3074 1663 3145 justitite,
1700 3090 1850 3144 quam

263 3161 445 3215 reddet
471 3162 595 3215 mihi
622 3161 868 3217 Dominus
892 3164 943 3216 in
968 3164 1058 3217 illo
1079 3164 1162 3219 die
1176 3166 1346 3236 justus
1356 3167 1542 3237 judem.

340 3253 397 3307 4.
426 3252 626 3307 Corona
643 3255 860 3324 justitia:
878 3271 980 3309 non
1001 3258 1307 3327 martyribus
1338 3267 1549 3323 tantum,
1578 3259 1667 3313 sed
1691 3260 1853 3314 omni-

258 3345 357 3399 bus
403 3345 555 3412 ﬁdem
606 3346 916 3402 servantibus
967 3350 1232 3418 promissa.
1288 3348 1603 3405 Desiderium
1659 3352 1852 3406 adven-

255 3446 344 3490 tus
372 3435 560 3491 Christi
584 3439 776 3507 judicis
800 3440 976 3508 futuri.
1007 3440 1071 3494 Et
1097 3456 1164 3495 ne
1190 3442 1303 3510 ipse
1341 3444 1489 3512 quasi
1529 3460 1663 3497 unus
1692 3459 1850 3513 supra

257 3530 483 3587 modum
511 3531 727 3601 gloriari
768 3530 1055 3597 videretur,
1096 3540 1152 3587 et
1176 3533 1275 3587 sibi
1305 3534 1517 3603 proprie
1571 3534 1850 3590 Dominum

258 3622 562 3687 vindicare,
598 3620 721 3675 Non
741 3622 904 3676 solum
930 3632 1118 3689 autem,
1148 3624 1337 3694 inquit,
1374 3626 1518 3692 mihi,
1554 3627 1643 3680 sed
1686 3628 1851 3681 omni-

260 3717 360 3771 bus
392 3717 479 3785 qui
511 3716 728 3786 diligunt
754 3716 1209 3785 manifestationem
1224 3719 1354 3788 ejus.
1384 3718 1498 3774 Non
1534 3720 1708 3790 potuit
1741 3736 1855 3776 me-

256 3810 371 3866 lius
397 3818 450 3863 et
476 3808 689 3862 brevius
706 3808 974 3863 insinuare
990 3808 1114 3878 quid
1128 3808 1360 3865 debeant
1385 3809 1628 3866 homines
1654 3810 1850 3879 facere,

266 3908 333 3955 ut
385 3909 691 3954 mereantur
744 3900 888 3954 illam
940 3901 1160 3970 justitite
1208 3916 1484 3957 coronam.
1554 3903 1667 3959 Non
1712 3906 1852 3960 enim

263 4006 461 4047 omnes
485 3990 871 4046 infundendum
886 3993 1199 4063 sanguinem
1214 4004 1526 4064 exspectare
1546 3995 1804 4054 debemus
1837 4017 1850 4051 ;

258 4084 420 4156 pauci
455 4092 736 4153 martyres,
758 4084 853 4138 sed
873 4085 1025 4138 multi
1044 4084 1249 4140 ﬁdeles.
1278 4084 1545 4142 Immolari
1562 4088 1854 4144 sicutPau-

263 4180 356 4233 lus
384 4194 488 4231 non
518 4179 705 4248 potes?
723 4177 909 4233 Fidem
933 4193 1149 4233 servare
1170 4188 1324 4248 potes
1360 4197 1372 4233 :
1406 4179 1563 4236 (idem
1592 4183 1855 4238 servando

257 4272 445 4341 diligis
475 4270 956 4326 manifestationem
979 4272 1113 4341 ejus.
1144 4272 1198 4327 Si
1226 4273 1369 4328 enim
1411 4275 1564 4329 times
1588 4290 1657 4331 ne
1677 4277 1856 4331 veniat

258 4365 524 4420 Dominus
552 4363 649 4436 (b),
673 4379 779 4419 non
802 4365 977 4436 diligis
1004 4364 1489 4422 manifestationem
1517 4369 1652 4440 ejus.
1678 4370 1857 4426 Domi-

259 4472 366 4513 nus
387 4458 632 4512 Christus
689 4458 850 4513 modo
901 4459 953 4513 in
1006 4460 1216 4516 occulto
1269 4468 1379 4527 est;
1430 4462 1856 4518 manifestabitur

261 4558 510 4618 tempore
549 4565 667 4617 suo,
702 4550 861 4620 judex
894 4552 1103 4607 iuturus
1141 4552 1304 4623 juste,
1347 4554 1436 4623 qui
1471 4553 1571 4609 fuit
1598 4570 1721 4610 reus
1755 4556 1855 4611 sub

254 4641 443 4711 judice
472 4642 684 4710 injuste.
714 4641 986 4697 Venturus
1013 4652 1094 4699 est
1128 4662 1141 4700 :
1165 4653 1220 4699 et
1244 4644 1514 4715 quomodo
1557 4648 1855 4703 venturus?

260 4734 629 4791 Judicaturus.
652 4734 837 4805 Neque
862 4736 1003 4791 enim
1032 4736 1223 4792 iterum
1248 4737 1587 4808 judicandus,
1615 4739 1711 4795 sed
1745 4739 1854 4795 uti-

330 4909 402 4969 (a)
437 4906 579 4957 Paulo
600 4908 789 4958 allatam
821 4909 982 4960 divina
1011 4910 1316 4962 revelatione
1348 4918 1660 4968 securitatem
1696 4920 1761 4969 de
1783 4922 1856 4970 vi-

260 4974 416 5019 ctoria
452 4971 500 5017 in
534 4970 701 5019 ultimo
733 4974 999 5021 certamine
1032 4987 1127 5021 non
1159 4974 1238 5023 hic
1269 4982 1451 5025 tantum
1484 4980 1613 5029 dicit.
1652 4988 1700 5029 ln
1734 4980 1856 5032 libro

262 5033 485 5103 secundo
510 5032 573 5105 de
599 5041 901 5105 peccatorum
926 5036 1249 5105 steritis,_cap.
1277 5038 1359 5105 16,⁸
1378 5052 1427 5087 n.
1453 5040 1533 5101 24,
1557 5042 1855 5105 Pelagianos,

262 5096 349 5154 qui
378 5108 439 5142 ex
469 5094 643 5142 eodem
676 5096 767 5143 isto
799 5094 904 5144 loco
928 5095 1155 5158 Apostoli,
1189 5094 1314 5147 nunc
1339 5094 1569 5153 humana:
1601 5094 1859 5157 voluntatis

266 5171 283 5199 κ
298 5159 411 5209 ires.
432 5169 558 5204 nunc
576 5164 849 5205 sanctorum
868 5158 1075 5206 virorum
1098 5159 1146 5206 in
1170 5159 1259 5209 hac
1280 5163 1375 5210 vita
1401 5164 1748 5216 perfectionem
1773 5181 1860 5216 ex-

266 5215 526 5275 tollebant,
550 5218 620 5266 sic
643 5216 826 5268 refellit
858 5232 870 5267 :
915 5237 937 5265 α
960 5220 1091 5278 Quod
1113 5221 1154 5268 si
1176 5222 1289 5270 ideo
1312 5215 1487 5274 talibus
1509 5229 1675 5277 verbis
1696 5215 1860 5280 certus

274 5298 291 5317 υ
320 5290 624 5343 securusque
647 5280 910 5341 gaudebat,
938 5282 1051 5343 quia
1072 5282 1135 5331 de
1161 5284 1353 5334 victoria
1383 5286 1530 5338 futuri
1554 5292 1671 5338 tanti
1699 5299 1858 5340 certa-

273 5355 296 5381 e
320 5340 463 5411 minis
480 5340 667 5413 certum
692 5354 815 5414 eum.
826 5340 1151 5414 securumque
1168 5346 1266 5414 jam
1290 5345 1472 5414 fecerat
1491 5385 1505 5408 ,
1530 5352 1614 5414 qui
1638 5354 1859 5414 eamdem

276 5418 297 5443 ι
325 5404 598 5477 passionem
630 5404 736 5477 jani‘
750 5403 825 5476 illi.
841 5403 1458 5477 revelaveratimminere;
1481 5403 1576 5462 non
1597 5426 1655 5462 re
1676 5412 1858 5477 plenis-

275 5478 299 5506 α
321 5464 459 5531 sima,
477 5464 573 5531 sed
595 5478 683 5526 spe
707 5465 974 5531 ﬁrmissima
998 5468 1101 5518 hac
1122 5469 1263 5531 dixit,
1282 5486 1303 5515 ω
1331 5479 1427 5521 etc.

334 5523 404 5587 (ὁ)
438 5523 677 5599 Timorem
717 5528 857 5599 hunc
889 5530 1212 5599 vehementer
1232 5523 1489 5599 _improbat
1534 5537 1854 5599 Augustinus,

270 5590 435 5658 Enarr.
461 5590 518 5658 Aiu
709 5590 900 5658 M7,_n.
940 5593 960 5639 1
991 5605 1002 5639 :
1047 5610 1068 5636 α
1090 5593 1133 5658 si
1164 5588 1361 5658 enim,'»
1402 5597 1574 5658 inquit,
1600 5588 1632 5643 ἶ
1651 5588 1861 5650 amamus

278 5664 303 5692 ct
323 5648 573 5709 Christum,
592 5652 761 5715 utique
784 5652 1043 5703 adventum
1057 5655 1162 5715 ejus
1176 5648 1456 5706 desiderare
1470 5648 1723 5710 debemus.
1746 5648 1859 5711 Per;

280 5726 303 5753 α
328 5722 521 5787 versum
555 5714 686 5760 enim
717 5722 823 5787 est,
852 5721 902 5764 et
936 5714 1281 5787 nescio‘utrum
1304 5732 1505 5781 verum,
1531 5735 1678 5784 quem
1700 5723 1863 5787 diligis

279 5788 305 5850 ᾳ
328 5773 502 5850 timere
528 5787 591 5850 ne
609 5776 781 5850 veniet
851 5788 1014 5842 arare,
1039 5778 1271 5833 adveniat
1301 5773 1504 5847 regnant
1534 5773 1687 5850 t'uttm,
1714 5778 1765 5841 et
1785 5773 1859 5840 ἶὶξ

279 5849 307 5883 s
325 5846 465 5887 tuere
486 5850 552 5889 ne
572 5837 861 5891 exaudiaris.
885 5854 909 5886 ι

1648 352 1874 413 SERMO
1909 352 2181 413 CCXCIX.

3406 370 3549 431 1370

1964 486 2067 541 que
2086 472 2195 542 jam
2213 474 2562 546 judicaturus,
2590 479 2727 536 sicut
2776 481 3042 553 novimus,
3077 484 3213 541 sicut
3251 486 3544 556 credimus,

1963 560 2031 617 de
2067 564 2200 620 vivis
2250 576 2305 623 et
2345 571 2592 626 mortuis.
2634 570 2909 645 Interrogo
2939 576 3231 646 quemlibet
3274 578 3545 634 hominem

1970 655 2234 712 intentum
2294 660 2345 714 in
2394 678 2515 727 me,
2565 674 2622 719 ut
2683 666 2860 720 audiat
2911 683 3031 733 me;
3096 669 3398 740 interrogo;
3457 686 3546 727 re-

1962 748 2226 817 spondeat
2277 767 2379 807 non
2421 754 2571 819 mihi,
2631 758 2723 812 sed
2763 758 2863 814 sibi
2894 778 2906 813 :
2935 759 3022 814 Vis
3070 770 3126 814 ut
3163 762 3343 816 veniat
3380 761 3542 831 judex

1961 839 2098 895 iste?
2123 839 2278 910 Volo,
2312 844 2502 914 inquit.
2532 846 2665 903 Vide
2692 849 2817 919 quid
2839 849 2972 905 dicis
3001 869 3013 904 :
3042 852 3087 905 si
3109 867 3296 907 verum
3319 852 3473 920 dicis,
3500 854 3543 907 si

1960 932 2038 985 vis
2060 940 2117 986 ut
2137 935 2332 1001 veniat,
2364 936 2484 992 vide
2512 940 2781 1009 quomodo
2822 950 2874 995 te
2901 942 3153 997 inveniat.
3195 943 3363 998 Judex
3392 946 3534 998 enim

1958 1035 2214 1081 venturus
2239 1037 2321 1082 est
2345 1046 2358 1082 τ
2381 1029 2492 1099 jam
2521 1032 2614 1087 tibi
2642 1042 2939 1104 praerogata
2968 1045 3051 1089 est
3086 1036 3375 1102 humilitas,
3415 1054 3543 1091 ven-

1961 1123 2078 1171 tura
2109 1127 2191 1173 est
2210 1130 2467 1188 potestas.
2502 1121 2616 1177 Non
2636 1126 2777 1179 enim
2802 1126 2878 1180 sic
2892 1135 3150 1181 venturus
3182 1136 3284 1194 est,
3336 1138 3391 1182 ut
3420 1144 3542 1183 cor-

1962 1223 2091 1277 pore
2121 1209 2390 1277 induatur,
2422 1212 2492 1269 de
2530 1224 2700 1270 matre
2727 1228 2998 1281 nascatur,
3032 1229 3184 1290 sugat
3220 1220 3406 1286 ubera,
3448 1237 3543 1275 cu-

1961 1302 2043 1356 nis
2090 1303 2409 1372 involvatur,
2436 1307 2487 1361 in
2545 1323 2782 1378 praesepe
2818 1320 3072 1379 ponatur;
3119 1322 3391 1381 postremo
3435 1313 3544 1381 jani

1954 1392 2164 1463 juvenis
2212 1396 2278 1449 ab
2326 1397 2540 1453 homine
2587 1398 2867 1464 illudatur,
2926 1410 3187 1468 teneatur,
3210 1402 3541 1473 ﬂagelletur,

1959 1485 2328 1554 suspendatur,
2346 1497 2517 1543 taceat
2541 1503 2662 1543 cum
2685 1490 2971 1560 judicatur.
3005 1493 3082 1548 Ne
3107 1492 3242 1547 forte
3271 1494 3388 1548 ideo
3417 1510 3547 1549 ven-

1962 1585 2135 1631 turum
2163 1588 2462 1648 exspectes,
2486 1581 2611 1651 quia
2640 1580 2894 1637 humilem
2922 1593 3202 1639 venturum
3244 1585 3417 1640 adhuc
3446 1601 3543 1654 pu-

1959 1676 2059 1722 tas.
2094 1668 2278 1723 Tacuit
2303 1671 2644 1739 judicandus;
2682 1688 2788 1727 non
2841 1674 3039 1729 tacebit
3056 1675 3406 1745 judicaturus.
3444 1676 3546 1732 Oc-

1960 1760 2134 1815 cultus
2162 1760 2248 1816 hic
2272 1761 2389 1827 fuit,
2423 1773 2479 1817 ιιι
2508 1780 2612 1819 non
2637 1776 3049 1835 agnosceretur:
3074 1764 3136 1822 Si
3181 1769 3313 1822 enim
3355 1785 3545 1839 cogno-

1956 1852 2158 1920 vissent,
2187 1871 2443 1925 runquam
2468 1855 2744 1912 Dominum
2766 1858 2942 1929 gloria:
2964 1860 3327 1929 cruciﬁxissent
3350 1860 3399 1932 (1
3423 1860 3543 1918 Cor.

1958 1960 2015 2011 ιι,
2048 1944 2124 2013 8).
2150 1945 2281 1999 Cum
2320 1962 2448 2016 ergo
2492 1947 2577 2002 hic
2599 1948 2709 2018 jam
2758 1949 2915 2004 fuerit
2936 1951 3172 2006 occultus
3198 1951 3250 2005 in
3285 1962 3547 2021 potestate

1957 2053 2075 2105 sua,
2109 2039 2296 2094 tacitus
2336 2040 2436 2094 sub
2458 2041 2665 2107 aliena;
2702 2044 3025 2099 contrarium
3066 2045 3168 2100 erit
3204 2046 3547 2100 occultationi

1956 2140 2011 2187 et
2055 2132 2179 2188 huic
2219 2133 2565 2189 taciturnitati
2615 2136 2757 2205 quod
2818 2148 3096 2192 venturum
3151 2146 3542 2208 exspectamus.

1955 2224 2094 2280 Deus
2120 2228 2261 2281 enim
2292 2227 2591 2295 manifestus
2620 2230 2798 2284 veniet.
2818 2229 2919 2297 Qui
2950 2229 3091 2298 prius
3111 2232 3256 2285 venit
3281 2230 3541 2298 occultus,

1955 2319 2133 2374 veniet
2156 2318 2490 2375 manifestus.
2522 2322 2659 2376 Ecce
2696 2322 2859 2377 habes
2890 2323 3240 2388 contrarium,
3271 2324 3345 2378 illi
3366 2325 3546 2379 occul-

1956 2410 2142 2465 tationi
2178 2428 2192 2466 :
2219 2410 2339 2465 vide
2368 2413 2702 2467 contrarium
2726 2413 2799 2467 illi
2820 2413 3188 2468 taciturnitati.
3215 2413 3356 2469 Deus
3377 2425 3545 2470 noster

1954 2502 2133 2569 veniet,
2165 2512 2211 2557 et
2237 2520 2338 2557 non
2360 2503 2543 2558 silebit.
2573 2503 2733 2559 Siluit
2757 2505 3030 2571 occultus;
3051 2506 3171 2576 quia
3194 2508 3322 2560 sicut
3352 2507 3455 2561 ovis
3476 2508 3544 2560 ad

1953 2596 2318 2651 immolandum
2366 2598 2545 2652 ductus
2596 2608 2688 2663 est,
2735 2596 2891 2654 Siluit.
2927 2600 3196 2665 occultus;
3252 2599 3375 2670 quia
3417 2601 3545 2654 sicut

1954 2706 2115 2761 agnus
2139 2707 2311 2745 coram
2350 2692 2585 2747 tondente
2618 2709 2671 2747 se
2689 2692 2798 2747 sine
2833 2709 2971 2758 voce,
3002 2694 3074 2747 sic
3116 2708 3217 2746 non
3261 2694 3461 2763 aperuit
3489 2709 3545 2746 os

1958 2797 2122 2836 suum.
2154 2782 2311 2837 Siluit
2337 2784 2610 2849 occultus;
2639 2790 2761 2853 quia
2781 2784 2837 2849 in
2865 2784 3148 2838 humilitate
3161 2784 3413 2854 judicium
3433 2786 3545 2855 ejus

1955 2876 2263 2930 sublevatum
2285 2875 2445 2947 (a)est
2464 2875 2617 2947 (Isai.
2643 2892 2753 2945 Llll,
2778 2878 2830 2942 7,
2849 2877 2929 2945 8).
2954 2876 3114 2930 Siluit
3134 2878 3402 2942 occultus;
3422 2877 3543 2946 quia

1958 2965 2120 3023 homo
2143 2975 2345 3022 tantum
2372 2977 2584 3037 putatus
2610 2976 2692 3021 est
2716 2986 2729 3023 :
2762 2966 2855 3023 sed
2878 2966 3017 3021 Deus
3038 2968 3333 3039 manifestus
3362 2969 3541 3034 veniet,

1957 3056 2098 3112 Deus
2146 3067 2313 3112 noster
2339 3069 2385 3112 et
2420 3074 2521 3112 non
2543 3059 2724 3113 silebit.
2757 3057 2894 3126 Quid
2915 3073 3043 3129 ergo
3082 3068 3137 3112 tu
3180 3059 3269 3129 qui
3298 3060 3542 3125 dicebas,

1957 3146 2092 3202 Volo
2121 3149 2298 3204 veniat
2331 3166 2345 3203 :
2380 3148 2532 3215 Volo,
2582 3149 2771 3219 inquit,
2815 3149 3011 3214 veniat,
3070 3150 3280 3204 veniat:
3309 3150 3545 3205 nondum

1956 3242 2146 3297 times?
2195 3240 2341 3312 Ignis
2388 3252 2506 3297 ante
2558 3242 2725 3312 ipsum
2765 3242 2960 3313 prwibit
3004 3239 3445 3315 (Psal.xux,5).
3489 3242 3546 3299 Si

1958 3348 2061 3388 non
2091 3334 2247 3387 times
2270 3332 2529 3402 judicem,
2564 3349 2669 3389 non
2698 3332 2909 3403 ignem?

2029 3424 2082 3479 5.
2116 3423 2313 3478 Corona
2351 3424 2518 3477 debita
2569 3424 2880 3478 servantibus
2932 3424 3104 3493 ﬁdem.
3132 3422 3241 3485 Sed
3280 3425 3327 3480 si
3363 3440 3547 3482 servas

1960 3515 2140 3581 ﬁdem,
2175 3515 2347 3586 diligis
2374 3530 2502 3571 vere
2528 3515 2645 3584 ejus
2670 3517 3177 3584 manifestationem,
3205 3532 3427 3573 securus
3451 3533 3545 3573 co-

1958 3620 2146 3660 ronam
2173 3605 2339 3661 debes
2366 3616 2676 3676 exspectare
2696 3606 2917 3674 justitia:
2950 3624 2963 3660 :
2996 3621 3102 3661 non
3145 3608 3288 3662 enim
3319 3606 3549 3663 donatur

1963 3697 2177 3764 talibus,
2216 3697 2312 3753 sed
2355 3698 2597 3754 debetur.
2650 3697 2782 3752 Nam
2829 3706 2883 3752 et
2912 3698 3027 3767 ipse
3056 3699 3328 3768 apostolus
3354 3700 3548 3755 Paulus

1961 3797 2208 3860 tanquam
2237 3789 2473 3846 debitum
2499 3790 2699 3860 ﬂagitat
2728 3808 2741 3843 :
2777 3788 2943 3855 Quam
2966 3790 3159 3857 reddet,
3184 3791 3370 3862 inquit,
3421 3792 3548 3846 mihi

1960 3883 2206 3938 Dominus
2234 3884 2288 3937 in
2314 3884 2405 3938 illo
2426 3885 2506 3937 die
2521 3885 2695 3954 justus
2731 3884 2909 3953 iudex.
2935 3883 3161 3949 Reddet,
3209 3885 3334 3955 quia
3370 3885 3547 3955 justus

1959 3986 2042 4030 est
2073 3993 2085 4029 :
2111 3975 2238 4031 fecit
2287 3992 2345 4032 se
2383 3977 2513 4032 mihi
2540 3977 2893 4048 promissione
2918 3976 3234 4031 debitorem.
3259 3978 3543 4049 Praecepit,

1959 4067 2137 4123 audivi
2166 4086 2179 4123 :
2210 4069 2536 4139 praedicavit,
2564 4069 2786 4126 credidi.
2817 4068 3019 4124 Bonum
3043 4079 3294 4125 certamen
3338 4074 3543 4141 certavi,

1960 4163 3545 4222 cursumconsummavi..................

1961 4251 2055 4308 His
2085 4252 2378 4308 donissuis
2408 4252 2709 4322 debetpro.
2749 4290 2765 4306 .
2813 4292 2828 4307 .
2872 4291 2886 4307 .
2929 4292 2945 4308 .
2990 4290 3006 4308 .
3050 4292 3065 4308 .
3107 4293 3125 4311 .
3170 4294 3185 4310 .
3229 4294 3245 4312 .
3289 4295 3306 4313 .
3350 4298 3366 4314 .
3408 4296 3424 4312 .
3469 4295 3485 4312 .
3528 4296 3544 4312 .

1959 4344 3545 4415 moralis,quodbonum................

1962 4436 3543 4503 servas,abillohabes.Qu..............

1963 4529 2376 4601 accepisti?Sed
2402 4529 2505 4595 his,
2539 4530 2775 4601 inquam.
2820 4568 2835 4584 .
2880 4568 2896 4587 .
2940 4572 2955 4588 .
2997 4572 3011 4587 .
3058 4573 3074 4589 .
3118 4572 3133 4587 .
3177 4572 3192 4587 .
3226 4571 3242 4587 .
3287 4572 3303 4588 .
3348 4575 3363 4590 .
3408 4572 3423 4588 .
3468 4573 3483 4588 .
3527 4574 3543 4591 .

1962 4638 2077 4679 sua.
2102 4625 2405 4694 Antequam
2432 4622 2556 4678 talia
2583 4622 2711 4679 don.
2754 4662 2771 4678 .
2812 4661 2830 4679 .
2871 4661 2889 4679 .
2931 4663 2947 4680 .
2993 4663 3008 4679 .
3051 4664 3067 4681 .
3109 4666 3126 4693 ,
3170 4663 3185 4680 .
3230 4664 3244 4679 .
3288 4663 3304 4680 .
3348 4665 3364 4682 .
3409 4665 3424 4682 .
3470 4668 3484 4683 .

1960 4713 2146 4772 heret?

2033 4808 2088 4864 6.
2123 4807 2364 4863 Salvator
2391 4807 2623 4864 Christus
2641 4806 2813 4863 Iesus.
2841 4807 3036 4861 Paulus
3063 4808 3255 4879 primus
3291 4822 3543 4881 peccator,

1958 4901 2080 4972 quia
2130 4902 2323 4955 caneris
2365 4901 2764 4970 persecutoribus
2805 4898 3099 4952 crudelitate
3140 4902 3388 4971 superior.
3441 4902 3545 4957 Pro

1961 4994 2213 5064 supplicio
2258 4993 2419 5048 debito
2462 4995 2602 5049 salus
2640 4993 2739 5062 ipsi
2781 4992 2997 5045 reddita.
3048 4990 3277 5047 Medicus
3320 4991 3549 5050 Christus

1963 5087 2086 5141 artis
2133 5102 2241 5141 sua:
2281 5087 2382 5139 vim
2414 5086 2467 5141 in
2506 5084 2664 5140 Pauli
2699 5083 2957 5139 curatione
2995 5086 3383 5140 commendavit.
3416 5087 3548 5143 Vide

1965 5170 3548 5249 ipsumApostol...........'.........

1970 5280 2017 5325 et
2042 5271 2177 5324 onmi
2201 5271 2491 5341 acceptione
2519 5270 2660 5340 dign.
2704 5305 2717 5320 .
2764 5308 2779 5325 .
2819 5307 2837 5324 .
2880 5306 2896 5322 .
2943 5306 2957 5322 .
3003 5306 3018 5321 .
3062 5307 3079 5324 .
3122 5308 3137 5324 .
3180 5308 3197 5324 .
3240 5307 3256 5324 .
3298 5308 3315 5326 .
3356 5311 3373 5327 .
3415 5311 3432 5327 .
3475 5310 3491 5326 .
3531 5310 3547 5327 .

1972 5364 2027 5417 in
2054 5362 2668 5433 mundumpeccatores..
2710 5399 2726 5416 .
2767 5398 2784 5415 .
2826 5398 2842 5414 .
2885 5399 2900 5417 .
2945 5400 2960 5419 .
3002 5399 3019 5416 .
3061 5400 3078 5417 .
3122 5401 3138 5419 .
3182 5401 3197 5418 .
3240 5399 3257 5418 .
3300 5404 3316 5420 .
3358 5400 3376 5418 .
3418 5401 3434 5417 .
3475 5364 3549 5436 (b)

2052 5477 2102 5533 a)
2136 5482 2293 5533 Forte,
2320 5471 2575 5523 sublatum.

2054 5534 2102 5599 b)
2135 5544 2245 5586 Haec
2267 5535 2435 5599 lacuna
2458 5535 2662 5597 contigit
2696 5534 2772 5599 (ut
2794 5547 2928 5597 stepe
2953 5534 3070 5586 alias
3099 5537 3150 5586 in
3173 5535 3557 5599 elegantioribus

1966 5598 2323 5670 manuscriptis‘)
2340 5598 2553 5670 facinore
2576 5598 2844 5669 nebulonis
2855 5599 3105 5670 cujusdam
3122 5599 3251 5670 male
3268 5598 3446 5670 feriati,
3472 5601 3555 5663 qui

1967 5660 2178 5725 litteram
2210 5659 2445 5725 initialem
2469 5660 2612 5725 hujus
2638 5659 3025 5725 sermonis‘auro
3046 5662 3290 5725 minioque
3316 5659 3556 5725 depictam

1970 5674 2178 5712 litteram
2213 5674 2445 5709 lmllalem
2470 5674 2535 5708 nu
2554 5674 2612 5709 us
2638 5674 2875 5709 sermonis
2906 5674 3025 5709 auro
3046 5674 3290 5725 minioque
3316 5674 3556 5724 depictam

1970 5724 2126 5774 cultro
2161 5722 2391 5796 prtecidit.
2418 5674 2550 5796 Quod
2569 5736 2695 5796 sane
2718 5736 2820 5796 npu‘
2838 5722 3093 5796 admodum
3132 5732 3331 5795 gravate
3364 5724 3558 5796 tulisse-

1968 5800 2077 5835 mus
2091 5821 2105 5845 ,
2130 5784 2222 5850 nisi
2245 5785 2480 5850 scriptura
2500 5784 2730 5850 detractae
2753 5784 2933 5850 litterae
2967 5786 3121 5848 spatio
3133 5784 3192 5850 in
3212 5800 3383 5839 aversa
3406 5794 3564 5850 parte,

1973 5848 2278 5904 resuomlens
2301 5846 2476 5899 eodem
2502 5846 2707 5901 vulnere
2732 5849 2978 5913 periisset.
2995 5846 3061 5890 1—
3080 5848 3233 5906 Addit.
