  <div class='ocr_page' id='page_1' title='image "/cluster/home/n/w/nwhite01/storage/ocr_20150623/38/hvd.32044015706294/693.png"; bbox 0 0 4036 6458; ppageno 0'>
   <div class='ocr_carea' id='block_1_1' title="bbox 501 357 644 419">
    <p class='ocr_par' dir='ltr' id='par_1_1' title="bbox 501 357 644 419">
     <span class='ocr_line' id='line_1_1' title="bbox 501 357 644 419; baseline 0.007 -1"><span class='ocrx_word' id='word_1_1' title='bbox 501 357 644 419; x_wconf 76' lang='grc'><strong>1375</strong></span> 
     </span>
    </p>
   </div>
   <div class='ocr_carea' id='block_1_2' title="bbox 499 467 2072 541">
    <p class='ocr_par' dir='ltr' id='par_1_2' title="bbox 499 467 2072 541">
     <span class='ocr_line' id='line_1_2' title="bbox 499 467 2072 541; baseline -0.007 -9"><span class='ocrx_word' id='word_1_2' title='bbox 499 477 642 541; x_wconf 87' lang='lat' dir='ltr'><strong>vita;</strong></span> <span class='ocrx_word' id='word_1_3' title='bbox 683 473 786 532; x_wconf 89' lang='lat' dir='ltr'><strong>hoc</strong></span> <span class='ocrx_word' id='word_1_4' title='bbox 814 473 918 529; x_wconf 91' lang='lat' dir='ltr'><strong>isto</strong></span> <span class='ocrx_word' id='word_1_5' title='bbox 960 470 1102 540; x_wconf 89' lang='lat' dir='ltr'><strong>loco,</strong></span> <span class='ocrx_word' id='word_1_6' title='bbox 1146 470 1396 540; x_wconf 75' lang='lat' dir='ltr'><strong>Absorpta</strong></span> <span class='ocrx_word' id='word_1_7' title='bbox 1430 478 1505 525; x_wconf 88' lang='lat' dir='ltr'><strong>est</strong></span> <span class='ocrx_word' id='word_1_8' title='bbox 1538 484 1674 524; x_wconf 88' lang='lat' dir='ltr'><strong>mors</strong></span> <span class='ocrx_word' id='word_1_9' title='bbox 1715 469 1768 523; x_wconf 90' lang='lat' dir='ltr'><strong>in</strong></span> <span class='ocrx_word' id='word_1_10' title='bbox 1794 467 2072 523; x_wconf 72' lang='lat' dir='ltr'><strong>victoriam.</strong></span> 
     </span>
    </p>
   </div>
   <div class='ocr_carea' id='block_1_3' title="bbox 497 558 2071 637">
    <p class='ocr_par' dir='ltr' id='par_1_3' title="bbox 497 558 2071 637">
     <span class='ocr_line' id='line_1_3' title="bbox 497 558 2071 637; baseline -0.009 -13"><span class='ocrx_word' id='word_1_11' title='bbox 497 567 766 637; x_wconf 81' lang='lat' dir='ltr'><strong>Nusquam</strong></span> <span class='ocrx_word' id='word_1_12' title='bbox 813 578 1000 620; x_wconf 90' lang='lat' dir='ltr'><strong>mors:</strong></span> <span class='ocrx_word' id='word_1_13' title='bbox 1033 578 1138 618; x_wconf 91' lang='lat' dir='ltr'><strong>non</strong></span> <span class='ocrx_word' id='word_1_14' title='bbox 1176 561 1334 626; x_wconf 82' lang='lat' dir='ltr'><strong>infra,</strong></span> <span class='ocrx_word' id='word_1_15' title='bbox 1383 575 1489 617; x_wconf 90' lang='lat' dir='ltr'><strong>non</strong></span> <span class='ocrx_word' id='word_1_16' title='bbox 1537 574 1732 630; x_wconf 83' lang='lat' dir='ltr'><strong>supra;</strong></span> <span class='ocrx_word' id='word_1_17' title='bbox 1766 573 1869 613; x_wconf 91' lang='lat' dir='ltr'><strong>non</strong></span> <span class='ocrx_word' id='word_1_18' title='bbox 1914 558 2071 622; x_wconf 84' lang='lat' dir='ltr'><strong>intra,</strong></span> 
     </span>
    </p>
   </div>
   <div class='ocr_carea' id='block_1_4' title="bbox 499 648 2076 724">
    <p class='ocr_par' dir='ltr' id='par_1_4' title="bbox 499 648 2076 724">
     <span class='ocr_line' id='line_1_4' title="bbox 499 648 2076 724; baseline -0.007 -11"><span class='ocrx_word' id='word_1_19' title='bbox 499 673 608 714; x_wconf 90' lang='lat' dir='ltr'><strong>non</strong></span> <span class='ocrx_word' id='word_1_20' title='bbox 637 666 806 713; x_wconf 77' lang='lat' dir='ltr'><strong>extra.</strong></span> <span class='ocrx_word' id='word_1_21' title='bbox 851 655 1101 724; x_wconf 82' lang='lat' dir='ltr'><strong>Absorpta</strong></span> <span class='ocrx_word' id='word_1_22' title='bbox 1129 663 1203 708; x_wconf 87' lang='lat' dir='ltr'><strong>est</strong></span> <span class='ocrx_word' id='word_1_23' title='bbox 1246 653 1387 708; x_wconf 88' lang='lat' dir='ltr'><strong>enim</strong></span> <span class='ocrx_word' id='word_1_24' title='bbox 1432 668 1565 706; x_wconf 90' lang='lat' dir='ltr'><strong>mors</strong></span> <span class='ocrx_word' id='word_1_25' title='bbox 1590 652 1642 705; x_wconf 89' lang='lat' dir='ltr'><strong>in</strong></span> <span class='ocrx_word' id='word_1_26' title='bbox 1664 650 1942 705; x_wconf 75' lang='lat' dir='ltr'><strong>victoriam.</strong></span> <span class='ocrx_word' id='word_1_27' title='bbox 1978 648 2076 703; x_wconf 91' lang='lat' dir='ltr'><strong>Ubi</strong></span> 
     </span>
    </p>
   </div>
   <div class='ocr_carea' id='block_1_5' title="bbox 498 732 2072 813">
    <p class='ocr_par' dir='ltr' id='par_1_5' title="bbox 498 732 2072 813">
     <span class='ocr_line' id='line_1_5' title="bbox 498 732 2072 813; baseline -0.006 -11"><span class='ocrx_word' id='word_1_28' title='bbox 498 732 601 813; x_wconf 68' lang='lat' dir='ltr'><strong>est,</strong></span> <span class='ocrx_word' id='word_1_29' title='bbox 617 764 772 812; x_wconf 89' lang='lat' dir='ltr'><strong>mors,</strong></span> <span class='ocrx_word' id='word_1_30' title='bbox 799 746 1046 800; x_wconf 74' lang='lat' dir='ltr'><strong>contentio</strong></span> <span class='ocrx_word' id='word_1_31' title='bbox 1091 746 1215 799; x_wconf 86' lang='lat' dir='ltr'><strong>tua?</strong></span> <span class='ocrx_word' id='word_1_32' title='bbox 1244 744 1449 799; x_wconf 78' lang='lat' dir='ltr'><strong>dicetur</strong></span> <span class='ocrx_word' id='word_1_33' title='bbox 1476 743 1632 797; x_wconf 91' lang='lat' dir='ltr'><strong>morti</strong></span> <span class='ocrx_word' id='word_1_34' title='bbox 1660 741 1711 796; x_wconf 90' lang='lat' dir='ltr'><strong>in</strong></span> <span class='ocrx_word' id='word_1_35' title='bbox 1749 740 1920 795; x_wconf 82' lang='lat' dir='ltr'><strong>futura</strong></span> <span class='ocrx_word' id='word_1_36' title='bbox 1950 754 2072 794; x_wconf 93' lang='lat' dir='ltr'><strong>cor-</strong></span> 
     </span>
    </p>
   </div>
   <div class='ocr_carea' id='block_1_6' title="bbox 498 830 2075 909">
    <p class='ocr_par' dir='ltr' id='par_1_6' title="bbox 498 830 2075 909">
     <span class='ocr_line' id='line_1_6' title="bbox 498 830 2075 909; baseline -0.006 -16"><span class='ocrx_word' id='word_1_37' title='bbox 498 839 643 909; x_wconf 88' lang='lat' dir='ltr'><strong>poris</strong></span> <span class='ocrx_word' id='word_1_38' title='bbox 674 837 1084 901; x_wconf 78' lang='lat' dir='ltr'><strong>resurrectione,</strong></span> <span class='ocrx_word' id='word_1_39' title='bbox 1132 844 1184 890; x_wconf 91' lang='lat' dir='ltr'><strong>et</strong></span> <span class='ocrx_word' id='word_1_40' title='bbox 1212 834 1300 888; x_wconf 80' lang='lat' dir='ltr'><strong>tuli</strong></span> <span class='ocrx_word' id='word_1_41' title='bbox 1338 832 1772 897; x_wconf 76' lang='lat' dir='ltr'><strong>commutatione,</strong></span> <span class='ocrx_word' id='word_1_42' title='bbox 1810 839 1868 885; x_wconf 92' lang='lat' dir='ltr'><strong>ut</strong></span> <span class='ocrx_word' id='word_1_43' title='bbox 1892 830 2075 885; x_wconf 87' lang='lat' dir='ltr'><strong>absor-</strong></span> 
     </span>
    </p>
   </div>
   <div class='ocr_carea' id='block_1_7' title="bbox 497 922 2074 998">
    <p class='ocr_par' dir='ltr' id='par_1_7' title="bbox 497 922 2074 998">
     <span class='ocr_line' id='line_1_7' title="bbox 497 922 2074 998; baseline -0.006 -13"><span class='ocrx_word' id='word_1_44' title='bbox 497 930 686 986; x_wconf 80' lang='lat' dir='ltr'><strong>beatur</strong></span> <span class='ocrx_word' id='word_1_45' title='bbox 710 946 855 985; x_wconf 83' lang='lat' dir='ltr'><strong>mors</strong></span> <span class='ocrx_word' id='word_1_46' title='bbox 883 930 935 983; x_wconf 88' lang='lat' dir='ltr'><strong>in</strong></span> <span class='ocrx_word' id='word_1_47' title='bbox 977 929 1216 984; x_wconf 88' lang='lat' dir='ltr'><strong>victoria.</strong></span> <span class='ocrx_word' id='word_1_48' title='bbox 1245 925 1372 982; x_wconf 86' lang='lat' dir='ltr'><strong>Cum</strong></span> <span class='ocrx_word' id='word_1_49' title='bbox 1391 925 1713 998; x_wconf 85' lang='lat' dir='ltr'><strong>corruptibile</strong></span> <span class='ocrx_word' id='word_1_50' title='bbox 1739 926 1833 979; x_wconf 84' lang='lat' dir='ltr'><strong>hoc</strong></span> <span class='ocrx_word' id='word_1_51' title='bbox 1854 922 2074 978; x_wconf 77' lang='lat' dir='ltr'><strong>induerit</strong></span> 
     </span>
    </p>
   </div>
   <div class='ocr_carea' id='block_1_8' title="bbox 497 1019 2075 1094">
    <p class='ocr_par' dir='ltr' id='par_1_8' title="bbox 497 1019 2075 1094">
     <span class='ocr_line' id='line_1_8' title="bbox 497 1019 2075 1094; baseline -0.007 -15"><span class='ocrx_word' id='word_1_52' title='bbox 497 1025 941 1094; x_wconf 80' lang='lat' dir='ltr'><strong>incorruptionem,</strong></span> <span class='ocrx_word' id='word_1_53' title='bbox 983 1023 1188 1078; x_wconf 77' lang='lat' dir='ltr'><strong>dicetur</strong></span> <span class='ocrx_word' id='word_1_54' title='bbox 1227 1021 1404 1088; x_wconf 86' lang='lat' dir='ltr'><strong>morti,</strong></span> <span class='ocrx_word' id='word_1_55' title='bbox 1438 1019 1534 1075; x_wconf 85' lang='lat' dir='ltr'><strong>Ubi</strong></span> <span class='ocrx_word' id='word_1_56' title='bbox 1574 1028 1667 1086; x_wconf 87' lang='lat' dir='ltr'><strong>est,</strong></span> <span class='ocrx_word' id='word_1_57' title='bbox 1694 1033 1847 1084; x_wconf 86' lang='lat' dir='ltr'><strong>mors,</strong></span> <span class='ocrx_word' id='word_1_58' title='bbox 1877 1025 2075 1070; x_wconf 85' lang='lat' dir='ltr'><strong>conten-</strong></span> 
     </span>
    </p>
   </div>
   <div class='ocr_carea' id='block_1_9' title="bbox 499 1108 2070 1189">
    <p class='ocr_par' dir='ltr' id='par_1_9' title="bbox 499 1108 2070 1189">
     <span class='ocr_line' id='line_1_9' title="bbox 499 1108 2070 1189; baseline -0.006 -20"><span class='ocrx_word' id='word_1_59' title='bbox 499 1119 565 1170; x_wconf 96' lang='lat' dir='ltr'><strong>tio</strong></span> <span class='ocrx_word' id='word_1_60' title='bbox 595 1119 721 1173; x_wconf 79' lang='lat' dir='ltr'><strong>tua?</strong></span> <span class='ocrx_word' id='word_1_61' title='bbox 757 1116 876 1189; x_wconf 87' lang='lat' dir='ltr'><strong>Ipsa</strong></span> <span class='ocrx_word' id='word_1_62' title='bbox 915 1115 1187 1172; x_wconf 78' lang='lat' dir='ltr'><strong>contentio</strong></span> <span class='ocrx_word' id='word_1_63' title='bbox 1217 1114 1342 1169; x_wconf 82' lang='lat' dir='ltr'><strong>facit</strong></span> <span class='ocrx_word' id='word_1_64' title='bbox 1377 1123 1434 1169; x_wconf 92' lang='lat' dir='ltr'><strong>ut</strong></span> <span class='ocrx_word' id='word_1_65' title='bbox 1461 1111 1651 1168; x_wconf 82' lang='lat' dir='ltr'><strong>feraris</strong></span> <span class='ocrx_word' id='word_1_66' title='bbox 1679 1126 1785 1182; x_wconf 92' lang='lat' dir='ltr'><strong>quo</strong></span> <span class='ocrx_word' id='word_1_67' title='bbox 1824 1124 1929 1165; x_wconf 90' lang='lat' dir='ltr'><strong>non</strong></span> <span class='ocrx_word' id='word_1_68' title='bbox 1969 1108 2070 1163; x_wconf 91' lang='lat' dir='ltr'><strong>vis.</strong></span> 
     </span>
    </p>
   </div>
   <div class='ocr_carea' id='block_1_10' title="bbox 502 1200 2074 1275">
    <p class='ocr_par' dir='ltr' id='par_1_10' title="bbox 502 1200 2074 1275">
     <span class='ocr_line' id='line_1_10' title="bbox 502 1200 2074 1275; baseline -0.005 -13"><span class='ocrx_word' id='word_1_69' title='bbox 502 1208 598 1263; x_wconf 85' lang='lat' dir='ltr'><strong>Ubi</strong></span> <span class='ocrx_word' id='word_1_70' title='bbox 628 1219 718 1275; x_wconf 87' lang='lat' dir='ltr'><strong>est,</strong></span> <span class='ocrx_word' id='word_1_71' title='bbox 749 1226 903 1273; x_wconf 88' lang='lat' dir='ltr'><strong>mors,</strong></span> <span class='ocrx_word' id='word_1_72' title='bbox 957 1208 1208 1263; x_wconf 81' lang='lat' dir='ltr'><strong>contentio</strong></span> <span class='ocrx_word' id='word_1_73' title='bbox 1239 1207 1367 1261; x_wconf 83' lang='lat' dir='ltr'><strong>tua?</strong></span> <span class='ocrx_word' id='word_1_74' title='bbox 1409 1205 1513 1261; x_wconf 82' lang='lat' dir='ltr'><strong>Ubi</strong></span> <span class='ocrx_word' id='word_1_75' title='bbox 1538 1212 1629 1271; x_wconf 87' lang='lat' dir='ltr'><strong>est,</strong></span> <span class='ocrx_word' id='word_1_76' title='bbox 1674 1219 1829 1266; x_wconf 89' lang='lat' dir='ltr'><strong>mors,</strong></span> <span class='ocrx_word' id='word_1_77' title='bbox 1870 1200 2074 1256; x_wconf 84' lang='lat' dir='ltr'><strong>aculeus</strong></span> 
     </span>
    </p>
   </div>
   <div class='ocr_carea' id='block_1_11' title="bbox 499 1291 2071 1368">
    <p class='ocr_par' dir='ltr' id='par_1_11' title="bbox 499 1291 2071 1368">
     <span class='ocr_line' id='line_1_11' title="bbox 499 1291 2071 1368; baseline -0.002 -18"><span class='ocrx_word' id='word_1_78' title='bbox 499 1300 658 1353; x_wconf 82' lang='lat' dir='ltr'><strong>tuus?</strong></span> <span class='ocrx_word' id='word_1_79' title='bbox 712 1299 929 1354; x_wconf 82' lang='lat' dir='ltr'><strong>Aculeus</strong></span> <span class='ocrx_word' id='word_1_80' title='bbox 986 1308 1157 1353; x_wconf 88' lang='lat' dir='ltr'><strong>autem</strong></span> <span class='ocrx_word' id='word_1_81' title='bbox 1206 1297 1381 1352; x_wconf 89' lang='lat' dir='ltr'><strong>mortis</strong></span> <span class='ocrx_word' id='word_1_82' title='bbox 1425 1304 1685 1368; x_wconf 85' lang='lat' dir='ltr'><strong>peccatum</strong></span> <span class='ocrx_word' id='word_1_83' title='bbox 1723 1292 1768 1368; x_wconf 87' lang='grc' dir='ltr'><strong>(Ι</strong></span> <span class='ocrx_word' id='word_1_84' title='bbox 1802 1291 1921 1350; x_wconf 86' lang='lat' dir='ltr'><strong>Cor.</strong></span> <span class='ocrx_word' id='word_1_85' title='bbox 1964 1307 2071 1360; x_wconf 79' lang='lat' dir='ltr'><strong>xv,</strong></span> 
     </span>
    </p>
   </div>
   <div class='ocr_carea' id='block_1_12' title="bbox 497 1389 707 1462">
    <p class='ocr_par' dir='ltr' id='par_1_12' title="bbox 497 1389 707 1462">
     <span class='ocr_line' id='line_1_12' title="bbox 497 1389 707 1462; baseline -0.01 -17"><span class='ocrx_word' id='word_1_86' title='bbox 497 1389 707 1462; x_wconf 77' lang='lat'><strong>53-56).</strong></span> 
     </span>
    </p>
   </div>
   <div class='ocr_carea' id='block_1_13' title="bbox 570 1477 2071 1551">
    <p class='ocr_par' dir='ltr' id='par_1_13' title="bbox 570 1477 2071 1551">
     <span class='ocr_line' id='line_1_13' title="bbox 570 1477 2071 1551; baseline -0.003 -16"><span class='ocrx_word' id='word_1_87' title='bbox 570 1481 658 1535; x_wconf 86' lang='lat' dir='ltr'><strong>ll0.</strong></span> <span class='ocrx_word' id='word_1_88' title='bbox 702 1479 921 1534; x_wconf 77' lang='lat' dir='ltr'><strong>Mortem</strong></span> <span class='ocrx_word' id='word_1_89' title='bbox 949 1496 982 1534; x_wconf 91' lang='lat' dir='ltr'><strong>a</strong></span> <span class='ocrx_word' id='word_1_90' title='bbox 1012 1489 1216 1551; x_wconf 89' lang='lat' dir='ltr'><strong>peccato</strong></span> <span class='ocrx_word' id='word_1_91' title='bbox 1259 1496 1364 1536; x_wconf 87' lang='lat' dir='ltr'><strong>esse</strong></span> <span class='ocrx_word' id='word_1_92' title='bbox 1387 1489 1563 1534; x_wconf 87' lang='lat' dir='ltr'><strong>contra</strong></span> <span class='ocrx_word' id='word_1_93' title='bbox 1606 1477 1913 1550; x_wconf 84' lang='lat' dir='ltr'><strong>Pelagianos</strong></span> <span class='ocrx_word' id='word_1_94' title='bbox 1949 1492 2071 1548; x_wconf 84' lang='lat' dir='ltr'><strong>pro-</strong></span> 
     </span>
    </p>
   </div>
   <div class='ocr_carea' id='block_1_14' title="bbox 497 1567 2071 1640">
    <p class='ocr_par' dir='ltr' id='par_1_14' title="bbox 497 1567 2071 1640">
     <span class='ocr_line' id='line_1_14' title="bbox 497 1567 2071 1640; baseline -0.002 -17"><span class='ocrx_word' id='word_1_95' title='bbox 497 1569 659 1624; x_wconf 81' lang='lat' dir='ltr'><strong>batur.</strong></span> <span class='ocrx_word' id='word_1_96' title='bbox 687 1570 849 1627; x_wconf 88' lang='lat' dir='ltr'><strong>Certe</strong></span> <span class='ocrx_word' id='word_1_97' title='bbox 900 1586 1003 1624; x_wconf 92' lang='lat' dir='ltr'><strong>uon</strong></span> <span class='ocrx_word' id='word_1_98' title='bbox 1049 1579 1133 1625; x_wconf 88' lang='lat' dir='ltr'><strong>est</strong></span> <span class='ocrx_word' id='word_1_99' title='bbox 1178 1584 1322 1625; x_wconf 91' lang='lat' dir='ltr'><strong>mors</strong></span> <span class='ocrx_word' id='word_1_100' title='bbox 1348 1585 1378 1624; x_wconf 91' lang='lat' dir='ltr'><strong>a</strong></span> <span class='ocrx_word' id='word_1_101' title='bbox 1414 1570 1669 1640; x_wconf 88' lang='lat' dir='ltr'><strong>peccato?</strong></span> <span class='ocrx_word' id='word_1_102' title='bbox 1697 1569 1773 1624; x_wconf 88' lang='lat' dir='ltr'><strong>De</strong></span> <span class='ocrx_word' id='word_1_103' title='bbox 1801 1583 1904 1638; x_wconf 90' lang='lat' dir='ltr'><strong>qua</strong></span> <span class='ocrx_word' id='word_1_104' title='bbox 1930 1567 2071 1622; x_wconf 87' lang='lat' dir='ltr'><strong>enim</strong></span> 
     </span>
    </p>
   </div>
   <div class='ocr_carea' id='block_1_15' title="bbox 499 1660 2073 1733">
    <p class='ocr_par' dir='ltr' id='par_1_15' title="bbox 499 1660 2073 1733">
     <span class='ocr_line' id='line_1_15' title="bbox 499 1660 2073 1733; baseline 0 -19"><span class='ocrx_word' id='word_1_105' title='bbox 499 1671 671 1717; x_wconf 89' lang='lat' dir='ltr'><strong>morte</strong></span> <span class='ocrx_word' id='word_1_106' title='bbox 697 1663 798 1716; x_wconf 89' lang='lat' dir='ltr'><strong>alia</strong></span> <span class='ocrx_word' id='word_1_107' title='bbox 822 1662 1160 1733; x_wconf 90' lang='lat' dir='ltr'><strong>loquebatur,</strong></span> <span class='ocrx_word' id='word_1_108' title='bbox 1174 1677 1294 1717; x_wconf 90' lang='lat' dir='ltr'><strong>cum</strong></span> <span class='ocrx_word' id='word_1_109' title='bbox 1323 1661 1390 1717; x_wconf 91' lang='lat' dir='ltr'><strong>de</strong></span> <span class='ocrx_word' id='word_1_110' title='bbox 1418 1660 1809 1717; x_wconf 86' lang='lat' dir='ltr'><strong>resurrectione</strong></span> <span class='ocrx_word' id='word_1_111' title='bbox 1832 1660 2073 1730; x_wconf 81' lang='lat' dir='ltr'><strong>corporis</strong></span> 
     </span>
    </p>
   </div>
   <div class='ocr_carea' id='block_1_16' title="bbox 496 1750 2072 1823">
    <p class='ocr_par' dir='ltr' id='par_1_16' title="bbox 496 1750 2072 1823">
     <span class='ocr_line' id='line_1_16' title="bbox 496 1750 2072 1823; baseline -0.002 -16"><span class='ocrx_word' id='word_1_112' title='bbox 496 1752 823 1823; x_wconf 86' lang='lat' dir='ltr'><strong>loqueretur.</strong></span> <span class='ocrx_word' id='word_1_113' title='bbox 870 1751 1644 1823; x_wconf 89' lang='lat' dir='ltr'><strong>lndueturincorruptibilitate</strong></span> <span class='ocrx_word' id='word_1_114' title='bbox 1687 1750 1789 1806; x_wconf 90' lang='lat' dir='ltr'><strong>hoc</strong></span> <span class='ocrx_word' id='word_1_115' title='bbox 1811 1750 2072 1820; x_wconf 89' lang='lat' dir='ltr'><strong>corrupti-</strong></span> 
     </span>
    </p>
   </div>
   <div class='ocr_carea' id='block_1_17' title="bbox 497 1844 2072 1915">
    <p class='ocr_par' dir='ltr' id='par_1_17' title="bbox 497 1844 2072 1915">
     <span class='ocr_line' id='line_1_17' title="bbox 497 1844 2072 1915; baseline -0.005 -9"><span class='ocrx_word' id='word_1_116' title='bbox 497 1850 602 1906; x_wconf 85' lang='lat' dir='ltr'><strong>bile</strong></span> <span class='ocrx_word' id='word_1_117' title='bbox 631 1869 643 1901; x_wconf 86' lang='lat'>:</span> <span class='ocrx_word' id='word_1_118' title='bbox 672 1849 1043 1905; x_wconf 86' lang='lat' dir='ltr'><strong>absorbebitur</strong></span> <span class='ocrx_word' id='word_1_119' title='bbox 1088 1864 1234 1904; x_wconf 89' lang='lat' dir='ltr'><strong>mors</strong></span> <span class='ocrx_word' id='word_1_120' title='bbox 1289 1848 1340 1902; x_wconf 90' lang='lat' dir='ltr'><strong>in</strong></span> <span class='ocrx_word' id='word_1_121' title='bbox 1389 1847 1629 1902; x_wconf 77' lang='lat' dir='ltr'><strong>victoria.</strong></span> <span class='ocrx_word' id='word_1_122' title='bbox 1659 1846 1785 1901; x_wconf 63' lang='lat' dir='ltr'><strong>Haac</strong></span> <span class='ocrx_word' id='word_1_123' title='bbox 1832 1844 2072 1915; x_wconf 87' lang='lat' dir='ltr'><strong>corporis</strong></span> 
     </span>
    </p>
   </div>
   <div class='ocr_carea' id='block_1_18' title="bbox 495 1937 2072 2007">
    <p class='ocr_par' dir='ltr' id='par_1_18' title="bbox 495 1937 2072 2007">
     <span class='ocr_line' id='line_1_18' title="bbox 495 1937 2072 2007; baseline -0.004 -10"><span class='ocrx_word' id='word_1_124' title='bbox 495 1943 836 1997; x_wconf 83' lang='lat' dir='ltr'><strong>resurrectio.</strong></span> <span class='ocrx_word' id='word_1_125' title='bbox 880 1942 955 1996; x_wconf 89' lang='lat' dir='ltr'><strong>lbi</strong></span> <span class='ocrx_word' id='word_1_126' title='bbox 979 1941 1205 2007; x_wconf 89' lang='lat' dir='ltr'><strong>dicetur,</strong></span> <span class='ocrx_word' id='word_1_127' title='bbox 1243 1939 1338 1995; x_wconf 85' lang='lat' dir='ltr'><strong>Ubi</strong></span> <span class='ocrx_word' id='word_1_128' title='bbox 1367 1949 1460 2007; x_wconf 84' lang='lat' dir='ltr'><strong>est,</strong></span> <span class='ocrx_word' id='word_1_129' title='bbox 1487 1956 1643 2006; x_wconf 87' lang='lat' dir='ltr'><strong>ntors,</strong></span> <span class='ocrx_word' id='word_1_130' title='bbox 1675 1939 1922 1994; x_wconf 85' lang='lat' dir='ltr'><strong>contentio</strong></span> <span class='ocrx_word' id='word_1_131' title='bbox 1944 1937 2072 1991; x_wconf 81' lang='lat' dir='ltr'><strong>tua?</strong></span> 
     </span>
    </p>
   </div>
   <div class='ocr_carea' id='block_1_19' title="bbox 493 2029 2071 2104">
    <p class='ocr_par' dir='ltr' id='par_1_19' title="bbox 493 2029 2071 2104">
     <span class='ocr_line' id='line_1_19' title="bbox 493 2029 2071 2104; baseline -0.004 -14"><span class='ocrx_word' id='word_1_132' title='bbox 493 2034 613 2099; x_wconf 86' lang='lat' dir='ltr'><strong>Cui,</strong></span> <span class='ocrx_word' id='word_1_133' title='bbox 642 2034 741 2088; x_wconf 89' lang='lat' dir='ltr'><strong>nisi</strong></span> <span class='ocrx_word' id='word_1_134' title='bbox 765 2037 1004 2104; x_wconf 91' lang='lat' dir='ltr'><strong>corporis</strong></span> <span class='ocrx_word' id='word_1_135' title='bbox 1036 2032 1235 2088; x_wconf 85' lang='lat' dir='ltr'><strong>morti?</strong></span> <span class='ocrx_word' id='word_1_136' title='bbox 1258 2032 1389 2101; x_wconf 84' lang='lat' dir='ltr'><strong>Quia</strong></span> <span class='ocrx_word' id='word_1_137' title='bbox 1415 2047 1591 2087; x_wconf 91' lang='lat' dir='ltr'><strong>sermo</strong></span> <span class='ocrx_word' id='word_1_138' title='bbox 1616 2040 1699 2086; x_wconf 90' lang='lat' dir='ltr'><strong>est</strong></span> <span class='ocrx_word' id='word_1_139' title='bbox 1728 2030 1797 2086; x_wconf 91' lang='lat' dir='ltr'><strong>de</strong></span> <span class='ocrx_word' id='word_1_140' title='bbox 1830 2029 2071 2098; x_wconf 90' lang='lat' dir='ltr'><strong>corporis</strong></span> 
     </span>
    </p>
   </div>
   <div class='ocr_carea' id='block_1_20' title="bbox 493 2123 2069 2193">
    <p class='ocr_par' dir='ltr' id='par_1_20' title="bbox 493 2123 2069 2193">
     <span class='ocr_line' id='line_1_20' title="bbox 493 2123 2069 2193; baseline -0.003 -12"><span class='ocrx_word' id='word_1_141' title='bbox 493 2127 905 2183; x_wconf 89' lang='lat' dir='ltr'><strong>resurrectione.</strong></span> <span class='ocrx_word' id='word_1_142' title='bbox 958 2123 1055 2180; x_wconf 86' lang='lat' dir='ltr'><strong>Ubi</strong></span> <span class='ocrx_word' id='word_1_143' title='bbox 1100 2134 1192 2189; x_wconf 89' lang='lat' dir='ltr'><strong>est,</strong></span> <span class='ocrx_word' id='word_1_144' title='bbox 1221 2141 1377 2193; x_wconf 87' lang='lat' dir='ltr'><strong>mors,</strong></span> <span class='ocrx_word' id='word_1_145' title='bbox 1408 2124 1655 2179; x_wconf 87' lang='lat' dir='ltr'><strong>contentio</strong></span> <span class='ocrx_word' id='word_1_146' title='bbox 1679 2124 1804 2178; x_wconf 84' lang='lat' dir='ltr'><strong>tua?</strong></span> <span class='ocrx_word' id='word_1_147' title='bbox 1837 2123 1934 2179; x_wconf 91' lang='lat' dir='ltr'><strong>Ubi</strong></span> <span class='ocrx_word' id='word_1_148' title='bbox 1976 2133 2069 2190; x_wconf 87' lang='lat' dir='ltr'><strong>est,</strong></span> 
     </span>
    </p>
   </div>
   <div class='ocr_carea' id='block_1_21' title="bbox 492 2216 2067 2287">
    <p class='ocr_par' dir='ltr' id='par_1_21' title="bbox 492 2216 2067 2287">
     <span class='ocr_line' id='line_1_21' title="bbox 492 2216 2067 2287; baseline -0.002 -16"><span class='ocrx_word' id='word_1_149' title='bbox 492 2233 649 2283; x_wconf 85' lang='lat' dir='ltr'><strong>mors,</strong></span> <span class='ocrx_word' id='word_1_150' title='bbox 681 2217 887 2272; x_wconf 78' lang='lat' dir='ltr'><strong>aculeus</strong></span> <span class='ocrx_word' id='word_1_151' title='bbox 919 2218 1073 2271; x_wconf 80' lang='lat' dir='ltr'><strong>tuus?</strong></span> <span class='ocrx_word' id='word_1_152' title='bbox 1115 2216 1333 2271; x_wconf 83' lang='lat' dir='ltr'><strong>Aculeus</strong></span> <span class='ocrx_word' id='word_1_153' title='bbox 1382 2226 1549 2271; x_wconf 87' lang='lat' dir='ltr'><strong>autem</strong></span> <span class='ocrx_word' id='word_1_154' title='bbox 1589 2217 1763 2271; x_wconf 88' lang='lat' dir='ltr'><strong>mortis</strong></span> <span class='ocrx_word' id='word_1_155' title='bbox 1791 2224 2067 2287; x_wconf 85' lang='lat' dir='ltr'><strong>peccatum.</strong></span> 
     </span>
    </p>
   </div>
   <div class='ocr_carea' id='block_1_22' title="bbox 492 2303 2066 2376">
    <p class='ocr_par' dir='ltr' id='par_1_22' title="bbox 492 2303 2066 2376">
     <span class='ocr_line' id='line_1_22' title="bbox 492 2303 2066 2376; baseline 0 -16"><span class='ocrx_word' id='word_1_156' title='bbox 492 2303 779 2361; x_wconf 86' lang='lat' dir='ltr'><strong>Peccatum</strong></span> <span class='ocrx_word' id='word_1_157' title='bbox 807 2306 1021 2360; x_wconf 90' lang='lat' dir='ltr'><strong>aculeus</strong></span> <span class='ocrx_word' id='word_1_158' title='bbox 1051 2306 1256 2371; x_wconf 86' lang='lat' dir='ltr'><strong>mortis,</strong></span> <span class='ocrx_word' id='word_1_159' title='bbox 1287 2320 1393 2376; x_wconf 92' lang='lat' dir='ltr'><strong>quo</strong></span> <span class='ocrx_word' id='word_1_160' title='bbox 1417 2303 1604 2361; x_wconf 84' lang='lat' dir='ltr'><strong>aculeo</strong></span> <span class='ocrx_word' id='word_1_161' title='bbox 1632 2303 1768 2361; x_wconf 80' lang='lat' dir='ltr'><strong>facta</strong></span> <span class='ocrx_word' id='word_1_162' title='bbox 1793 2314 1877 2361; x_wconf 90' lang='lat' dir='ltr'><strong>est</strong></span> <span class='ocrx_word' id='word_1_163' title='bbox 1900 2320 2066 2371; x_wconf 89' lang='lat' dir='ltr'><strong>mors,</strong></span> 
     </span>
    </p>
   </div>
   <div class='ocr_carea' id='block_1_23' title="bbox 493 2399 2068 2472">
    <p class='ocr_par' dir='ltr' id='par_1_23' title="bbox 493 2399 2068 2472">
     <span class='ocr_line' id='line_1_23' title="bbox 493 2399 2068 2472; baseline -0.001 -15"><span class='ocrx_word' id='word_1_164' title='bbox 493 2417 602 2458; x_wconf 85' lang='lat' dir='ltr'><strong>non</strong></span> <span class='ocrx_word' id='word_1_165' title='bbox 654 2417 810 2472; x_wconf 86' lang='lat' dir='ltr'><strong>quem</strong></span> <span class='ocrx_word' id='word_1_166' title='bbox 853 2402 1095 2457; x_wconf 89' lang='lat' dir='ltr'><strong>aculeum</strong></span> <span class='ocrx_word' id='word_1_167' title='bbox 1121 2400 1248 2457; x_wconf 81' lang='lat' dir='ltr'><strong>iecit</strong></span> <span class='ocrx_word' id='word_1_168' title='bbox 1288 2416 1434 2457; x_wconf 91' lang='lat' dir='ltr'><strong>mors</strong></span> <span class='ocrx_word' id='word_1_169' title='bbox 1467 2399 1777 2472; x_wconf 87' lang='lat' dir='ltr'><strong>:quomodo</strong></span> <span class='ocrx_word' id='word_1_170' title='bbox 1806 2416 2068 2456; x_wconf 88' lang='lat' dir='ltr'><strong>venenum</strong></span> 
     </span>
    </p>
   </div>
   <div class='ocr_carea' id='block_1_24' title="bbox 491 2490 2070 2565">
    <p class='ocr_par' dir='ltr' id='par_1_24' title="bbox 491 2490 2070 2565">
     <span class='ocr_line' id='line_1_24' title="bbox 491 2490 2070 2565; baseline -0.001 -17"><span class='ocrx_word' id='word_1_171' title='bbox 491 2493 742 2565; x_wconf 82' lang='lat' dir='ltr'><strong>poculum</strong></span> <span class='ocrx_word' id='word_1_172' title='bbox 786 2493 998 2560; x_wconf 87' lang='lat' dir='ltr'><strong>mortis,</strong></span> <span class='ocrx_word' id='word_1_173' title='bbox 1042 2493 1164 2563; x_wconf 90' lang='lat' dir='ltr'><strong>quia</strong></span> <span class='ocrx_word' id='word_1_174' title='bbox 1206 2491 1330 2547; x_wconf 80' lang='lat' dir='ltr'><strong>facit</strong></span> <span class='ocrx_word' id='word_1_175' title='bbox 1371 2500 1618 2558; x_wconf 90' lang='lat' dir='ltr'><strong>mortem,</strong></span> <span class='ocrx_word' id='word_1_176' title='bbox 1646 2506 1754 2546; x_wconf 92' lang='lat' dir='ltr'><strong>non</strong></span> <span class='ocrx_word' id='word_1_177' title='bbox 1794 2491 1916 2562; x_wconf 86' lang='lat' dir='ltr'><strong>quia</strong></span> <span class='ocrx_word' id='word_1_178' title='bbox 1945 2490 2003 2546; x_wconf 86' lang='lat' dir='ltr'><strong>lit</strong></span> <span class='ocrx_word' id='word_1_179' title='bbox 2037 2506 2070 2546; x_wconf 92' lang='lat' dir='ltr'><strong>a</strong></span> 
     </span>
    </p>
   </div>
   <div class='ocr_carea' id='block_1_25' title="bbox 492 2582 2071 2655">
    <p class='ocr_par' dir='ltr' id='par_1_25' title="bbox 492 2582 2071 2655">
     <span class='ocr_line' id='line_1_25' title="bbox 492 2582 2071 2655; baseline -0.001 -15"><span class='ocrx_word' id='word_1_180' title='bbox 492 2594 684 2641; x_wconf 89' lang='lat' dir='ltr'><strong>morte.</strong></span> <span class='ocrx_word' id='word_1_181' title='bbox 736 2584 995 2639; x_wconf 89' lang='lat' dir='ltr'><strong>Dominus</strong></span> <span class='ocrx_word' id='word_1_182' title='bbox 1040 2598 1168 2655; x_wconf 85' lang='lat' dir='ltr'><strong>ergo</strong></span> <span class='ocrx_word' id='word_1_183' title='bbox 1225 2582 1278 2638; x_wconf 91' lang='lat' dir='ltr'><strong>in</strong></span> <span class='ocrx_word' id='word_1_184' title='bbox 1332 2584 1722 2639; x_wconf 87' lang='lat' dir='ltr'><strong>resurrectione</strong></span> <span class='ocrx_word' id='word_1_185' title='bbox 1773 2583 1889 2639; x_wconf 87' lang='lat' dir='ltr'><strong>ﬁnit</strong></span> <span class='ocrx_word' id='word_1_186' title='bbox 1933 2582 2071 2639; x_wconf 91' lang='lat' dir='ltr'><strong>hanc</strong></span> 
     </span>
    </p>
   </div>
   <div class='ocr_carea' id='block_1_26' title="bbox 497 2674 2069 2746">
    <p class='ocr_par' dir='ltr' id='par_1_26' title="bbox 497 2674 2069 2746">
     <span class='ocr_line' id='line_1_26' title="bbox 497 2674 2069 2746; baseline 0 -15"><span class='ocrx_word' id='word_1_187' title='bbox 497 2690 711 2746; x_wconf 79' lang='lat' dir='ltr'><strong>ptenam</strong></span> <span class='ocrx_word' id='word_1_188' title='bbox 745 2694 758 2731; x_wconf 91' lang='lat'><strong>:</strong></span> <span class='ocrx_word' id='word_1_189' title='bbox 789 2685 1015 2731; x_wconf 91' lang='lat' dir='ltr'><strong>mortem</strong></span> <span class='ocrx_word' id='word_1_190' title='bbox 1040 2685 1217 2731; x_wconf 91' lang='lat' dir='ltr'><strong>autem</strong></span> <span class='ocrx_word' id='word_1_191' title='bbox 1256 2676 1414 2730; x_wconf 91' lang='lat' dir='ltr'><strong>etiam</strong></span> <span class='ocrx_word' id='word_1_192' title='bbox 1439 2682 1496 2731; x_wconf 90' lang='lat' dir='ltr'><strong>et</strong></span> <span class='ocrx_word' id='word_1_193' title='bbox 1521 2674 1762 2731; x_wconf 90' lang='lat' dir='ltr'><strong>ﬁdelibus</strong></span> <span class='ocrx_word' id='word_1_194' title='bbox 1794 2684 1849 2732; x_wconf 92' lang='lat' dir='ltr'><strong>et</strong></span> <span class='ocrx_word' id='word_1_195' title='bbox 1873 2676 2069 2732; x_wconf 90' lang='lat' dir='ltr'><strong>sanctis</strong></span> 
     </span>
    </p>
   </div>
   <div class='ocr_carea' id='block_1_27' title="bbox 492 2764 2070 2837">
    <p class='ocr_par' dir='ltr' id='par_1_27' title="bbox 492 2764 2070 2837">
     <span class='ocr_line' id='line_1_27' title="bbox 492 2764 2070 2837; baseline -0.001 -14"><span class='ocrx_word' id='word_1_196' title='bbox 492 2767 743 2837; x_wconf 89' lang='lat' dir='ltr'><strong>relinquit</strong></span> <span class='ocrx_word' id='word_1_197' title='bbox 780 2766 848 2822; x_wconf 88' lang='lat' dir='ltr'><strong>ad</strong></span> <span class='ocrx_word' id='word_1_198' title='bbox 887 2765 1103 2821; x_wconf 88' lang='lat' dir='ltr'><strong>luctam.</strong></span> <span class='ocrx_word' id='word_1_199' title='bbox 1144 2764 1225 2821; x_wconf 89' lang='lat' dir='ltr'><strong>Ad</strong></span> <span class='ocrx_word' id='word_1_200' title='bbox 1256 2779 1479 2835; x_wconf 79' lang='lat' dir='ltr'><strong>agonem</strong></span> <span class='ocrx_word' id='word_1_201' title='bbox 1531 2764 1625 2820; x_wconf 84' lang='lat' dir='ltr'><strong>tibi</strong></span> <span class='ocrx_word' id='word_1_202' title='bbox 1670 2780 1817 2821; x_wconf 89' lang='lat' dir='ltr'><strong>mors</strong></span> <span class='ocrx_word' id='word_1_203' title='bbox 1853 2764 2070 2822; x_wconf 89' lang='lat' dir='ltr'><strong>dimissa</strong></span> 
     </span>
    </p>
   </div>
   <div class='ocr_carea' id='block_1_28' title="bbox 493 2856 2069 2929">
    <p class='ocr_par' dir='ltr' id='par_1_28' title="bbox 493 2856 2069 2929">
     <span class='ocr_line' id='line_1_28' title="bbox 493 2856 2069 2929; baseline -0.001 -14"><span class='ocrx_word' id='word_1_204' title='bbox 493 2867 596 2916; x_wconf 89' lang='lat' dir='ltr'><strong>est.</strong></span> <span class='ocrx_word' id='word_1_205' title='bbox 624 2858 756 2914; x_wconf 84' lang='lat' dir='ltr'><strong>Nam</strong></span> <span class='ocrx_word' id='word_1_206' title='bbox 798 2868 1003 2929; x_wconf 88' lang='lat' dir='ltr'><strong>poterat</strong></span> <span class='ocrx_word' id='word_1_207' title='bbox 1047 2858 1186 2913; x_wconf 92' lang='lat' dir='ltr'><strong>Deus</strong></span> <span class='ocrx_word' id='word_1_208' title='bbox 1209 2856 1497 2928; x_wconf 72' lang='lat' dir='ltr'><strong>iustiﬁcata</strong></span> <span class='ocrx_word' id='word_1_209' title='bbox 1536 2858 1631 2914; x_wconf 88' lang='lat' dir='ltr'><strong>tibi</strong></span> <span class='ocrx_word' id='word_1_210' title='bbox 1674 2857 1886 2914; x_wconf 84' lang='lat' dir='ltr'><strong>auferre</strong></span> <span class='ocrx_word' id='word_1_211' title='bbox 1921 2873 2069 2914; x_wconf 90' lang='lat' dir='ltr'><strong>mor-</strong></span> 
     </span>
    </p>
   </div>
   <div class='ocr_carea' id='block_1_29' title="bbox 497 2948 2073 3020">
    <p class='ocr_par' dir='ltr' id='par_1_29' title="bbox 497 2948 2073 3020">
     <span class='ocr_line' id='line_1_29' title="bbox 497 2948 2073 3020; baseline 0.001 -15"><span class='ocrx_word' id='word_1_212' title='bbox 497 2960 626 3016; x_wconf 89' lang='lat' dir='ltr'><strong>tem,</strong></span> <span class='ocrx_word' id='word_1_213' title='bbox 650 2949 744 3004; x_wconf 90' lang='lat' dir='ltr'><strong>sed</strong></span> <span class='ocrx_word' id='word_1_214' title='bbox 768 2948 972 3003; x_wconf 89' lang='lat' dir='ltr'><strong>dimisit</strong></span> <span class='ocrx_word' id='word_1_215' title='bbox 998 2948 1065 3003; x_wconf 91' lang='lat' dir='ltr'><strong>ad</strong></span> <span class='ocrx_word' id='word_1_216' title='bbox 1093 2956 1385 3014; x_wconf 84' lang='lat' dir='ltr'><strong>certamen,</strong></span> <span class='ocrx_word' id='word_1_217' title='bbox 1413 2957 1471 3004; x_wconf 90' lang='lat' dir='ltr'><strong>ut</strong></span> <span class='ocrx_word' id='word_1_218' title='bbox 1507 2958 1650 3005; x_wconf 88' lang='lat' dir='ltr'><strong>esset</strong></span> <span class='ocrx_word' id='word_1_219' title='bbox 1668 2948 1806 3019; x_wconf 81' lang='lat' dir='ltr'><strong>quod</strong></span> <span class='ocrx_word' id='word_1_220' title='bbox 1834 2964 1931 3020; x_wconf 90' lang='lat' dir='ltr'><strong>pro</strong></span> <span class='ocrx_word' id='word_1_221' title='bbox 1966 2948 2073 3007; x_wconf 90' lang='lat' dir='ltr'><strong>ﬁde</strong></span> 
     </span>
    </p>
   </div>
   <div class='ocr_carea' id='block_1_30' title="bbox 494 3041 2070 3111">
    <p class='ocr_par' dir='ltr' id='par_1_30' title="bbox 494 3041 2070 3111">
     <span class='ocr_line' id='line_1_30' title="bbox 494 3041 2070 3111; baseline 0.001 -14"><span class='ocrx_word' id='word_1_222' title='bbox 494 3051 888 3097; x_wconf 84' lang='lat' dir='ltr'><strong>contemneres.</strong></span> <span class='ocrx_word' id='word_1_223' title='bbox 943 3041 1075 3096; x_wconf 87' lang='lat' dir='ltr'><strong>Nam</strong></span> <span class='ocrx_word' id='word_1_224' title='bbox 1128 3041 1196 3097; x_wconf 90' lang='lat' dir='ltr'><strong>de</strong></span> <span class='ocrx_word' id='word_1_225' title='bbox 1246 3042 1437 3111; x_wconf 85' lang='lat' dir='ltr'><strong>quibus</strong></span> <span class='ocrx_word' id='word_1_226' title='bbox 1478 3043 1663 3108; x_wconf 87' lang='lat' dir='ltr'><strong>voluit,</strong></span> <span class='ocrx_word' id='word_1_227' title='bbox 1696 3042 1836 3098; x_wconf 75' lang='lat' dir='ltr'><strong>fecit.</strong></span> <span class='ocrx_word' id='word_1_228' title='bbox 1887 3043 2070 3099; x_wconf 86' lang='lat' dir='ltr'><strong>Enoch</strong></span> 
     </span>
    </p>
   </div>
   <div class='ocr_carea' id='block_1_31' title="bbox 494 3130 2071 3197">
    <p class='ocr_par' dir='ltr' id='par_1_31' title="bbox 494 3130 2071 3197">
     <span class='ocr_line' id='line_1_31' title="bbox 494 3130 2071 3197; baseline 0.003 -13"><span class='ocrx_word' id='word_1_229' title='bbox 494 3132 791 3185; x_wconf 86' lang='lat' dir='ltr'><strong>translatus</strong></span> <span class='ocrx_word' id='word_1_230' title='bbox 817 3141 919 3197; x_wconf 90' lang='lat' dir='ltr'><strong>est,</strong></span> <span class='ocrx_word' id='word_1_231' title='bbox 966 3140 1021 3186; x_wconf 90' lang='lat' dir='ltr'><strong>et</strong></span> <span class='ocrx_word' id='word_1_232' title='bbox 1050 3130 1197 3185; x_wconf 89' lang='lat' dir='ltr'><strong>Elias</strong></span> <span class='ocrx_word' id='word_1_233' title='bbox 1226 3130 1511 3186; x_wconf 88' lang='lat' dir='ltr'><strong>translatus</strong></span> <span class='ocrx_word' id='word_1_234' title='bbox 1545 3140 1646 3195; x_wconf 90' lang='lat' dir='ltr'><strong>est,</strong></span> <span class='ocrx_word' id='word_1_235' title='bbox 1667 3139 1722 3186; x_wconf 93' lang='lat' dir='ltr'><strong>et</strong></span> <span class='ocrx_word' id='word_1_236' title='bbox 1750 3132 1949 3186; x_wconf 89' lang='lat' dir='ltr'><strong>vivunt.</strong></span> <span class='ocrx_word' id='word_1_237' title='bbox 1978 3132 2071 3189; x_wconf 82' lang='lat' dir='ltr'><strong>Ju-</strong></span> 
     </span>
    </p>
   </div>
   <div class='ocr_carea' id='block_1_32' title="bbox 496 3225 2070 3296">
    <p class='ocr_par' dir='ltr' id='par_1_32' title="bbox 496 3225 2070 3296">
     <span class='ocr_line' id='line_1_32' title="bbox 496 3225 2070 3296; baseline 0.003 -16"><span class='ocrx_word' id='word_1_238' title='bbox 496 3225 640 3280; x_wconf 86' lang='lat' dir='ltr'><strong>stitia</strong></span> <span class='ocrx_word' id='word_1_239' title='bbox 668 3226 903 3294; x_wconf 88' lang='lat' dir='ltr'><strong>ipsorum</strong></span> <span class='ocrx_word' id='word_1_240' title='bbox 929 3226 1122 3280; x_wconf 89' lang='lat' dir='ltr'><strong>meruit</strong></span> <span class='ocrx_word' id='word_1_241' title='bbox 1146 3225 1280 3282; x_wconf 81' lang='lat' dir='ltr'><strong>hoc?</strong></span> <span class='ocrx_word' id='word_1_242' title='bbox 1303 3241 1371 3280; x_wconf 88' lang='lat' dir='ltr'><strong>an</strong></span> <span class='ocrx_word' id='word_1_243' title='bbox 1401 3226 1496 3281; x_wconf 87' lang='lat' dir='ltr'><strong>Dei</strong></span> <span class='ocrx_word' id='word_1_244' title='bbox 1517 3227 1680 3296; x_wconf 86' lang='lat' dir='ltr'><strong>gratia</strong></span> <span class='ocrx_word' id='word_1_245' title='bbox 1707 3235 1761 3281; x_wconf 89' lang='lat' dir='ltr'><strong>et</strong></span> <span class='ocrx_word' id='word_1_246' title='bbox 1787 3227 1881 3283; x_wconf 89' lang='lat' dir='ltr'><strong>Dei</strong></span> <span class='ocrx_word' id='word_1_247' title='bbox 1910 3227 2070 3284; x_wconf 88' lang='lat' dir='ltr'><strong>bene-</strong></span> 
     </span>
    </p>
   </div>
   <div class='ocr_carea' id='block_1_33' title="bbox 499 3307 2069 3387">
    <p class='ocr_par' dir='ltr' id='par_1_33' title="bbox 499 3307 2069 3387">
     <span class='ocr_line' id='line_1_33' title="bbox 499 3307 2069 3387; baseline 0.003 -16"><span class='ocrx_word' id='word_1_248' title='bbox 499 3307 675 3373; x_wconf 85' lang='lat' dir='ltr'><strong>ﬁcium</strong></span> <span class='ocrx_word' id='word_1_249' title='bbox 703 3327 758 3372; x_wconf 89' lang='lat' dir='ltr'><strong>et</strong></span> <span class='ocrx_word' id='word_1_250' title='bbox 784 3317 1015 3387; x_wconf 87' lang='lat' dir='ltr'><strong>speciale</strong></span> <span class='ocrx_word' id='word_1_251' title='bbox 1039 3318 1388 3372; x_wconf 84' lang='lat' dir='ltr'><strong>concessum?</strong></span> <span class='ocrx_word' id='word_1_252' title='bbox 1416 3317 1487 3374; x_wconf 87' lang='lat' dir='ltr'><strong>Ut</strong></span> <span class='ocrx_word' id='word_1_253' title='bbox 1511 3317 1730 3374; x_wconf 88' lang='lat' dir='ltr'><strong>Creator</strong></span> <span class='ocrx_word' id='word_1_254' title='bbox 1757 3319 1998 3375; x_wconf 85' lang='lat' dir='ltr'><strong>ostendat</strong></span> <span class='ocrx_word' id='word_1_255' title='bbox 2016 3321 2069 3375; x_wconf 90' lang='lat' dir='ltr'><strong>in</strong></span> 
     </span>
    </p>
   </div>
   <div class='ocr_carea' id='block_1_34' title="bbox 495 3409 2066 3484">
    <p class='ocr_par' dir='ltr' id='par_1_34' title="bbox 495 3409 2066 3484">
     <span class='ocr_line' id='line_1_34' title="bbox 495 3409 2066 3484; baseline 0 -17"><span class='ocrx_word' id='word_1_256' title='bbox 495 3410 741 3469; x_wconf 88' lang='lat' dir='ltr'><strong>omnibus</strong></span> <span class='ocrx_word' id='word_1_257' title='bbox 770 3417 1107 3481; x_wconf 85' lang='lat' dir='ltr'><strong>potestatem,</strong></span> <span class='ocrx_word' id='word_1_258' title='bbox 1132 3409 1525 3466; x_wconf 89' lang='lat' dir='ltr'><strong>commendavit</strong></span> <span class='ocrx_word' id='word_1_259' title='bbox 1543 3409 1697 3469; x_wconf 85' lang='lat' dir='ltr'><strong>nobis</strong></span> <span class='ocrx_word' id='word_1_260' title='bbox 1724 3409 1850 3482; x_wconf 92' lang='lat' dir='ltr'><strong>quid</strong></span> <span class='ocrx_word' id='word_1_261' title='bbox 1884 3411 2066 3484; x_wconf 87' lang='lat' dir='ltr'><strong>possit.</strong></span> 
     </span>
    </p>
   </div>
   <div class='ocr_carea' id='block_1_35' title="bbox 565 3501 2072 3575">
    <p class='ocr_par' dir='ltr' id='par_1_35' title="bbox 565 3501 2072 3575">
     <span class='ocr_line' id='line_1_35' title="bbox 565 3501 2072 3575; baseline 0.001 -16"><span class='ocrx_word' id='word_1_262' title='bbox 565 3505 654 3559; x_wconf 94' lang='grc'><strong>11.</strong></span> <span class='ocrx_word' id='word_1_263' title='bbox 695 3501 1091 3575; x_wconf 82' lang='lat' dir='ltr'><strong>Pelagianorum</strong></span> <span class='ocrx_word' id='word_1_264' title='bbox 1140 3504 1318 3570; x_wconf 87' lang='lat' dir='ltr'><strong>errori,</strong></span> <span class='ocrx_word' id='word_1_265' title='bbox 1362 3512 1571 3558; x_wconf 88' lang='lat' dir='ltr'><strong>mortem</strong></span> <span class='ocrx_word' id='word_1_266' title='bbox 1599 3514 1796 3559; x_wconf 68' lang='lat' dir='ltr'><strong>naturas</strong></span> <span class='ocrx_word' id='word_1_267' title='bbox 1818 3521 1941 3573; x_wconf 81' lang='lat' dir='ltr'><strong>esse,</strong></span> <span class='ocrx_word' id='word_1_268' title='bbox 1969 3522 2072 3560; x_wconf 87' lang='lat' dir='ltr'><strong>non</strong></span> 
     </span>
    </p>
   </div>
   <div class='ocr_carea' id='block_1_36' title="bbox 495 3591 2067 3665">
    <p class='ocr_par' dir='ltr' id='par_1_36' title="bbox 495 3591 2067 3665">
     <span class='ocr_line' id='line_1_36' title="bbox 495 3591 2067 3665; baseline 0.001 -18"><span class='ocrx_word' id='word_1_269' title='bbox 495 3594 704 3665; x_wconf 86' lang='lat' dir='ltr'><strong>peccati,</strong></span> <span class='ocrx_word' id='word_1_270' title='bbox 763 3592 943 3647; x_wconf 86' lang='lat' dir='ltr'><strong>Enoch</strong></span> <span class='ocrx_word' id='word_1_271' title='bbox 993 3603 1039 3646; x_wconf 91' lang='lat' dir='ltr'><strong>et</strong></span> <span class='ocrx_word' id='word_1_272' title='bbox 1067 3591 1202 3647; x_wconf 68' lang='lat' dir='ltr'><strong>Elia:</strong></span> <span class='ocrx_word' id='word_1_273' title='bbox 1229 3593 1514 3663; x_wconf 69' lang='lat' dir='ltr'><strong>exemplum</strong></span> <span class='ocrx_word' id='word_1_274' title='bbox 1558 3593 1686 3648; x_wconf 85' lang='lat' dir='ltr'><strong>nihil</strong></span> <span class='ocrx_word' id='word_1_275' title='bbox 1733 3592 2067 3665; x_wconf 79' lang='lat' dir='ltr'><strong>stt/fragatur.</strong></span> 
     </span>
    </p>
   </div>
   <div class='ocr_carea' id='block_1_37' title="bbox 494 3685 2070 3757">
    <p class='ocr_par' dir='ltr' id='par_1_37' title="bbox 494 3685 2070 3757">
     <span class='ocr_line' id='line_1_37' title="bbox 494 3685 2070 3757; baseline 0.001 -16"><span class='ocrx_word' id='word_1_276' title='bbox 494 3685 715 3741; x_wconf 87' lang='lat' dir='ltr'><strong>Frustra</strong></span> <span class='ocrx_word' id='word_1_277' title='bbox 743 3701 871 3757; x_wconf 87' lang='lat' dir='ltr'><strong>ergo</strong></span> <span class='ocrx_word' id='word_1_278' title='bbox 923 3686 1034 3752; x_wconf 88' lang='lat' dir='ltr'><strong>isti,</strong></span> <span class='ocrx_word' id='word_1_279' title='bbox 1066 3685 1156 3756; x_wconf 92' lang='lat' dir='ltr'><strong>qui</strong></span> <span class='ocrx_word' id='word_1_280' title='bbox 1206 3685 1393 3741; x_wconf 88' lang='lat' dir='ltr'><strong>dicunt</strong></span> <span class='ocrx_word' id='word_1_281' title='bbox 1439 3700 1542 3741; x_wconf 91' lang='lat' dir='ltr'><strong>non</strong></span> <span class='ocrx_word' id='word_1_282' title='bbox 1588 3685 1657 3741; x_wconf 90' lang='lat' dir='ltr'><strong>de</strong></span> <span class='ocrx_word' id='word_1_283' title='bbox 1700 3696 1917 3756; x_wconf 89' lang='lat' dir='ltr'><strong>peccato</strong></span> <span class='ocrx_word' id='word_1_284' title='bbox 1972 3702 2070 3743; x_wconf 89' lang='lat' dir='ltr'><strong>nos</strong></span> 
     </span>
    </p>
   </div>
   <div class='ocr_carea' id='block_1_38' title="bbox 494 3781 2072 3854">
    <p class='ocr_par' dir='ltr' id='par_1_38' title="bbox 494 3781 2072 3854">
     <span class='ocr_line' id='line_1_38' title="bbox 494 3781 2072 3854; baseline -0.002 -14"><span class='ocrx_word' id='word_1_285' title='bbox 494 3784 659 3850; x_wconf 91' lang='lat' dir='ltr'><strong>mori,</strong></span> <span class='ocrx_word' id='word_1_286' title='bbox 676 3792 930 3854; x_wconf 91' lang='lat' dir='ltr'><strong>quantum</strong></span> <span class='ocrx_word' id='word_1_287' title='bbox 960 3786 1188 3853; x_wconf 88' lang='lat' dir='ltr'><strong>pertinet</strong></span> <span class='ocrx_word' id='word_1_288' title='bbox 1216 3781 1295 3850; x_wconf 36' lang='lat' dir='ltr'><strong>ad.</strong></span> <span class='ocrx_word' id='word_1_289' title='bbox 1314 3781 1553 3851; x_wconf 92' lang='lat' dir='ltr'><strong>corporis</strong></span> <span class='ocrx_word' id='word_1_290' title='bbox 1580 3789 1828 3847; x_wconf 88' lang='lat' dir='ltr'><strong>mortem,</strong></span> <span class='ocrx_word' id='word_1_291' title='bbox 1856 3781 1950 3836; x_wconf 88' lang='lat' dir='ltr'><strong>sed</strong></span> <span class='ocrx_word' id='word_1_292' title='bbox 1978 3797 2072 3837; x_wconf 89' lang='lat' dir='ltr'><strong>na-</strong></span> 
     </span>
    </p>
   </div>
   <div class='ocr_carea' id='block_1_39' title="bbox 494 3871 2069 3946">
    <p class='ocr_par' dir='ltr' id='par_1_39' title="bbox 494 3871 2069 3946">
     <span class='ocr_line' id='line_1_39' title="bbox 494 3871 2069 3946; baseline -0.003 -13"><span class='ocrx_word' id='word_1_293' title='bbox 494 3888 628 3933; x_wconf 69' lang='lat' dir='ltr'><strong>tura:</strong></span> <span class='ocrx_word' id='word_1_294' title='bbox 656 3890 774 3931; x_wconf 90' lang='lat' dir='ltr'><strong>esse</strong></span> <span class='ocrx_word' id='word_1_295' title='bbox 819 3875 959 3946; x_wconf 92' lang='lat' dir='ltr'><strong>quod</strong></span> <span class='ocrx_word' id='word_1_296' title='bbox 985 3875 1262 3939; x_wconf 90' lang='lat' dir='ltr'><strong>morimur,</strong></span> <span class='ocrx_word' id='word_1_297' title='bbox 1294 3883 1348 3928; x_wconf 91' lang='lat' dir='ltr'><strong>et</strong></span> <span class='ocrx_word' id='word_1_298' title='bbox 1371 3872 1685 3927; x_wconf 90' lang='lat' dir='ltr'><strong>moriturum</strong></span> <span class='ocrx_word' id='word_1_299' title='bbox 1714 3871 1877 3928; x_wconf 81' lang='lat' dir='ltr'><strong>fuisse</strong></span> <span class='ocrx_word' id='word_1_300' title='bbox 1900 3872 2069 3928; x_wconf 89' lang='lat' dir='ltr'><strong>Adam</strong></span> 
     </span>
    </p>
   </div>
   <div class='ocr_carea' id='block_1_40' title="bbox 495 3963 2065 4036">
    <p class='ocr_par' dir='ltr' id='par_1_40' title="bbox 495 3963 2065 4036">
     <span class='ocr_line' id='line_1_40' title="bbox 495 3963 2065 4036; baseline -0.004 -12"><span class='ocrx_word' id='word_1_301' title='bbox 495 3967 704 4025; x_wconf 87' lang='lat' dir='ltr'><strong>etiamsi</strong></span> <span class='ocrx_word' id='word_1_302' title='bbox 743 3981 849 4022; x_wconf 91' lang='lat' dir='ltr'><strong>non</strong></span> <span class='ocrx_word' id='word_1_303' title='bbox 882 3972 1171 4036; x_wconf 87' lang='lat' dir='ltr'><strong>peccasset,</strong></span> <span class='ocrx_word' id='word_1_304' title='bbox 1205 3963 1399 4019; x_wconf 80' lang='lat' dir='ltr'><strong>frustra</strong></span> <span class='ocrx_word' id='word_1_305' title='bbox 1430 3963 1582 4018; x_wconf 89' lang='lat' dir='ltr'><strong>nobis</strong></span> <span class='ocrx_word' id='word_1_306' title='bbox 1616 3963 1747 4018; x_wconf 90' lang='lat' dir='ltr'><strong>istos</strong></span> <span class='ocrx_word' id='word_1_307' title='bbox 1773 3973 2065 4033; x_wconf 90' lang='lat' dir='ltr'><strong>opponunt,</strong></span> 
     </span>
    </p>
   </div>
   <div class='ocr_carea' id='block_1_41' title="bbox 496 4052 2067 4127">
    <p class='ocr_par' dir='ltr' id='par_1_41' title="bbox 496 4052 2067 4127">
     <span class='ocr_line' id='line_1_41' title="bbox 496 4052 2067 4127; baseline -0.004 -12"><span class='ocrx_word' id='word_1_308' title='bbox 496 4058 681 4115; x_wconf 87' lang='lat' dir='ltr'><strong>Enoch</strong></span> <span class='ocrx_word' id='word_1_309' title='bbox 708 4064 761 4111; x_wconf 90' lang='lat' dir='ltr'><strong>et</strong></span> <span class='ocrx_word' id='word_1_310' title='bbox 790 4056 962 4110; x_wconf 86' lang='lat' dir='ltr'><strong>Eliam</strong></span> <span class='ocrx_word' id='word_1_311' title='bbox 991 4052 1089 4127; x_wconf 91' lang='lat' dir='ltr'><strong>(a).</strong></span> <span class='ocrx_word' id='word_1_312' title='bbox 1118 4052 1283 4109; x_wconf 85' lang='lat' dir='ltr'><strong>Valde</strong></span> <span class='ocrx_word' id='word_1_313' title='bbox 1328 4052 1716 4107; x_wconf 87' lang='lat' dir='ltr'><strong>inconsiderate</strong></span> <span class='ocrx_word' id='word_1_314' title='bbox 1742 4052 2067 4123; x_wconf 87' lang='lat' dir='ltr'><strong>loquuntur;</strong></span> 
     </span>
    </p>
   </div>
   <div class='ocr_carea' id='block_1_42' title="bbox 495 4143 2070 4215">
    <p class='ocr_par' dir='ltr' id='par_1_42' title="bbox 495 4143 2070 4215">
     <span class='ocr_line' id='line_1_42' title="bbox 495 4143 2070 4215; baseline -0.003 -11"><span class='ocrx_word' id='word_1_315' title='bbox 495 4159 551 4205; x_wconf 88' lang='lat' dir='ltr'><strong>et</strong></span> <span class='ocrx_word' id='word_1_316' title='bbox 579 4145 938 4212; x_wconf 88' lang='lat' dir='ltr'><strong>siattendant,</strong></span> <span class='ocrx_word' id='word_1_317' title='bbox 984 4156 1168 4201; x_wconf 87' lang='lat' dir='ltr'><strong>contra</strong></span> <span class='ocrx_word' id='word_1_318' title='bbox 1192 4159 1252 4200; x_wconf 91' lang='lat' dir='ltr'><strong>se</strong></span> <span class='ocrx_word' id='word_1_319' title='bbox 1291 4145 1597 4215; x_wconf 89' lang='lat' dir='ltr'><strong>loquuntur.</strong></span> <span class='ocrx_word' id='word_1_320' title='bbox 1628 4143 1766 4211; x_wconf 87' lang='lat' dir='ltr'><strong>Quid</strong></span> <span class='ocrx_word' id='word_1_321' title='bbox 1809 4145 1950 4199; x_wconf 91' lang='lat' dir='ltr'><strong>enim</strong></span> <span class='ocrx_word' id='word_1_322' title='bbox 1989 4145 2070 4200; x_wconf 88' lang='lat' dir='ltr'><strong>di-</strong></span> 
     </span>
    </p>
   </div>
   <div class='ocr_carea' id='block_1_43' title="bbox 495 4236 2071 4306">
    <p class='ocr_par' dir='ltr' id='par_1_43' title="bbox 495 4236 2071 4306">
     <span class='ocr_line' id='line_1_43' title="bbox 495 4236 2071 4306; baseline -0.001 -12"><span class='ocrx_word' id='word_1_323' title='bbox 495 4238 659 4294; x_wconf 80' lang='lat' dir='ltr'><strong>cunt?</strong></span> <span class='ocrx_word' id='word_1_324' title='bbox 700 4238 756 4293; x_wconf 93' lang='lat' dir='ltr'><strong>Si</strong></span> <span class='ocrx_word' id='word_1_325' title='bbox 802 4237 1003 4306; x_wconf 88' lang='lat' dir='ltr'><strong>peccati</strong></span> <span class='ocrx_word' id='word_1_326' title='bbox 1046 4246 1131 4292; x_wconf 90' lang='lat' dir='ltr'><strong>est</strong></span> <span class='ocrx_word' id='word_1_327' title='bbox 1172 4249 1340 4303; x_wconf 89' lang='lat' dir='ltr'><strong>mors,</strong></span> <span class='ocrx_word' id='word_1_328' title='bbox 1367 4250 1533 4306; x_wconf 87' lang='lat' dir='ltr'><strong>quare</strong></span> <span class='ocrx_word' id='word_1_329' title='bbox 1577 4249 1682 4289; x_wconf 89' lang='lat' dir='ltr'><strong>non</strong></span> <span class='ocrx_word' id='word_1_330' title='bbox 1722 4236 1917 4291; x_wconf 90' lang='lat' dir='ltr'><strong>mortui</strong></span> <span class='ocrx_word' id='word_1_331' title='bbox 1947 4247 2071 4293; x_wconf 91' lang='lat' dir='ltr'><strong>sunt</strong></span> 
     </span>
    </p>
   </div>
   <div class='ocr_carea' id='block_1_44' title="bbox 497 4326 2072 4398">
    <p class='ocr_par' dir='ltr' id='par_1_44' title="bbox 497 4326 2072 4398">
     <span class='ocr_line' id='line_1_44' title="bbox 497 4326 2072 4398; baseline -0.003 -11"><span class='ocrx_word' id='word_1_332' title='bbox 497 4330 681 4387; x_wconf 86' lang='lat' dir='ltr'><strong>Enoeh</strong></span> <span class='ocrx_word' id='word_1_333' title='bbox 706 4338 759 4383; x_wconf 90' lang='lat' dir='ltr'><strong>et</strong></span> <span class='ocrx_word' id='word_1_334' title='bbox 783 4327 962 4383; x_wconf 82' lang='lat' dir='ltr'><strong>Elias?</strong></span> <span class='ocrx_word' id='word_1_335' title='bbox 981 4326 1098 4382; x_wconf 87' lang='lat' dir='ltr'><strong>Non</strong></span> <span class='ocrx_word' id='word_1_336' title='bbox 1125 4326 1294 4393; x_wconf 85' lang='lat' dir='ltr'><strong>vides,</strong></span> <span class='ocrx_word' id='word_1_337' title='bbox 1317 4328 1408 4396; x_wconf 91' lang='lat' dir='ltr'><strong>qui</strong></span> <span class='ocrx_word' id='word_1_338' title='bbox 1432 4326 1535 4381; x_wconf 91' lang='lat' dir='ltr'><strong>hoc</strong></span> <span class='ocrx_word' id='word_1_339' title='bbox 1558 4326 1813 4397; x_wconf 90' lang='lat' dir='ltr'><strong>loqueris,</strong></span> <span class='ocrx_word' id='word_1_340' title='bbox 1834 4328 1956 4398; x_wconf 88' lang='lat' dir='ltr'><strong>quia</strong></span> <span class='ocrx_word' id='word_1_341' title='bbox 1978 4343 2072 4383; x_wconf 90' lang='lat' dir='ltr'><strong>na-</strong></span> 
     </span>
    </p>
   </div>
   <div class='ocr_carea' id='block_1_45' title="bbox 496 4417 2071 4488">
    <p class='ocr_par' dir='ltr' id='par_1_45' title="bbox 496 4417 2071 4488">
     <span class='ocr_line' id='line_1_45' title="bbox 496 4417 2071 4488; baseline -0.001 -12"><span class='ocrx_word' id='word_1_342' title='bbox 496 4430 631 4476; x_wconf 68' lang='lat' dir='ltr'><strong>tura:</strong></span> <span class='ocrx_word' id='word_1_343' title='bbox 657 4419 790 4475; x_wconf 91' lang='lat' dir='ltr'><strong>dicis</strong></span> <span class='ocrx_word' id='word_1_344' title='bbox 831 4433 952 4473; x_wconf 89' lang='lat' dir='ltr'><strong>esse</strong></span> <span class='ocrx_word' id='word_1_345' title='bbox 999 4426 1244 4484; x_wconf 89' lang='lat' dir='ltr'><strong>mortem,</strong></span> <span class='ocrx_word' id='word_1_346' title='bbox 1275 4417 1367 4488; x_wconf 91' lang='lat' dir='ltr'><strong>qui</strong></span> <span class='ocrx_word' id='word_1_347' title='bbox 1405 4432 1568 4488; x_wconf 88' lang='lat' dir='ltr'><strong>negas</strong></span> <span class='ocrx_word' id='word_1_348' title='bbox 1595 4432 1713 4474; x_wconf 89' lang='lat' dir='ltr'><strong>esse</strong></span> <span class='ocrx_word' id='word_1_349' title='bbox 1741 4420 1964 4488; x_wconf 86' lang='lat' dir='ltr'><strong>peccati.</strong></span> <span class='ocrx_word' id='word_1_350' title='bbox 1989 4419 2071 4476; x_wconf 86' lang='lat' dir='ltr'><strong>Tu</strong></span> 
     </span>
    </p>
   </div>
   <div class='ocr_carea' id='block_1_46' title="bbox 495 4506 2069 4581">
    <p class='ocr_par' dir='ltr' id='par_1_46' title="bbox 495 4506 2069 4581">
     <span class='ocr_line' id='line_1_46' title="bbox 495 4506 2069 4581; baseline -0.001 -14"><span class='ocrx_word' id='word_1_351' title='bbox 495 4513 650 4579; x_wconf 89' lang='lat' dir='ltr'><strong>dicis,</strong></span> <span class='ocrx_word' id='word_1_352' title='bbox 699 4519 938 4575; x_wconf 64' lang='lat' dir='ltr'><strong>naturai;</strong></span> <span class='ocrx_word' id='word_1_353' title='bbox 983 4522 1082 4578; x_wconf 86' lang='lat' dir='ltr'><strong>ego</strong></span> <span class='ocrx_word' id='word_1_354' title='bbox 1130 4506 1271 4576; x_wconf 87' lang='lat' dir='ltr'><strong>dico,</strong></span> <span class='ocrx_word' id='word_1_355' title='bbox 1310 4509 1556 4578; x_wconf 86' lang='lat' dir='ltr'><strong>peccati:</strong></span> <span class='ocrx_word' id='word_1_356' title='bbox 1589 4517 1672 4564; x_wconf 88' lang='lat' dir='ltr'><strong>est</strong></span> <span class='ocrx_word' id='word_1_357' title='bbox 1708 4519 1910 4565; x_wconf 68' lang='lat' dir='ltr'><strong>natura:</strong></span> <span class='ocrx_word' id='word_1_358' title='bbox 1948 4510 2069 4581; x_wconf 87' lang='lat' dir='ltr'><strong>qui-</strong></span> 
     </span>
    </p>
   </div>
   <div class='ocr_carea' id='block_1_47' title="bbox 495 4598 2068 4672">
    <p class='ocr_par' dir='ltr' id='par_1_47' title="bbox 495 4598 2068 4672">
     <span class='ocr_line' id='line_1_47' title="bbox 495 4598 2068 4672; baseline 0.001 -14"><span class='ocrx_word' id='word_1_359' title='bbox 495 4603 638 4671; x_wconf 90' lang='lat' dir='ltr'><strong>dem,</strong></span> <span class='ocrx_word' id='word_1_360' title='bbox 683 4601 778 4657; x_wconf 92' lang='lat' dir='ltr'><strong>sed</strong></span> <span class='ocrx_word' id='word_1_361' title='bbox 821 4600 933 4672; x_wconf 78' lang='lat' dir='ltr'><strong>jam</strong></span> <span class='ocrx_word' id='word_1_362' title='bbox 983 4599 1209 4666; x_wconf 64' lang='lat' dir='ltr'><strong>vitiosae,</strong></span> <span class='ocrx_word' id='word_1_363' title='bbox 1257 4598 1368 4668; x_wconf 83' lang='lat' dir='ltr'><strong>jam</strong></span> <span class='ocrx_word' id='word_1_364' title='bbox 1413 4600 1519 4655; x_wconf 90' lang='lat' dir='ltr'><strong>isto</strong></span> <span class='ocrx_word' id='word_1_365' title='bbox 1564 4601 1823 4672; x_wconf 90' lang='lat' dir='ltr'><strong>supplicio</strong></span> <span class='ocrx_word' id='word_1_366' title='bbox 1867 4603 2068 4660; x_wconf 89' lang='lat' dir='ltr'><strong>conde-</strong></span> 
     </span>
    </p>
   </div>
   <div class='ocr_carea' id='block_1_48' title="bbox 555 4737 2070 4805">
    <p class='ocr_par' dir='ltr' id='par_1_48' title="bbox 555 4737 2070 4805">
     <span class='ocr_line' id='line_1_48' title="bbox 555 4737 2070 4805; baseline -0.002 -1"><span class='ocrx_word' id='word_1_367' title='bbox 555 4742 627 4805; x_wconf 87' lang='grc' dir='ltr'><strong>(α)</strong></span> <span class='ocrx_word' id='word_1_368' title='bbox 661 4741 866 4805; x_wconf 56' lang='lat' dir='ltr'><strong>miram</strong></span> <span class='ocrx_word' id='word_1_369' title='bbox 887 4737 1141 4805; x_wconf 56' lang='lat' dir='ltr'><strong>aliquandi)</strong></span> <span class='ocrx_word' id='word_1_370' title='bbox 1157 4738 1325 4805; x_wconf 58' lang='lat' dir='ltr'><strong>Marius</strong></span> <span class='ocrx_word' id='word_1_371' title='bbox 1344 4742 1574 4805; x_wconf 55' lang='lat' dir='ltr'><strong>item!“</strong></span> <span class='ocrx_word' id='word_1_372' title='bbox 1599 4739 1858 4805; x_wconf 59' lang='grc' dir='ltr'><strong>ιξυειιειίρο</strong></span> <span class='ocrx_word' id='word_1_373' title='bbox 1881 4753 1971 4802; x_wconf 77' lang='lat' dir='ltr'><strong>per</strong></span> <span class='ocrx_word' id='word_1_374' title='bbox 1994 4740 2070 4793; x_wconf 76' lang='lat' dir='ltr'><strong>lit-</strong></span> 
     </span>
    </p>
   </div>
   <div class='ocr_carea' id='block_1_49' title="bbox 493 4798 2069 4866">
    <p class='ocr_par' dir='ltr' id='par_1_49' title="bbox 493 4798 2069 4866">
     <span class='ocr_line' id='line_1_49' title="bbox 493 4798 2069 4866; baseline -0.001 -13"><span class='ocrx_word' id='word_1_375' title='bbox 493 4798 649 4853; x_wconf 75' lang='lat' dir='ltr'><strong>terras</strong></span> <span class='ocrx_word' id='word_1_376' title='bbox 664 4798 1137 4866; x_wconf 59' lang='lat' dir='ltr'><strong>signiﬁcavit,’objici_</strong></span> <span class='ocrx_word' id='word_1_377' title='bbox 1153 4811 1182 4849; x_wconf 88' lang='lat' dir='ltr'><strong>a</strong></span> <span class='ocrx_word' id='word_1_378' title='bbox 1211 4798 1477 4866; x_wconf 77' lang='lat' dir='ltr'><strong>Pelagianis</strong></span> <span class='ocrx_word' id='word_1_379' title='bbox 1497 4799 1651 4866; x_wconf 69' lang='lat' dir='ltr'><strong>Enoch</strong></span> <span class='ocrx_word' id='word_1_380' title='bbox 1674 4798 1727 4848; x_wconf 77' lang='lat' dir='ltr'><strong>et</strong></span> <span class='ocrx_word' id='word_1_381' title='bbox 1756 4798 2069 4866; x_wconf 67' lang='lat' dir='ltr'><strong>ﬁliani,un</strong></span> 
     </span>
    </p>
   </div>
   <div class='ocr_carea' id='block_1_50' title="bbox 494 4859 2069 4929">
    <p class='ocr_par' dir='ltr' id='par_1_50' title="bbox 494 4859 2069 4929">
     <span class='ocr_line' id='line_1_50' title="bbox 494 4859 2069 4929; baseline 0.001 -16"><span class='ocrx_word' id='word_1_382' title='bbox 494 4867 666 4914; x_wconf 78' lang='lat' dir='ltr'><strong>lllOl&#39;lui</strong></span> <span class='ocrx_word' id='word_1_383' title='bbox 701 4859 797 4915; x_wconf 69' lang='lat' dir='ltr'><strong>non</strong></span> <span class='ocrx_word' id='word_1_384' title='bbox 813 4864 1027 4929; x_wconf 63' lang='lat' dir='ltr'><strong>luerim,</strong></span> <span class='ocrx_word' id='word_1_385' title='bbox 1046 4859 1141 4929; x_wconf 69' lang='lat' dir='ltr'><strong>sed</strong></span> <span class='ocrx_word' id='word_1_386' title='bbox 1161 4874 1273 4929; x_wconf 82' lang='lat' dir='ltr'><strong>cum</strong></span> <span class='ocrx_word' id='word_1_387' title='bbox 1304 4859 1405 4929; x_wconf 77' lang='lat' dir='ltr'><strong>suis</strong></span> <span class='ocrx_word' id='word_1_388' title='bbox 1425 4859 1704 4929; x_wconf 75' lang='lat' dir='ltr'><strong>corporibus</strong></span> <span class='ocrx_word' id='word_1_389' title='bbox 1724 4859 2069 4929; x_wconf 57' lang='lat' dir='ltr'><strong>translatifpui</strong></span> 
     </span>
    </p>
   </div>
   <div class='ocr_carea' id='block_1_51' title="bbox 495 4922 1984 4989">
    <p class='ocr_par' dir='ltr' id='par_1_51' title="bbox 495 4922 1984 4989">
     <span class='ocr_line' id='line_1_51' title="bbox 495 4922 1984 4989; baseline 0 -15"><span class='ocrx_word' id='word_1_390' title='bbox 495 4933 791 4989; x_wconf 77' lang='lat' dir='ltr'><strong>argumento</strong></span> <span class='ocrx_word' id='word_1_391' title='bbox 810 4926 860 4973; x_wconf 89' lang='lat' dir='ltr'><strong>in</strong></span> <span class='ocrx_word' id='word_1_392' title='bbox 876 4925 1020 4989; x_wconf 80' lang='lat' dir='ltr'><strong>Epist.</strong></span> <span class='ocrx_word' id='word_1_393' title='bbox 1049 4923 1157 4989; x_wconf 67' lang='grc'><strong>195,</strong></span> <span class='ocrx_word' id='word_1_394' title='bbox 1177 4922 1345 4989; x_wconf 79' lang='lat' dir='ltr'><strong>eidem</strong></span> <span class='ocrx_word' id='word_1_395' title='bbox 1366 4922 1612 4969; x_wconf 74' lang='lat' dir='ltr'><strong>Mercatori</strong></span> <span class='ocrx_word' id='word_1_396' title='bbox 1634 4932 1766 4989; x_wconf 76' lang='lat' dir='ltr'><strong>anno</strong></span> <span class='ocrx_word' id='word_1_397' title='bbox 1779 4923 1873 4989; x_wconf 61' lang='grc'><strong>418</strong></span> <span class='ocrx_word' id='word_1_398' title='bbox 1891 4926 1984 4974; x_wconf 81' lang='lat' dir='ltr'><strong>seri</strong></span> 
     </span>
    </p>
   </div>
   <div class='ocr_carea' id='block_1_52' title="bbox 495 4984 2069 5048">
    <p class='ocr_par' dir='ltr' id='par_1_52' title="bbox 495 4984 2069 5048">
     <span class='ocr_line' id='line_1_52' title="bbox 495 4984 2069 5048; baseline -0.004 -14"><span class='ocrx_word' id='word_1_399' title='bbox 495 4984 759 5048; x_wconf 65' lang='lat' dir='ltr'><strong>t-t-Epoudet</strong></span> <span class='ocrx_word' id='word_1_400' title='bbox 780 4987 871 5034; x_wconf 89' lang='lat' dir='ltr'><strong>hoc</strong></span> <span class='ocrx_word' id='word_1_401' title='bbox 890 4984 999 5048; x_wconf 66' lang='lat' dir='ltr'><strong>fcre</strong></span> <span class='ocrx_word' id='word_1_402' title='bbox 1020 4985 1151 5048; x_wconf 89' lang='lat' dir='ltr'><strong>quod</strong></span> <span class='ocrx_word' id='word_1_403' title='bbox 1173 4986 1224 5034; x_wconf 91' lang='lat' dir='ltr'><strong>in</strong></span> <span class='ocrx_word' id='word_1_404' title='bbox 1245 4985 1338 5048; x_wconf 81' lang='lat' dir='ltr'><strong>isto</strong></span> <span class='ocrx_word' id='word_1_405' title='bbox 1356 4993 1583 5048; x_wconf 79' lang='lat' dir='ltr'><strong>sermone</strong></span> <span class='ocrx_word' id='word_1_406' title='bbox 1608 4994 1620 5030; x_wconf 88' lang='lat'><strong>:</strong></span> <span class='ocrx_word' id='word_1_407' title='bbox 1650 4984 1799 5048; x_wconf 66' lang='lat' dir='ltr'><strong>«Quid</strong></span> <span class='ocrx_word' id='word_1_408' title='bbox 1824 4998 1927 5048; x_wconf 80' lang='lat' dir='ltr'><strong>eos,</strong></span> <span class='ocrx_word' id='word_1_409' title='bbox 1944 5003 1967 5033; x_wconf 68' lang='grc' dir='ltr'><strong>ι</strong></span> <span class='ocrx_word' id='word_1_410' title='bbox 1984 4984 2069 5038; x_wconf 60' lang='lat' dir='ltr'><strong>in.</strong></span> 
     </span>
    </p>
   </div>
   <div class='ocr_carea' id='block_1_53' title="bbox 493 5043 2068 5111">
    <p class='ocr_par' dir='ltr' id='par_1_53' title="bbox 493 5043 2068 5111">
     <span class='ocr_line' id='line_1_53' title="bbox 493 5043 2068 5111; baseline 0.002 -15"><span class='ocrx_word' id='word_1_411' title='bbox 493 5043 682 5111; x_wconf 73' lang='lat' dir='ltr'><strong>quii,&#39;u.</strong></span> <span class='ocrx_word' id='word_1_412' title='bbox 708 5049 739 5095; x_wconf 78' lang='grc'><strong>5</strong></span> <span class='ocrx_word' id='word_1_413' title='bbox 756 5081 769 5103; x_wconf 89' lang='grc'><em>,</em></span> <span class='ocrx_word' id='word_1_414' title='bbox 794 5065 825 5111; x_wconf 13' lang='grc' dir='ltr'><strong>γι</strong></span> <span class='ocrx_word' id='word_1_415' title='bbox 844 5046 904 5096; x_wconf 87' lang='lat' dir='ltr'><strong>ad</strong></span> <span class='ocrx_word' id='word_1_416' title='bbox 924 5046 1018 5096; x_wconf 85' lang='lat' dir='ltr'><strong>hoc</strong></span> <span class='ocrx_word' id='word_1_417' title='bbox 1038 5043 1168 5111; x_wconf 75' lang='lat' dir='ltr'><strong>unde</strong></span> <span class='ocrx_word' id='word_1_418' title='bbox 1198 5046 1355 5111; x_wconf 83' lang='lat' dir='ltr'><strong>agitur</strong></span> <span class='ocrx_word' id='word_1_419' title='bbox 1377 5043 1601 5111; x_wconf 62' lang='lat' dir='ltr'><strong>adjuvet,</strong></span> <span class='ocrx_word' id='word_1_420' title='bbox 1627 5055 1721 5111; x_wconf 79' lang='lat' dir='ltr'><strong>non</strong></span> <span class='ocrx_word' id='word_1_421' title='bbox 1743 5043 1978 5111; x_wconf 83' lang='lat' dir='ltr'><strong>intelligo.</strong></span> <span class='ocrx_word' id='word_1_422' title='bbox 1993 5056 2068 5111; x_wconf 15' lang='grc' dir='ltr'><strong>θυι</strong></span> 
     </span>
    </p>
   </div>
   <div class='ocr_carea' id='block_1_54' title="bbox 500 5105 2068 5171">
    <p class='ocr_par' dir='ltr' id='par_1_54' title="bbox 500 5105 2068 5171">
     <span class='ocr_line' id='line_1_54' title="bbox 500 5105 2068 5171; baseline -0.004 -16"><span class='ocrx_word' id='word_1_423' title='bbox 500 5105 523 5155; x_wconf 71' lang='grc' dir='ltr'>ί</span> <span class='ocrx_word' id='word_1_424' title='bbox 546 5111 675 5158; x_wconf 86' lang='lat' dir='ltr'><strong>enim</strong></span> <span class='ocrx_word' id='word_1_425' title='bbox 710 5110 923 5157; x_wconf 86' lang='lat' dir='ltr'><strong>omittam</strong></span> <span class='ocrx_word' id='word_1_426' title='bbox 954 5107 1084 5171; x_wconf 82' lang='lat' dir='ltr'><strong>quod</strong></span> <span class='ocrx_word' id='word_1_427' title='bbox 1120 5108 1210 5169; x_wconf 85' lang='lat' dir='ltr'><strong>ipsi</strong></span> <span class='ocrx_word' id='word_1_428' title='bbox 1234 5105 1447 5169; x_wconf 73' lang='lat' dir='ltr'><strong>quoque</strong></span> <span class='ocrx_word' id='word_1_429' title='bbox 1478 5105 1691 5171; x_wconf 77' lang='lat' dir='ltr'><strong>morituri</strong></span> <span class='ocrx_word' id='word_1_430' title='bbox 1704 5115 1881 5171; x_wconf 74' lang='lat' dir='ltr'><strong>postea</strong></span> <span class='ocrx_word' id='word_1_431' title='bbox 1899 5105 2068 5171; x_wconf 61' lang='grc' dir='ltr'><strong>ᾔει-ιη..</strong></span> 
     </span>
    </p>
   </div>
   <div class='ocr_carea' id='block_1_55' title="bbox 1616 5167 2067 5238">
    <p class='ocr_par' dir='ltr' id='par_1_55' title="bbox 1616 5167 2067 5238">
     <span class='ocr_line' id='line_1_55' title="bbox 1616 5167 2067 5238; baseline 0.016 -23"><span class='ocrx_word' id='word_1_432' title='bbox 1616 5167 1765 5238; x_wconf 57' lang='lat' dir='ltr'><strong>ypsim</strong></span> <span class='ocrx_word' id='word_1_433' title='bbox 1786 5167 1978 5221; x_wconf 79' lang='lat' dir='ltr'><strong>Joannis</strong></span> <span class='ocrx_word' id='word_1_434' title='bbox 2001 5172 2067 5238; x_wconf 78' lang='lat' dir='ltr'><strong>de</strong></span> 
     </span>
    </p>
   </div>
   <div class='ocr_carea' id='block_1_56' title="bbox 501 5227 2068 5293">
    <p class='ocr_par' dir='ltr' id='par_1_56' title="bbox 501 5227 2068 5293">
     <span class='ocr_line' id='line_1_56' title="bbox 501 5227 2068 5293; baseline 0.003 -17"><span class='ocrx_word' id='word_1_435' title='bbox 501 5249 522 5276; x_wconf 77' lang='grc' dir='ltr'>ι</span> <span class='ocrx_word' id='word_1_436' title='bbox 543 5227 733 5282; x_wconf 85' lang='lat' dir='ltr'><strong>duobus</strong></span> <span class='ocrx_word' id='word_1_437' title='bbox 751 5231 845 5281; x_wconf 89' lang='lat' dir='ltr'><strong>illis</strong></span> <span class='ocrx_word' id='word_1_438' title='bbox 866 5227 1129 5293; x_wconf 76' lang='lat' dir='ltr'><strong>Prophetis,</strong></span> <span class='ocrx_word' id='word_1_439' title='bbox 1163 5227 1279 5293; x_wconf 58' lang='lat' dir='ltr'><strong>etc},</strong></span> <span class='ocrx_word' id='word_1_440' title='bbox 1297 5230 1411 5292; x_wconf 89' lang='lat' dir='ltr'><strong>quid</strong></span> <span class='ocrx_word' id='word_1_441' title='bbox 1427 5229 1547 5279; x_wconf 87' lang='lat' dir='ltr'><strong>istos</strong></span> <span class='ocrx_word' id='word_1_442' title='bbox 1560 5227 1768 5290; x_wconf 82' lang='lat' dir='ltr'><strong>adjuvat,</strong></span> <span class='ocrx_word' id='word_1_443' title='bbox 1788 5243 1954 5292; x_wconf 67' lang='lat' dir='ltr'><strong>quaeso</strong></span> <span class='ocrx_word' id='word_1_444' title='bbox 1976 5240 2026 5283; x_wconf 89' lang='lat' dir='ltr'><strong>te</strong></span> <span class='ocrx_word' id='word_1_445' title='bbox 2043 5234 2068 5284; x_wconf 78' lang='lat'><strong>?</strong></span> 
     </span>
    </p>
   </div>
   <div class='ocr_carea' id='block_1_57' title="bbox 500 5290 2068 5357">
    <p class='ocr_par' dir='ltr' id='par_1_57' title="bbox 500 5290 2068 5357">
     <span class='ocr_line' id='line_1_57' title="bbox 500 5290 2068 5357; baseline -0.003 -18"><span class='ocrx_word' id='word_1_446' title='bbox 500 5312 522 5339; x_wconf 73' lang='grc' dir='ltr'>ι</span> <span class='ocrx_word' id='word_1_447' title='bbox 546 5304 710 5357; x_wconf 62' lang='lat' dir='ltr'><strong>neque</strong></span> <span class='ocrx_word' id='word_1_448' title='bbox 743 5295 870 5357; x_wconf 83' lang='lat' dir='ltr'><strong>enim</strong></span> <span class='ocrx_word' id='word_1_449' title='bbox 903 5290 1013 5342; x_wconf 81' lang='lat' dir='ltr'><strong>hihc</strong></span> <span class='ocrx_word' id='word_1_450' title='bbox 1041 5290 1419 5357; x_wconf 62' lang='lat' dir='ltr'><strong>ostendunt&#39;non</strong></span> <span class='ocrx_word' id='word_1_451' title='bbox 1440 5296 1637 5357; x_wconf 83' lang='lat' dir='ltr'><strong>prOpter</strong></span> <span class='ocrx_word' id='word_1_452' title='bbox 1651 5290 1900 5357; x_wconf 80' lang='lat' dir='ltr'><strong>peccatum</strong></span> <span class='ocrx_word' id='word_1_453' title='bbox 1914 5293 2068 5357; x_wconf 61' lang='lat' dir='ltr'><strong>horai.</strong></span> 
     </span>
    </p>
   </div>
   <div class='ocr_carea' id='block_1_58' title="bbox 501 5352 2068 5424">
    <p class='ocr_par' dir='ltr' id='par_1_58' title="bbox 501 5352 2068 5424">
     <span class='ocr_line' id='line_1_58' title="bbox 501 5352 2068 5424; baseline 0.001 -23"><span class='ocrx_word' id='word_1_454' title='bbox 501 5374 523 5401; x_wconf 81' lang='grc'><strong>«</strong></span> <span class='ocrx_word' id='word_1_455' title='bbox 549 5352 1126 5424; x_wconf 66' lang='lat' dir='ltr'><strong>nes&#39;_secundittn_corpus</strong></span> <span class='ocrx_word' id='word_1_456' title='bbox 1144 5353 1280 5401; x_wconf 83' lang='lat' dir='ltr'><strong>mori.</strong></span> <span class='ocrx_word' id='word_1_457' title='bbox 1313 5360 1426 5424; x_wconf 78' lang='lat' dir='ltr'><strong>Nam</strong></span> <span class='ocrx_word' id='word_1_458' title='bbox 1445 5353 1650 5424; x_wconf 90' lang='lat' dir='ltr'><strong>si</strong></span> <span class='ocrx_word' id='word_1_459' title='bbox 1676 5352 1758 5424; x_wconf 79' lang='lat' dir='ltr'><strong>qui</strong></span> <span class='ocrx_word' id='word_1_460' title='bbox 1787 5360 1884 5424; x_wconf 75' lang='lat' dir='ltr'><strong>tam</strong></span> <span class='ocrx_word' id='word_1_461' title='bbox 1904 5354 2068 5424; x_wconf 82' lang='lat' dir='ltr'><strong>multis</strong></span> 
     </span>
    </p>
   </div>
   <div class='ocr_carea' id='block_1_59' title="bbox 500 5411 2068 5488">
    <p class='ocr_par' dir='ltr' id='par_1_59' title="bbox 500 5411 2068 5488">
     <span class='ocr_line' id='line_1_59' title="bbox 500 5411 2068 5488; baseline 0.004 -27"><span class='ocrx_word' id='word_1_462' title='bbox 500 5434 522 5461; x_wconf 75' lang='grc' dir='ltr'>ι</span> <span class='ocrx_word' id='word_1_463' title='bbox 544 5417 767 5467; x_wconf 77' lang='lat' dir='ltr'><strong>ﬁdelibus</strong></span> <span class='ocrx_word' id='word_1_464' title='bbox 787 5418 889 5465; x_wconf 88' lang='lat' dir='ltr'><strong>suis</strong></span> <span class='ocrx_word' id='word_1_465' title='bbox 913 5411 1056 5488; x_wconf 75' lang='lat' dir='ltr'><strong>donat</strong></span> <span class='ocrx_word' id='word_1_466' title='bbox 1077 5415 1180 5476; x_wconf 84' lang='lat' dir='ltr'><strong>ipsa</strong></span> <span class='ocrx_word' id='word_1_467' title='bbox 1212 5411 1605 5488; x_wconf 30' lang='lat' dir='ltr'><strong>peccatatvoluit</strong></span> <span class='ocrx_word' id='word_1_468' title='bbox 1620 5411 1903 5488; x_wconf 75' lang='lat' dir='ltr'><strong>quibusdam</strong></span> <span class='ocrx_word' id='word_1_469' title='bbox 1921 5419 2068 5469; x_wconf 86' lang='lat' dir='ltr'><strong>etiam</strong></span> 
     </span>
    </p>
   </div>
   <div class='ocr_carea' id='block_1_60' title="bbox 502 5476 2069 5611">
    <p class='ocr_par' dir='ltr' id='par_1_60' title="bbox 502 5476 2069 5611">
     <span class='ocr_line' id='line_1_60' title="bbox 502 5476 2069 5541; baseline 0.002 -16"><span class='ocrx_word' id='word_1_470' title='bbox 502 5495 524 5520; x_wconf 70' lang='grc' dir='ltr'><strong>α</strong></span> <span class='ocrx_word' id='word_1_471' title='bbox 550 5491 684 5528; x_wconf 77' lang='lat' dir='ltr'><strong>Istam</strong></span> <span class='ocrx_word' id='word_1_472' title='bbox 709 5490 896 5541; x_wconf 61' lang='lat' dir='ltr'><strong>pinnam</strong></span> <span class='ocrx_word' id='word_1_473' title='bbox 915 5476 1098 5526; x_wconf 87' lang='lat' dir='ltr'><strong>donare</strong></span> <span class='ocrx_word' id='word_1_474' title='bbox 1128 5476 1342 5539; x_wconf 85' lang='lat' dir='ltr'><strong>peccati;</strong></span> <span class='ocrx_word' id='word_1_475' title='bbox 1361 5477 1446 5539; x_wconf 87' lang='lat' dir='ltr'><strong>qui</strong></span> <span class='ocrx_word' id='word_1_476' title='bbox 1468 5487 1557 5524; x_wconf 84' lang='lat' dir='ltr'><strong>nos</strong></span> <span class='ocrx_word' id='word_1_477' title='bbox 1574 5476 1739 5527; x_wconf 85' lang='lat' dir='ltr'><strong>sumus</strong></span> <span class='ocrx_word' id='word_1_478' title='bbox 1758 5478 1843 5540; x_wconf 90' lang='lat' dir='ltr'><strong>qui</strong></span> <span class='ocrx_word' id='word_1_479' title='bbox 1866 5491 2069 5541; x_wconf 84' lang='lat' dir='ltr'><strong>respon-</strong></span> 
     </span>
     <span class='ocr_line' id='line_1_61' title="bbox 503 5536 2065 5611; baseline 0.005 -27"><span class='ocrx_word' id='word_1_480' title='bbox 503 5556 525 5584; x_wconf 72' lang='grc' dir='ltr'><strong>α</strong></span> <span class='ocrx_word' id='word_1_481' title='bbox 546 5539 745 5611; x_wconf 65' lang='lat' dir='ltr'><strong>deatnus</strong></span> <span class='ocrx_word' id='word_1_482' title='bbox 766 5547 881 5611; x_wconf 86' lang='lat' dir='ltr'><strong>D_eo,</strong></span> <span class='ocrx_word' id='word_1_483' title='bbox 916 5550 1001 5588; x_wconf 89' lang='lat' dir='ltr'><strong>cur</strong></span> <span class='ocrx_word' id='word_1_484' title='bbox 1014 5537 1146 5611; x_wconf 67' lang='lat' dir='ltr'><strong>alius</strong></span> <span class='ocrx_word' id='word_1_485' title='bbox 1175 5537 1260 5597; x_wconf 89' lang='lat' dir='ltr'><strong>sic,</strong></span> <span class='ocrx_word' id='word_1_486' title='bbox 1291 5536 1414 5609; x_wconf 76' lang='lat' dir='ltr'><strong>alius</strong></span> <span class='ocrx_word' id='word_1_487' title='bbox 1434 5545 1597 5588; x_wconf 87' lang='lat' dir='ltr'><strong>autem</strong></span> <span class='ocrx_word' id='word_1_488' title='bbox 1615 5539 1726 5611; x_wconf 54' lang='lat' dir='ltr'><strong>sict</strong></span> <span class='ocrx_word' id='word_1_489' title='bbox 1744 5556 1765 5585; x_wconf 76' lang='grc' dir='ltr'><strong>ι</strong></span> <span class='ocrx_word' id='word_1_490' title='bbox 1804 5546 1857 5611; x_wconf 65' lang='lat' dir='ltr'><strong>Et</strong></span> <span class='ocrx_word' id='word_1_491' title='bbox 1873 5548 2065 5611; x_wconf 85' lang='lat' dir='ltr'><strong>postea,</strong></span> 
     </span>
    </p>
   </div>
   <div class='ocr_carea' id='block_1_61' title="bbox 502 5603 1960 5672">
    <p class='ocr_par' dir='ltr' id='par_1_61' title="bbox 502 5603 1960 5672">
     <span class='ocr_line' id='line_1_62' title="bbox 502 5603 1960 5672; baseline 0.005 -26"><span class='ocrx_word' id='word_1_492' title='bbox 502 5617 525 5646; x_wconf 76' lang='lat' dir='ltr'><strong>tt</strong></span> <span class='ocrx_word' id='word_1_493' title='bbox 547 5615 595 5672; x_wconf 76' lang='lat' dir='ltr'><strong>n.</strong></span> <span class='ocrx_word' id='word_1_494' title='bbox 620 5603 648 5649; x_wconf 88' lang='lat'><strong>7</strong></span> <span class='ocrx_word' id='word_1_495' title='bbox 669 5616 736 5672; x_wconf 71' lang='lat'><strong>:__«</strong></span> <span class='ocrx_word' id='word_1_496' title='bbox 761 5603 806 5650; x_wconf 78' lang='lat' dir='ltr'><strong>Si</strong></span> <span class='ocrx_word' id='word_1_497' title='bbox 833 5603 1126 5672; x_wconf 65' lang='lat' dir='ltr'><strong>morseliant</strong></span> <span class='ocrx_word' id='word_1_498' title='bbox 1144 5603 1358 5660; x_wconf 83' lang='lat' dir='ltr'><strong>corporis</strong></span> <span class='ocrx_word' id='word_1_499' title='bbox 1378 5603 1729 5672; x_wconf 59' lang='lat' dir='ltr'><strong>ptmiapecoati</strong></span> <span class='ocrx_word' id='word_1_500' title='bbox 1750 5609 1848 5672; x_wconf 60' lang='lat' dir='ltr'><strong>est,</strong></span> 
     </span>
    </p>
   </div>
   <div class='ocr_carea' id='block_1_62' title="bbox 502 5663 1968 5727">
    <p class='ocr_par' dir='ltr' id='par_1_62' title="bbox 502 5663 1968 5727">
     <span class='ocr_line' id='line_1_63' title="bbox 502 5663 1968 5727; baseline 0.004 -18"><span class='ocrx_word' id='word_1_501' title='bbox 502 5680 524 5709; x_wconf 77' lang='grc' dir='ltr'>ι</span> <span class='ocrx_word' id='word_1_502' title='bbox 549 5663 640 5711; x_wconf 88' lang='lat' dir='ltr'><strong>tius</strong></span> <span class='ocrx_word' id='word_1_503' title='bbox 656 5664 813 5727; x_wconf 88' lang='lat' dir='ltr'><strong>aliqua</strong></span> <span class='ocrx_word' id='word_1_504' title='bbox 835 5663 1038 5726; x_wconf 59' lang='lat' dir='ltr'><strong>quastio</strong></span> <span class='ocrx_word' id='word_1_505' title='bbox 1056 5669 1148 5722; x_wconf 85' lang='lat' dir='ltr'><strong>est,</strong></span> <span class='ocrx_word' id='word_1_506' title='bbox 1171 5672 1256 5710; x_wconf 91' lang='lat' dir='ltr'><strong>cur</strong></span> <span class='ocrx_word' id='word_1_507' title='bbox 1272 5663 1673 5727; x_wconf 80' lang='lat' dir='ltr'><strong>moriatur_in‘ans</strong></span> <span class='ocrx_word' id='word_1_508' title='bbox 1688 5676 1796 5727; x_wconf 79' lang='lat' dir='ltr'><strong>cum</strong></span> <span class='ocrx_word' id='word_1_509' title='bbox 1820 5663 1968 5715; x_wconf 80' lang='lat' dir='ltr'><strong>fuerit</strong></span> 
     </span>
    </p>
   </div>
   <div class='ocr_carea' id='block_1_63' title="bbox 502 5723 2066 5794">
    <p class='ocr_par' dir='ltr' id='par_1_63' title="bbox 502 5723 2066 5794">
     <span class='ocr_line' id='line_1_64' title="bbox 502 5723 2066 5794; baseline 0.006 -23"><span class='ocrx_word' id='word_1_510' title='bbox 502 5744 524 5771; x_wconf 77' lang='grc' dir='ltr'>ι</span> <span class='ocrx_word' id='word_1_511' title='bbox 549 5723 765 5787; x_wconf 73' lang='lat' dir='ltr'><strong>ptizatus,</strong></span> <span class='ocrx_word' id='word_1_512' title='bbox 786 5723 931 5791; x_wconf 74' lang='lat' dir='ltr'><strong>quam</strong></span> <span class='ocrx_word' id='word_1_513' title='bbox 947 5736 1033 5775; x_wconf 88' lang='lat' dir='ltr'><strong>cur</strong></span> <span class='ocrx_word' id='word_1_514' title='bbox 1050 5730 1268 5779; x_wconf 87' lang='lat' dir='ltr'><strong>mortuus</strong></span> <span class='ocrx_word' id='word_1_515' title='bbox 1283 5735 1381 5774; x_wconf 90' lang='lat' dir='ltr'><strong>non</strong></span> <span class='ocrx_word' id='word_1_516' title='bbox 1397 5724 1461 5777; x_wconf 88' lang='lat' dir='ltr'><strong>sit</strong></span> <span class='ocrx_word' id='word_1_517' title='bbox 1473 5723 1595 5776; x_wconf 75' lang='lat' dir='ltr'><strong>Elias</strong></span> <span class='ocrx_word' id='word_1_518' title='bbox 1611 5736 1722 5779; x_wconf 84' lang='lat' dir='ltr'><strong>cum</strong></span> <span class='ocrx_word' id='word_1_519' title='bbox 1736 5725 2066 5794; x_wconf 80' lang='lat' dir='ltr'><strong>iueritjustiﬁ-</strong></span> 
     </span>
    </p>
   </div>
   <div class='ocr_carea' id='block_1_64' title="bbox 497 5794 734 5842">
    <p class='ocr_par' dir='ltr' id='par_1_64' title="bbox 497 5794 734 5842">
     <span class='ocr_line' id='line_1_65' title="bbox 497 5794 734 5842; baseline 0.008 -2"><span class='ocrx_word' id='word_1_520' title='bbox 497 5794 734 5842; x_wconf 70' lang='grc' dir='ltr'><strong>σαιιυδο»</strong></span> 
     </span>
    </p>
   </div>
   <div class='ocr_carea' id='block_1_65' title="bbox 501 5168 1478 5232">
    <p class='ocr_par' dir='ltr' id='par_1_65' title="bbox 501 5168 1478 5232">
     <span class='ocr_line' id='line_1_66' title="bbox 501 5168 1478 5232; baseline -0.003 -14"><span class='ocrx_word' id='word_1_521' title='bbox 501 5189 522 5215; x_wconf 78' lang='grc' dir='ltr'>ι</span> <span class='ocrx_word' id='word_1_522' title='bbox 548 5172 740 5228; x_wconf 78' lang='lat' dir='ltr'><strong>bentur,</strong></span> <span class='ocrx_word' id='word_1_523' title='bbox 765 5172 889 5232; x_wconf 88' lang='lat' dir='ltr'><strong>sicut</strong></span> <span class='ocrx_word' id='word_1_524' title='bbox 922 5168 1151 5232; x_wconf 77' lang='lat' dir='ltr'><strong>plerique</strong></span> <span class='ocrx_word' id='word_1_525' title='bbox 1166 5168 1414 5232; x_wconf 61' lang='lat' dir='ltr'><strong>expuunt);</strong></span> <span class='ocrx_word' id='word_1_526' title='bbox 1432 5174 1478 5232; x_wconf 78' lang='lat' dir='ltr'><strong>_A</strong></span> 
     </span>
    </p>
   </div>
   <div class='ocr_carea' id='block_1_66' title="bbox 1692 345 2496 408">
    <p class='ocr_par' dir='ltr' id='par_1_66' title="bbox 1692 345 2496 408">
     <span class='ocr_line' id='line_1_67' title="bbox 1692 345 2496 408; baseline -0.005 0"><span class='ocrx_word' id='word_1_527' title='bbox 1692 350 1752 408; x_wconf 87' lang='lat' dir='ltr'><strong>S.</strong></span> <span class='ocrx_word' id='word_1_528' title='bbox 1792 347 2156 408; x_wconf 83' lang='lat' dir='ltr'><strong>AUGUSTlNl</strong></span> <span class='ocrx_word' id='word_1_529' title='bbox 2194 345 2496 404; x_wconf 87' lang='lat' dir='ltr'><strong>EPlSCOPl</strong></span> 
     </span>
    </p>
   </div>
   <div class='ocr_carea' id='block_1_67' title="bbox 3612 360 3746 422">
    <p class='ocr_par' dir='ltr' id='par_1_67' title="bbox 3612 360 3746 422">
     <span class='ocr_line' id='line_1_68' title="bbox 3612 360 3746 422; baseline 0.015 -2"><span class='ocrx_word' id='word_1_530' title='bbox 3612 360 3746 422; x_wconf 75' lang='grc'><strong>1376</strong></span> 
     </span>
    </p>
   </div>
   <div class='ocr_carea' id='block_1_68' title="bbox 2187 466 3752 549">
    <p class='ocr_par' dir='ltr' id='par_1_68' title="bbox 2187 466 3752 549">
     <span class='ocr_line' id='line_1_69' title="bbox 2187 466 3752 549; baseline 0.011 -29"><span class='ocrx_word' id='word_1_531' title='bbox 2187 476 2400 522; x_wconf 70' lang='lat' dir='ltr'><strong>innatae.</strong></span> <span class='ocrx_word' id='word_1_532' title='bbox 2424 466 2654 526; x_wconf 88' lang='lat' dir='ltr'><strong>Proinde</strong></span> <span class='ocrx_word' id='word_1_533' title='bbox 2679 477 2734 526; x_wconf 92' lang='lat' dir='ltr'><strong>tu</strong></span> <span class='ocrx_word' id='word_1_534' title='bbox 2753 479 2955 528; x_wconf 76' lang='lat' dir='ltr'><strong>natum</strong></span> <span class='ocrx_word' id='word_1_535' title='bbox 2972 473 3124 543; x_wconf 89' lang='lat' dir='ltr'><strong>dicis,</strong></span> <span class='ocrx_word' id='word_1_536' title='bbox 3149 489 3251 549; x_wconf 89' lang='lat' dir='ltr'><strong>ego</strong></span> <span class='ocrx_word' id='word_1_537' title='bbox 3269 478 3472 548; x_wconf 86' lang='lat' dir='ltr'><strong>peccati</strong></span> <span class='ocrx_word' id='word_1_538' title='bbox 3484 478 3608 535; x_wconf 90' lang='lat' dir='ltr'><strong>dico</strong></span> <span class='ocrx_word' id='word_1_539' title='bbox 3633 495 3752 537; x_wconf 72' lang='lat' dir='ltr'><strong>esse</strong></span> 
     </span>
    </p>
   </div>
   <div class='ocr_carea' id='block_1_69' title="bbox 2187 564 3749 643">
    <p class='ocr_par' dir='ltr' id='par_1_69' title="bbox 2187 564 3749 643">
     <span class='ocr_line' id='line_1_70' title="bbox 2187 564 3749 643; baseline 0.01 -29"><span class='ocrx_word' id='word_1_540' title='bbox 2187 569 2414 616; x_wconf 89' lang='lat' dir='ltr'><strong>mortem</strong></span> <span class='ocrx_word' id='word_1_541' title='bbox 2434 564 2694 633; x_wconf 88' lang='lat' dir='ltr'><strong>corporis.</strong></span> <span class='ocrx_word' id='word_1_542' title='bbox 2740 564 2807 621; x_wconf 87' lang='lat' dir='ltr'><strong>Et</strong></span> <span class='ocrx_word' id='word_1_543' title='bbox 2849 566 3145 639; x_wconf 75' lang='lat' dir='ltr'><strong>interrogas</strong></span> <span class='ocrx_word' id='word_1_544' title='bbox 3172 585 3260 625; x_wconf 91' lang='lat' dir='ltr'><strong>me</strong></span> <span class='ocrx_word' id='word_1_545' title='bbox 3284 586 3298 623; x_wconf 91' lang='lat'><strong>:</strong></span> <span class='ocrx_word' id='word_1_546' title='bbox 3325 569 3385 627; x_wconf 87' lang='lat' dir='ltr'><strong>Si</strong></span> <span class='ocrx_word' id='word_1_547' title='bbox 3422 573 3628 642; x_wconf 80' lang='lat' dir='ltr'><strong>peccati</strong></span> <span class='ocrx_word' id='word_1_548' title='bbox 3652 580 3749 643; x_wconf 47' lang='lat' dir='ltr'><strong>est;</strong></span> 
     </span>
    </p>
   </div>
   <div class='ocr_carea' id='block_1_70' title="bbox 2182 653 3738 733">
    <p class='ocr_par' dir='ltr' id='par_1_70' title="bbox 2182 653 3738 733">
     <span class='ocr_line' id='line_1_71' title="bbox 2182 653 3738 733; baseline 0.008 -29"><span class='ocrx_word' id='word_1_549' title='bbox 2182 666 2347 722; x_wconf 91' lang='lat' dir='ltr'><strong>quare</strong></span> <span class='ocrx_word' id='word_1_550' title='bbox 2373 653 2555 710; x_wconf 84' lang='lat' dir='ltr'><strong>Enoch</strong></span> <span class='ocrx_word' id='word_1_551' title='bbox 2577 665 2632 710; x_wconf 88' lang='lat' dir='ltr'><strong>et</strong></span> <span class='ocrx_word' id='word_1_552' title='bbox 2652 654 2795 711; x_wconf 80' lang='lat' dir='ltr'><strong>Elias</strong></span> <span class='ocrx_word' id='word_1_553' title='bbox 2807 671 2915 712; x_wconf 91' lang='lat' dir='ltr'><strong>non</strong></span> <span class='ocrx_word' id='word_1_554' title='bbox 2933 667 3056 714; x_wconf 90' lang='lat' dir='ltr'><strong>sunt</strong></span> <span class='ocrx_word' id='word_1_555' title='bbox 3073 660 3304 715; x_wconf 78' lang='lat' dir='ltr'><strong>mortui?</strong></span> <span class='ocrx_word' id='word_1_556' title='bbox 3326 661 3393 716; x_wconf 85' lang='lat' dir='ltr'><strong>Et</strong></span> <span class='ocrx_word' id='word_1_557' title='bbox 3406 676 3506 733; x_wconf 88' lang='lat' dir='ltr'><strong>ego</strong></span> <span class='ocrx_word' id='word_1_558' title='bbox 3531 677 3738 733; x_wconf 33' lang='lat' dir='ltr'><strong>respon‘</strong></span> 
     </span>
    </p>
   </div>
   <div class='ocr_carea' id='block_1_71' title="bbox 2181 741 3749 821">
    <p class='ocr_par' dir='ltr' id='par_1_71' title="bbox 2181 741 3749 821">
     <span class='ocr_line' id='line_1_72' title="bbox 2181 741 3749 821; baseline 0.01 -24"><span class='ocrx_word' id='word_1_559' title='bbox 2181 741 2285 799; x_wconf 91' lang='lat' dir='ltr'><strong>deo</strong></span> <span class='ocrx_word' id='word_1_560' title='bbox 2312 761 2325 797; x_wconf 91' lang='lat'><strong>:</strong></span> <span class='ocrx_word' id='word_1_561' title='bbox 2354 742 2465 800; x_wconf 84' lang='lat' dir='ltr'><strong>imo</strong></span> <span class='ocrx_word' id='word_1_562' title='bbox 2493 747 2539 801; x_wconf 90' lang='lat' dir='ltr'><strong>si</strong></span> <span class='ocrx_word' id='word_1_563' title='bbox 2580 755 2783 802; x_wconf 70' lang='lat' dir='ltr'><strong>natura:</strong></span> <span class='ocrx_word' id='word_1_564' title='bbox 2823 759 2925 816; x_wconf 90' lang='lat' dir='ltr'><strong>est,</strong></span> <span class='ocrx_word' id='word_1_565' title='bbox 2963 765 3129 821; x_wconf 88' lang='lat' dir='ltr'><strong>quare</strong></span> <span class='ocrx_word' id='word_1_566' title='bbox 3158 751 3345 808; x_wconf 87' lang='lat' dir='ltr'><strong>Enoch</strong></span> <span class='ocrx_word' id='word_1_567' title='bbox 3381 761 3433 809; x_wconf 87' lang='lat' dir='ltr'><strong>et</strong></span> <span class='ocrx_word' id='word_1_568' title='bbox 3464 752 3613 809; x_wconf 86' lang='lat' dir='ltr'><strong>Elias</strong></span> <span class='ocrx_word' id='word_1_569' title='bbox 3648 769 3749 814; x_wconf 80' lang='lat' dir='ltr'><strong>nos</strong></span> 
     </span>
    </p>
   </div>
   <div class='ocr_carea' id='block_1_72' title="bbox 2180 835 3748 911">
    <p class='ocr_par' dir='ltr' id='par_1_72' title="bbox 2180 835 3748 911">
     <span class='ocr_line' id='line_1_73' title="bbox 2180 835 3748 911; baseline 0.008 -25"><span class='ocrx_word' id='word_1_570' title='bbox 2180 843 2307 887; x_wconf 90' lang='lat' dir='ltr'><strong>sunt</strong></span> <span class='ocrx_word' id='word_1_571' title='bbox 2342 835 2573 889; x_wconf 85' lang='lat' dir='ltr'><strong>mortui?</strong></span> <span class='ocrx_word' id='word_1_572' title='bbox 2608 836 2802 892; x_wconf 87' lang='lat' dir='ltr'><strong>Vivunt</strong></span> <span class='ocrx_word' id='word_1_573' title='bbox 2836 838 3022 894; x_wconf 88' lang='lat' dir='ltr'><strong>Enoch</strong></span> <span class='ocrx_word' id='word_1_574' title='bbox 3044 848 3099 897; x_wconf 90' lang='lat' dir='ltr'><strong>et</strong></span> <span class='ocrx_word' id='word_1_575' title='bbox 3127 840 3309 909; x_wconf 76' lang='lat' dir='ltr'><strong>Elius;</strong></span> <span class='ocrx_word' id='word_1_576' title='bbox 3339 842 3584 898; x_wconf 84' lang='lat' dir='ltr'><strong>translati</strong></span> <span class='ocrx_word' id='word_1_577' title='bbox 3608 854 3748 911; x_wconf 88' lang='lat' dir='ltr'><strong>sunt,</strong></span> 
     </span>
    </p>
   </div>
   <div class='ocr_carea' id='block_1_73' title="bbox 2183 925 3752 1007">
    <p class='ocr_par' dir='ltr' id='par_1_73' title="bbox 2183 925 3752 1007">
     <span class='ocr_line' id='line_1_74' title="bbox 2183 925 3752 1007; baseline 0.008 -27"><span class='ocrx_word' id='word_1_578' title='bbox 2183 925 2502 998; x_wconf 89' lang='lat' dir='ltr'><strong>ubicumque</strong></span> <span class='ocrx_word' id='word_1_579' title='bbox 2541 929 2668 995; x_wconf 92' lang='lat' dir='ltr'><strong>sint,</strong></span> <span class='ocrx_word' id='word_1_580' title='bbox 2710 931 2911 985; x_wconf 89' lang='lat' dir='ltr'><strong>vivunt.</strong></span> <span class='ocrx_word' id='word_1_581' title='bbox 2951 932 3020 987; x_wconf 86' lang='lat' dir='ltr'><strong>Et</strong></span> <span class='ocrx_word' id='word_1_582' title='bbox 3057 933 3102 988; x_wconf 90' lang='lat' dir='ltr'><strong>si</strong></span> <span class='ocrx_word' id='word_1_583' title='bbox 3142 949 3251 990; x_wconf 90' lang='lat' dir='ltr'><strong>non</strong></span> <span class='ocrx_word' id='word_1_584' title='bbox 3292 933 3489 991; x_wconf 77' lang='lat' dir='ltr'><strong>fallitur</strong></span> <span class='ocrx_word' id='word_1_585' title='bbox 3509 936 3752 1007; x_wconf 53' lang='lat' dir='ltr'><strong>quaedam</strong></span> 
     </span>
    </p>
   </div>
   <div class='ocr_carea' id='block_1_74' title="bbox 2178 1017 3751 1094">
    <p class='ocr_par' dir='ltr' id='par_1_74' title="bbox 2178 1017 3751 1094">
     <span class='ocr_line' id='line_1_75' title="bbox 2178 1017 3751 1094; baseline 0.009 -23"><span class='ocrx_word' id='word_1_586' title='bbox 2178 1031 2244 1072; x_wconf 79' lang='lat' dir='ltr'><strong>ex</strong></span> <span class='ocrx_word' id='word_1_587' title='bbox 2296 1017 2566 1091; x_wconf 85' lang='lat' dir='ltr'><strong>Scriptura</strong></span> <span class='ocrx_word' id='word_1_588' title='bbox 2623 1021 2718 1079; x_wconf 88' lang='lat' dir='ltr'><strong>Dei</strong></span> <span class='ocrx_word' id='word_1_589' title='bbox 2761 1023 3069 1092; x_wconf 86' lang='lat' dir='ltr'><strong>conjectura</strong></span> <span class='ocrx_word' id='word_1_590' title='bbox 3112 1025 3257 1094; x_wconf 87' lang='lat' dir='ltr'><strong>ﬁdei,</strong></span> <span class='ocrx_word' id='word_1_591' title='bbox 3308 1028 3555 1083; x_wconf 87' lang='lat' dir='ltr'><strong>morituri</strong></span> <span class='ocrx_word' id='word_1_592' title='bbox 3604 1038 3751 1084; x_wconf 87' lang='lat' dir='ltr'><strong>sunt.</strong></span> 
     </span>
    </p>
   </div>
   <div class='ocr_carea' id='block_1_75' title="bbox 2177 1109 3752 1188">
    <p class='ocr_par' dir='ltr' id='par_1_75' title="bbox 2177 1109 3752 1188">
     <span class='ocr_line' id='line_1_76' title="bbox 2177 1109 3752 1188; baseline 0.004 -22"><span class='ocrx_word' id='word_1_593' title='bbox 2177 1109 2569 1167; x_wconf 83' lang='lat' dir='ltr'><strong>Commemorat</strong></span> <span class='ocrx_word' id='word_1_594' title='bbox 2588 1116 2730 1171; x_wconf 87' lang='lat' dir='ltr'><strong>enim</strong></span> <span class='ocrx_word' id='word_1_595' title='bbox 2758 1116 3109 1187; x_wconf 86' lang='lat' dir='ltr'><strong>Apocalypsis</strong></span> <span class='ocrx_word' id='word_1_596' title='bbox 3131 1116 3388 1188; x_wconf 85' lang='lat' dir='ltr'><strong>quosdam</strong></span> <span class='ocrx_word' id='word_1_597' title='bbox 3427 1118 3564 1175; x_wconf 86' lang='lat' dir='ltr'><strong>duos</strong></span> <span class='ocrx_word' id='word_1_598' title='bbox 3585 1120 3752 1175; x_wconf 81' lang='lat' dir='ltr'><strong>mira-</strong></span> 
     </span>
    </p>
   </div>
   <div class='ocr_carea' id='block_1_76' title="bbox 2175 1200 3754 1278">
    <p class='ocr_par' dir='ltr' id='par_1_76' title="bbox 2175 1200 3754 1278">
     <span class='ocr_line' id='line_1_77' title="bbox 2175 1200 3754 1278; baseline 0.006 -20"><span class='ocrx_word' id='word_1_599' title='bbox 2175 1200 2310 1258; x_wconf 84' lang='lat' dir='ltr'><strong>biles</strong></span> <span class='ocrx_word' id='word_1_600' title='bbox 2354 1203 2663 1274; x_wconf 86' lang='lat' dir='ltr'><strong>prophetas,</strong></span> <span class='ocrx_word' id='word_1_601' title='bbox 2696 1205 3021 1278; x_wconf 88' lang='lat' dir='ltr'><strong>eosdemque</strong></span> <span class='ocrx_word' id='word_1_602' title='bbox 3066 1209 3389 1278; x_wconf 86' lang='lat' dir='ltr'><strong>morituros,</strong></span> <span class='ocrx_word' id='word_1_603' title='bbox 3437 1220 3493 1267; x_wconf 88' lang='lat' dir='ltr'><strong>et</strong></span> <span class='ocrx_word' id='word_1_604' title='bbox 3532 1213 3587 1268; x_wconf 92' lang='lat' dir='ltr'><strong>in</strong></span> <span class='ocrx_word' id='word_1_605' title='bbox 3623 1228 3754 1268; x_wconf 88' lang='lat' dir='ltr'><strong>cou-</strong></span> 
     </span>
    </p>
   </div>
   <div class='ocr_carea' id='block_1_77' title="bbox 2142 1293 3752 1363">
    <p class='ocr_par' dir='ltr' id='par_1_77' title="bbox 2142 1293 3752 1363">
     <span class='ocr_line' id='line_1_78' title="bbox 2142 1293 3752 1363; baseline 0.007 -16"><span class='ocrx_word' id='word_1_606' title='bbox 2142 1346 2149 1354; x_wconf 82' lang='grc'><em>,</em></span> <span class='ocrx_word' id='word_1_607' title='bbox 2175 1301 2359 1363; x_wconf 82' lang='lat' dir='ltr'><strong>specto</strong></span> <span class='ocrx_word' id='word_1_608' title='bbox 2378 1293 2653 1351; x_wconf 89' lang='lat' dir='ltr'><strong>hominum</strong></span> <span class='ocrx_word' id='word_1_609' title='bbox 2682 1307 3099 1363; x_wconf 85' lang='lat' dir='ltr'><strong>resurrecturos.</strong></span> <span class='ocrx_word' id='word_1_610' title='bbox 3132 1307 3187 1356; x_wconf 92' lang='lat' dir='ltr'><strong>et</strong></span> <span class='ocrx_word' id='word_1_611' title='bbox 3205 1314 3524 1358; x_wconf 88' lang='lat' dir='ltr'><strong>aseensuros</strong></span> <span class='ocrx_word' id='word_1_612' title='bbox 3547 1303 3616 1357; x_wconf 89' lang='lat' dir='ltr'><strong>ad</strong></span> <span class='ocrx_word' id='word_1_613' title='bbox 3650 1304 3752 1358; x_wconf 91' lang='lat' dir='ltr'><strong>Do-</strong></span> 
     </span>
    </p>
   </div>
   <div class='ocr_carea' id='block_1_78' title="bbox 2175 1383 3750 1462">
    <p class='ocr_par' dir='ltr' id='par_1_78' title="bbox 2175 1383 3750 1462">
     <span class='ocr_line' id='line_1_79' title="bbox 2175 1383 3750 1462; baseline 0.006 -22"><span class='ocrx_word' id='word_1_614' title='bbox 2175 1383 2378 1440; x_wconf 88' lang='lat' dir='ltr'><strong>minum</strong></span> <span class='ocrx_word' id='word_1_615' title='bbox 2409 1384 2589 1457; x_wconf 82' lang='lat' dir='ltr'><strong>(Apoc.</strong></span> <span class='ocrx_word' id='word_1_616' title='bbox 2621 1403 2693 1454; x_wconf 71' lang='lat' dir='ltr'><strong>x1,</strong></span> <span class='ocrx_word' id='word_1_617' title='bbox 2726 1387 2884 1459; x_wconf 74' lang='grc'><strong>5-12)</strong></span> <span class='ocrx_word' id='word_1_618' title='bbox 2919 1411 2933 1445; x_wconf 92' lang='lat'><strong>:</strong></span> <span class='ocrx_word' id='word_1_619' title='bbox 2963 1398 3019 1446; x_wconf 93' lang='lat' dir='ltr'><strong>et</strong></span> <span class='ocrx_word' id='word_1_620' title='bbox 3047 1390 3414 1461; x_wconf 87' lang='lat' dir='ltr'><strong>intelliguntur</strong></span> <span class='ocrx_word' id='word_1_621' title='bbox 3436 1394 3539 1462; x_wconf 87' lang='lat' dir='ltr'><strong>ipsi</strong></span> <span class='ocrx_word' id='word_1_622' title='bbox 3565 1393 3750 1449; x_wconf 86' lang='lat' dir='ltr'><strong>Euoch</strong></span> 
     </span>
    </p>
   </div>
   <div class='ocr_carea' id='block_1_79' title="bbox 2175 1477 3755 1550">
    <p class='ocr_par' dir='ltr' id='par_1_79' title="bbox 2175 1477 3755 1550">
     <span class='ocr_line' id='line_1_80' title="bbox 2175 1477 3755 1550; baseline 0.009 -21"><span class='ocrx_word' id='word_1_623' title='bbox 2175 1484 2229 1531; x_wconf 91' lang='lat' dir='ltr'><strong>et</strong></span> <span class='ocrx_word' id='word_1_624' title='bbox 2257 1477 2430 1544; x_wconf 87' lang='lat' dir='ltr'><strong>Elias;</strong></span> <span class='ocrx_word' id='word_1_625' title='bbox 2463 1480 2701 1550; x_wconf 88' lang='lat' dir='ltr'><strong>quamvis</strong></span> <span class='ocrx_word' id='word_1_626' title='bbox 2744 1479 2852 1537; x_wconf 88' lang='lat' dir='ltr'><strong>illic</strong></span> <span class='ocrx_word' id='word_1_627' title='bbox 2889 1484 3104 1538; x_wconf 88' lang='lat' dir='ltr'><strong>nomina</strong></span> <span class='ocrx_word' id='word_1_628' title='bbox 3136 1498 3321 1539; x_wconf 89' lang='lat' dir='ltr'><strong>eorum</strong></span> <span class='ocrx_word' id='word_1_629' title='bbox 3360 1494 3657 1541; x_wconf 87' lang='lat' dir='ltr'><strong>taceantur.</strong></span> <span class='ocrx_word' id='word_1_630' title='bbox 3688 1487 3755 1543; x_wconf 82' lang='lat' dir='ltr'><strong>Et</strong></span> 
     </span>
    </p>
   </div>
   <div class='ocr_carea' id='block_1_80' title="bbox 2176 1565 3753 1642">
    <p class='ocr_par' dir='ltr' id='par_1_80' title="bbox 2176 1565 3753 1642">
     <span class='ocr_line' id='line_1_81' title="bbox 2176 1565 3753 1642; baseline 0.008 -23"><span class='ocrx_word' id='word_1_631' title='bbox 2176 1565 2220 1620; x_wconf 92' lang='lat' dir='ltr'><strong>si</strong></span> <span class='ocrx_word' id='word_1_632' title='bbox 2245 1565 2381 1621; x_wconf 82' lang='lat' dir='ltr'><strong>forte</strong></span> <span class='ocrx_word' id='word_1_633' title='bbox 2408 1575 2483 1634; x_wconf 90' lang='lat' dir='ltr'><strong>tu,</strong></span> <span class='ocrx_word' id='word_1_634' title='bbox 2511 1568 2600 1639; x_wconf 92' lang='lat' dir='ltr'><strong>qui</strong></span> <span class='ocrx_word' id='word_1_635' title='bbox 2629 1569 2729 1625; x_wconf 88' lang='lat' dir='ltr'><strong>ista</strong></span> <span class='ocrx_word' id='word_1_636' title='bbox 2757 1572 2921 1641; x_wconf 89' lang='lat' dir='ltr'><strong>sapis,</strong></span> <span class='ocrx_word' id='word_1_637' title='bbox 2947 1571 3084 1628; x_wconf 85' lang='lat' dir='ltr'><strong>hanc</strong></span> <span class='ocrx_word' id='word_1_638' title='bbox 3104 1572 3434 1642; x_wconf 87' lang='lat' dir='ltr'><strong>Scripturam</strong></span> <span class='ocrx_word' id='word_1_639' title='bbox 3466 1590 3573 1631; x_wconf 92' lang='lat' dir='ltr'><strong>non</strong></span> <span class='ocrx_word' id='word_1_640' title='bbox 3598 1591 3753 1632; x_wconf 86' lang='lat' dir='ltr'><strong>acce-</strong></span> 
     </span>
    </p>
   </div>
   <div class='ocr_carea' id='block_1_81' title="bbox 2175 1656 3753 1730">
    <p class='ocr_par' dir='ltr' id='par_1_81' title="bbox 2175 1656 3753 1730">
     <span class='ocr_line' id='line_1_82' title="bbox 2175 1656 3753 1730; baseline 0.008 -20"><span class='ocrx_word' id='word_1_641' title='bbox 2175 1656 2328 1727; x_wconf 91' lang='lat' dir='ltr'><strong>pisti;</strong></span> <span class='ocrx_word' id='word_1_642' title='bbox 2360 1666 2449 1713; x_wconf 90' lang='lat' dir='ltr'><strong>aut</strong></span> <span class='ocrx_word' id='word_1_643' title='bbox 2472 1659 2516 1713; x_wconf 91' lang='lat' dir='ltr'><strong>si</strong></span> <span class='ocrx_word' id='word_1_644' title='bbox 2545 1660 2760 1730; x_wconf 89' lang='lat' dir='ltr'><strong>accipis,</strong></span> <span class='ocrx_word' id='word_1_645' title='bbox 2790 1663 3088 1717; x_wconf 90' lang='lat' dir='ltr'><strong>contemnis</strong></span> <span class='ocrx_word' id='word_1_646' title='bbox 3111 1672 3166 1718; x_wconf 91' lang='lat' dir='ltr'><strong>et</strong></span> <span class='ocrx_word' id='word_1_647' title='bbox 3186 1662 3340 1729; x_wconf 90' lang='lat' dir='ltr'><strong>dicis,</strong></span> <span class='ocrx_word' id='word_1_648' title='bbox 3362 1664 3481 1720; x_wconf 87' lang='lat' dir='ltr'><strong>Non</strong></span> <span class='ocrx_word' id='word_1_649' title='bbox 3506 1676 3631 1722; x_wconf 90' lang='lat' dir='ltr'><strong>sunt</strong></span> <span class='ocrx_word' id='word_1_650' title='bbox 3656 1682 3753 1721; x_wconf 82' lang='lat' dir='ltr'><strong>no—</strong></span> 
     </span>
    </p>
   </div>
   <div class='ocr_carea' id='block_1_82' title="bbox 2164 1746 3754 1829">
    <p class='ocr_par' dir='ltr' id='par_1_82' title="bbox 2164 1746 3754 1829">
     <span class='ocr_line' id='line_1_83' title="bbox 2164 1746 3754 1829; baseline 0.008 -28"><span class='ocrx_word' id='word_1_651' title='bbox 2164 1746 2415 1803; x_wconf 85' lang='lat' dir='ltr'><strong>minatim</strong></span> <span class='ocrx_word' id='word_1_652' title='bbox 2456 1751 2693 1819; x_wconf 80' lang='lat' dir='ltr'><strong>expressi</strong></span> <span class='ocrx_word' id='word_1_653' title='bbox 2726 1768 2739 1804; x_wconf 90' lang='lat'><strong>:</strong></span> <span class='ocrx_word' id='word_1_654' title='bbox 2768 1752 2967 1829; x_wconf 81' lang='lat' dir='ltr'><strong>vivant,</strong></span> <span class='ocrx_word' id='word_1_655' title='bbox 2993 1762 3051 1807; x_wconf 92' lang='lat' dir='ltr'><strong>ut</strong></span> <span class='ocrx_word' id='word_1_656' title='bbox 3091 1762 3277 1823; x_wconf 87' lang='lat' dir='ltr'><strong>putas,</strong></span> <span class='ocrx_word' id='word_1_657' title='bbox 3302 1770 3570 1826; x_wconf 88' lang='lat' dir='ltr'><strong>nunquam</strong></span> <span class='ocrx_word' id='word_1_658' title='bbox 3589 1758 3754 1814; x_wconf 87' lang='lat' dir='ltr'><strong>mori-</strong></span> 
     </span>
    </p>
   </div>
   <div class='ocr_carea' id='block_1_83' title="bbox 2176 1840 3750 1917">
    <p class='ocr_par' dir='ltr' id='par_1_83' title="bbox 2176 1840 3750 1917">
     <span class='ocr_line' id='line_1_84' title="bbox 2176 1840 3750 1917; baseline 0.006 -23"><span class='ocrx_word' id='word_1_659' title='bbox 2176 1840 2300 1895; x_wconf 91' lang='lat' dir='ltr'><strong>turi.</strong></span> <span class='ocrx_word' id='word_1_660' title='bbox 2328 1840 2517 1896; x_wconf 82' lang='lat' dir='ltr'><strong>Adhuc</strong></span> <span class='ocrx_word' id='word_1_661' title='bbox 2538 1842 2628 1896; x_wconf 91' lang='lat' dir='ltr'><strong>dic</strong></span> <span class='ocrx_word' id='word_1_662' title='bbox 2653 1842 2781 1897; x_wconf 91' lang='lat' dir='ltr'><strong>mihi</strong></span> <span class='ocrx_word' id='word_1_663' title='bbox 2811 1860 2823 1897; x_wconf 87' lang='lat'><strong>:</strong></span> <span class='ocrx_word' id='word_1_664' title='bbox 2851 1842 2907 1900; x_wconf 90' lang='lat' dir='ltr'><strong>Si</strong></span> <span class='ocrx_word' id='word_1_665' title='bbox 2932 1845 3134 1914; x_wconf 88' lang='lat' dir='ltr'><strong>peccati</strong></span> <span class='ocrx_word' id='word_1_666' title='bbox 3155 1852 3237 1900; x_wconf 88' lang='lat' dir='ltr'><strong>est</strong></span> <span class='ocrx_word' id='word_1_667' title='bbox 3263 1860 3430 1913; x_wconf 90' lang='lat' dir='ltr'><strong>mors,</strong></span> <span class='ocrx_word' id='word_1_668' title='bbox 3457 1862 3624 1917; x_wconf 79' lang='lat' dir='ltr'><strong>quare</strong></span> <span class='ocrx_word' id='word_1_669' title='bbox 3642 1864 3750 1904; x_wconf 91' lang='lat' dir='ltr'><strong>non</strong></span> 
     </span>
    </p>
   </div>
   <div class='ocr_carea' id='block_1_84' title="bbox 2174 1931 3753 2010">
    <p class='ocr_par' dir='ltr' id='par_1_84' title="bbox 2174 1931 3753 2010">
     <span class='ocr_line' id='line_1_85' title="bbox 2174 1931 3753 2010; baseline 0.007 -26"><span class='ocrx_word' id='word_1_670' title='bbox 2174 1938 2300 1985; x_wconf 86' lang='lat' dir='ltr'><strong>sunt</strong></span> <span class='ocrx_word' id='word_1_671' title='bbox 2326 1931 2555 1986; x_wconf 88' lang='lat' dir='ltr'><strong>mortui?</strong></span> <span class='ocrx_word' id='word_1_672' title='bbox 2577 1932 2796 2002; x_wconf 78' lang='lat' dir='ltr'><strong>Repono</strong></span> <span class='ocrx_word' id='word_1_673' title='bbox 2815 1934 2912 1990; x_wconf 89' lang='lat' dir='ltr'><strong>tibi</strong></span> <span class='ocrx_word' id='word_1_674' title='bbox 2936 1952 2950 1988; x_wconf 88' lang='lat'><strong>:</strong></span> <span class='ocrx_word' id='word_1_675' title='bbox 2977 1934 3032 1990; x_wconf 94' lang='lat' dir='ltr'><strong>Si</strong></span> <span class='ocrx_word' id='word_1_676' title='bbox 3058 1944 3262 1991; x_wconf 72' lang='lat' dir='ltr'><strong>natura:</strong></span> <span class='ocrx_word' id='word_1_677' title='bbox 3280 1947 3364 1991; x_wconf 87' lang='lat' dir='ltr'><strong>est</strong></span> <span class='ocrx_word' id='word_1_678' title='bbox 3390 1952 3558 2006; x_wconf 91' lang='lat' dir='ltr'><strong>mors,</strong></span> <span class='ocrx_word' id='word_1_679' title='bbox 3580 1955 3753 2010; x_wconf 87' lang='lat' dir='ltr'><strong>quare</strong></span> 
     </span>
    </p>
   </div>
   <div class='ocr_carea' id='block_1_85' title="bbox 2174 2022 3747 2094">
    <p class='ocr_par' dir='ltr' id='par_1_85' title="bbox 2174 2022 3747 2094">
     <span class='ocr_line' id='line_1_86' title="bbox 2174 2022 3747 2094; baseline 0.008 -19"><span class='ocrx_word' id='word_1_680' title='bbox 2174 2034 2279 2075; x_wconf 92' lang='lat' dir='ltr'><strong>non</strong></span> <span class='ocrx_word' id='word_1_681' title='bbox 2321 2022 2703 2077; x_wconf 88' lang='lat' dir='ltr'><strong>suntmortui?</strong></span> <span class='ocrx_word' id='word_1_682' title='bbox 2728 2024 2839 2094; x_wconf 87' lang='lat' dir='ltr'><strong>Ego</strong></span> <span class='ocrx_word' id='word_1_683' title='bbox 2880 2023 3020 2094; x_wconf 92' lang='lat' dir='ltr'><strong>dico,</strong></span> <span class='ocrx_word' id='word_1_684' title='bbox 3064 2034 3123 2080; x_wconf 91' lang='lat' dir='ltr'><strong>ut</strong></span> <span class='ocrx_word' id='word_1_685' title='bbox 3163 2026 3360 2091; x_wconf 90' lang='lat' dir='ltr'><strong>vivant,</strong></span> <span class='ocrx_word' id='word_1_686' title='bbox 3385 2027 3590 2084; x_wconf 84' lang='lat' dir='ltr'><strong>ﬁnitam</strong></span> <span class='ocrx_word' id='word_1_687' title='bbox 3626 2044 3747 2088; x_wconf 85' lang='lat' dir='ltr'><strong>esse</strong></span> 
     </span>
    </p>
   </div>
   <div class='ocr_carea' id='block_1_86' title="bbox 2174 2109 3584 2183">
    <p class='ocr_par' dir='ltr' id='par_1_86' title="bbox 2174 2109 3584 2183">
     <span class='ocr_line' id='line_1_87' title="bbox 2174 2109 3584 2183; baseline 0.005 -19"><span class='ocrx_word' id='word_1_688' title='bbox 2174 2109 2383 2181; x_wconf 91' lang='lat' dir='ltr'><strong>culpam</strong></span> <span class='ocrx_word' id='word_1_689' title='bbox 2417 2127 2431 2165; x_wconf 91' lang='lat'><strong>:</strong></span> <span class='ocrx_word' id='word_1_690' title='bbox 2456 2119 2508 2165; x_wconf 91' lang='lat' dir='ltr'><strong>tu</strong></span> <span class='ocrx_word' id='word_1_691' title='bbox 2538 2110 2644 2178; x_wconf 91' lang='lat' dir='ltr'><strong>dic,</strong></span> <span class='ocrx_word' id='word_1_692' title='bbox 2675 2112 2720 2166; x_wconf 90' lang='lat' dir='ltr'><strong>si</strong></span> <span class='ocrx_word' id='word_1_693' title='bbox 2750 2123 2923 2183; x_wconf 86' lang='lat' dir='ltr'><strong>potes,</strong></span> <span class='ocrx_word' id='word_1_694' title='bbox 2954 2114 3154 2169; x_wconf 79' lang='lat' dir='ltr'><strong>[initam</strong></span> <span class='ocrx_word' id='word_1_695' title='bbox 3172 2130 3294 2171; x_wconf 90' lang='lat' dir='ltr'><strong>esse</strong></span> <span class='ocrx_word' id='word_1_696' title='bbox 3317 2125 3584 2173; x_wconf 87' lang='lat' dir='ltr'><strong>naturam.</strong></span> 
     </span>
    </p>
   </div>
   <div class='ocr_carea' id='block_1_87' title="bbox 2247 2198 3750 2277">
    <p class='ocr_par' dir='ltr' id='par_1_87' title="bbox 2247 2198 3750 2277">
     <span class='ocr_line' id='line_1_88' title="bbox 2247 2198 3750 2277; baseline 0.007 -24"><span class='ocrx_word' id='word_1_697' title='bbox 2247 2198 2333 2253; x_wconf 74' lang='grc'><strong>12.</strong></span> <span class='ocrx_word' id='word_1_698' title='bbox 2392 2199 2762 2257; x_wconf 84' lang='lat' dir='ltr'><strong>Crebrescentes</strong></span> <span class='ocrx_word' id='word_1_699' title='bbox 2812 2201 3116 2275; x_wconf 80' lang='lat' dir='ltr'><strong>Pelagianos</strong></span> <span class='ocrx_word' id='word_1_700' title='bbox 3165 2206 3330 2259; x_wconf 82' lang='lat' dir='ltr'><strong>caveri</strong></span> <span class='ocrx_word' id='word_1_701' title='bbox 3371 2208 3537 2277; x_wconf 85' lang='lat' dir='ltr'><strong>jubet.</strong></span> <span class='ocrx_word' id='word_1_702' title='bbox 3593 2207 3750 2264; x_wconf 83' lang='lat' dir='ltr'><strong>Aliud</strong></span> 
     </span>
    </p>
   </div>
   <div class='ocr_carea' id='block_1_88' title="bbox 2174 2289 3750 2365">
    <p class='ocr_par' dir='ltr' id='par_1_88' title="bbox 2174 2289 3750 2365">
     <span class='ocr_line' id='line_1_89' title="bbox 2174 2289 3750 2365; baseline 0.008 -22"><span class='ocrx_word' id='word_1_703' title='bbox 2174 2289 2390 2361; x_wconf 90' lang='lat' dir='ltr'><strong>quidem</strong></span> <span class='ocrx_word' id='word_1_704' title='bbox 2444 2307 2510 2346; x_wconf 80' lang='lat' dir='ltr'><strong>ex</strong></span> <span class='ocrx_word' id='word_1_705' title='bbox 2558 2293 2663 2348; x_wconf 92' lang='lat' dir='ltr'><strong>alio</strong></span> <span class='ocrx_word' id='word_1_706' title='bbox 2714 2302 2769 2349; x_wconf 89' lang='lat' dir='ltr'><strong>et</strong></span> <span class='ocrx_word' id='word_1_707' title='bbox 2816 2309 2914 2365; x_wconf 92' lang='lat' dir='ltr'><strong>per</strong></span> <span class='ocrx_word' id='word_1_708' title='bbox 2941 2296 3274 2352; x_wconf 88' lang='lat' dir='ltr'><strong>occasionem</strong></span> <span class='ocrx_word' id='word_1_709' title='bbox 3316 2296 3548 2354; x_wconf 80' lang='lat' dir='ltr'><strong>diximus</strong></span> <span class='ocrx_word' id='word_1_710' title='bbox 3599 2317 3615 2355; x_wconf 91' lang='lat'><strong>:</strong></span> <span class='ocrx_word' id='word_1_711' title='bbox 3654 2299 3750 2356; x_wconf 85' lang='lat' dir='ltr'><strong>sed</strong></span> 
     </span>
    </p>
   </div>
   <div class='ocr_carea' id='block_1_89' title="bbox 2174 2380 3749 2453">
    <p class='ocr_par' dir='ltr' id='par_1_89' title="bbox 2174 2380 3749 2453">
     <span class='ocr_line' id='line_1_90' title="bbox 2174 2380 3749 2453; baseline 0.008 -19"><span class='ocrx_word' id='word_1_712' title='bbox 2174 2380 2315 2451; x_wconf 88' lang='lat' dir='ltr'><strong>quod</strong></span> <span class='ocrx_word' id='word_1_713' title='bbox 2364 2391 2537 2437; x_wconf 91' lang='lat' dir='ltr'><strong>tamen</strong></span> <span class='ocrx_word' id='word_1_714' title='bbox 2589 2383 2666 2439; x_wconf 91' lang='lat' dir='ltr'><strong>sic</strong></span> <span class='ocrx_word' id='word_1_715' title='bbox 2723 2384 2950 2453; x_wconf 88' lang='lat' dir='ltr'><strong>pertinet</strong></span> <span class='ocrx_word' id='word_1_716' title='bbox 3005 2385 3073 2441; x_wconf 88' lang='lat' dir='ltr'><strong>ad</strong></span> <span class='ocrx_word' id='word_1_717' title='bbox 3114 2386 3235 2441; x_wconf 88' lang='lat' dir='ltr'><strong>ﬁdei</strong></span> <span class='ocrx_word' id='word_1_718' title='bbox 3286 2398 3484 2443; x_wconf 68' lang='lat' dir='ltr'><strong>nostra:</strong></span> <span class='ocrx_word' id='word_1_719' title='bbox 3536 2391 3749 2446; x_wconf 87' lang='lat' dir='ltr'><strong>stabili-</strong></span> 
     </span>
    </p>
   </div>
   <div class='ocr_carea' id='block_1_90' title="bbox 2173 2475 3751 2546">
    <p class='ocr_par' dir='ltr' id='par_1_90' title="bbox 2173 2475 3751 2546">
     <span class='ocr_line' id='line_1_91' title="bbox 2173 2475 3751 2546; baseline 0.007 -20"><span class='ocrx_word' id='word_1_720' title='bbox 2173 2480 2357 2539; x_wconf 89' lang='lat' dir='ltr'><strong>tatem,</strong></span> <span class='ocrx_word' id='word_1_721' title='bbox 2404 2481 2589 2529; x_wconf 89' lang='lat' dir='ltr'><strong>contra</strong></span> <span class='ocrx_word' id='word_1_722' title='bbox 2635 2475 2893 2545; x_wconf 91' lang='lat' dir='ltr'><strong>quosdam</strong></span> <span class='ocrx_word' id='word_1_723' title='bbox 2934 2475 3293 2546; x_wconf 89' lang='lat' dir='ltr'><strong>disputatores</strong></span> <span class='ocrx_word' id='word_1_724' title='bbox 3335 2479 3475 2533; x_wconf 90' lang='lat' dir='ltr'><strong>male</strong></span> <span class='ocrx_word' id='word_1_725' title='bbox 3529 2480 3751 2537; x_wconf 84' lang='lat' dir='ltr'><strong>crebre-</strong></span> 
     </span>
    </p>
   </div>
   <div class='ocr_carea' id='block_1_91' title="bbox 2175 2565 3750 2640">
    <p class='ocr_par' dir='ltr' id='par_1_91' title="bbox 2175 2565 3750 2640">
     <span class='ocr_line' id='line_1_92' title="bbox 2175 2565 3750 2640; baseline 0.01 -21"><span class='ocrx_word' id='word_1_726' title='bbox 2175 2575 2405 2621; x_wconf 89' lang='lat' dir='ltr'><strong>scentes.</strong></span> <span class='ocrx_word' id='word_1_727' title='bbox 2436 2565 2541 2622; x_wconf 90' lang='lat' dir='ltr'><strong>Sed</strong></span> <span class='ocrx_word' id='word_1_728' title='bbox 2590 2583 2695 2624; x_wconf 92' lang='lat' dir='ltr'><strong>non</strong></span> <span class='ocrx_word' id='word_1_729' title='bbox 2740 2568 2952 2624; x_wconf 87' lang='lat' dir='ltr'><strong>vincant</strong></span> <span class='ocrx_word' id='word_1_730' title='bbox 2990 2571 3297 2640; x_wconf 88' lang='lat' dir='ltr'><strong>patientiam</strong></span> <span class='ocrx_word' id='word_1_731' title='bbox 3322 2581 3560 2629; x_wconf 83' lang='lat' dir='ltr'><strong>nostram</strong></span> <span class='ocrx_word' id='word_1_732' title='bbox 3594 2592 3609 2628; x_wconf 90' lang='lat'><strong>:</strong></span> <span class='ocrx_word' id='word_1_733' title='bbox 3650 2590 3750 2635; x_wconf 85' lang='lat' dir='ltr'><strong>nec</strong></span> 
     </span>
    </p>
   </div>
   <div class='ocr_carea' id='block_1_92' title="bbox 2174 2658 3746 2721">
    <p class='ocr_par' dir='ltr' id='par_1_92' title="bbox 2174 2658 3746 2721">
     <span class='ocr_line' id='line_1_93' title="bbox 2174 2658 3746 2721; baseline 0.007 -10"><span class='ocrx_word' id='word_1_734' title='bbox 2174 2664 2351 2712; x_wconf 89' lang='lat' dir='ltr'><strong>tamen</strong></span> <span class='ocrx_word' id='word_1_735' title='bbox 2405 2667 2647 2714; x_wconf 88' lang='lat' dir='ltr'><strong>evertant</strong></span> <span class='ocrx_word' id='word_1_736' title='bbox 2700 2658 2859 2715; x_wconf 89' lang='lat' dir='ltr'><strong>ﬁdem</strong></span> <span class='ocrx_word' id='word_1_737' title='bbox 2904 2670 3161 2716; x_wconf 91' lang='lat' dir='ltr'><strong>nostram.</strong></span> <span class='ocrx_word' id='word_1_738' title='bbox 3210 2662 3362 2718; x_wconf 88' lang='lat' dir='ltr'><strong>Cauti</strong></span> <span class='ocrx_word' id='word_1_739' title='bbox 3405 2672 3462 2719; x_wconf 89' lang='lat' dir='ltr'><strong>et</strong></span> <span class='ocrx_word' id='word_1_740' title='bbox 3511 2665 3746 2721; x_wconf 86' lang='lat' dir='ltr'><strong>circum-</strong></span> 
     </span>
    </p>
   </div>
   <div class='ocr_carea' id='block_1_93' title="bbox 2173 2747 3747 2823">
    <p class='ocr_par' dir='ltr' id='par_1_93' title="bbox 2173 2747 3747 2823">
     <span class='ocr_line' id='line_1_94' title="bbox 2173 2747 3747 2823; baseline 0.005 -20"><span class='ocrx_word' id='word_1_741' title='bbox 2173 2747 2341 2818; x_wconf 88' lang='lat' dir='ltr'><strong>specti</strong></span> <span class='ocrx_word' id='word_1_742' title='bbox 2388 2748 2555 2803; x_wconf 87' lang='lat' dir='ltr'><strong>simus</strong></span> <span class='ocrx_word' id='word_1_743' title='bbox 2581 2748 2834 2806; x_wconf 91' lang='lat' dir='ltr'><strong>adversus</strong></span> <span class='ocrx_word' id='word_1_744' title='bbox 2862 2753 3124 2807; x_wconf 88' lang='lat' dir='ltr'><strong>novitates</strong></span> <span class='ocrx_word' id='word_1_745' title='bbox 3162 2752 3614 2823; x_wconf 89' lang='lat' dir='ltr'><strong>disputationum,</strong></span> <span class='ocrx_word' id='word_1_746' title='bbox 3646 2758 3747 2812; x_wconf 86' lang='lat' dir='ltr'><strong>hu-</strong></span> 
     </span>
    </p>
   </div>
   <div class='ocr_carea' id='block_1_94' title="bbox 2173 2838 3742 2914">
    <p class='ocr_par' dir='ltr' id='par_1_94' title="bbox 2173 2838 3742 2914">
     <span class='ocr_line' id='line_1_95' title="bbox 2173 2838 3742 2914; baseline 0.005 -19"><span class='ocrx_word' id='word_1_747' title='bbox 2173 2853 2448 2895; x_wconf 90' lang='lat' dir='ltr'><strong>manarum</strong></span> <span class='ocrx_word' id='word_1_748' title='bbox 2490 2838 2688 2910; x_wconf 88' lang='lat' dir='ltr'><strong>utique,</strong></span> <span class='ocrx_word' id='word_1_749' title='bbox 2733 2855 2838 2895; x_wconf 92' lang='lat' dir='ltr'><strong>non</strong></span> <span class='ocrx_word' id='word_1_750' title='bbox 2876 2841 3195 2897; x_wconf 89' lang='lat' dir='ltr'><strong>divinarum.</strong></span> <span class='ocrx_word' id='word_1_751' title='bbox 3240 2844 3622 2914; x_wconf 85' lang='lat' dir='ltr'><strong>Apostolorum</strong></span> <span class='ocrx_word' id='word_1_752' title='bbox 3652 2863 3742 2902; x_wconf 89' lang='lat' dir='ltr'><strong>so-</strong></span> 
     </span>
    </p>
   </div>
   <div class='ocr_carea' id='block_1_95' title="bbox 2174 2931 3745 3004">
    <p class='ocr_par' dir='ltr' id='par_1_95' title="bbox 2174 2931 3745 3004">
     <span class='ocr_line' id='line_1_96' title="bbox 2174 2931 3745 3004; baseline 0.005 -16"><span class='ocrx_word' id='word_1_753' title='bbox 2174 2931 2500 2988; x_wconf 90' lang='lat' dir='ltr'><strong>lemnitatem</strong></span> <span class='ocrx_word' id='word_1_754' title='bbox 2525 2931 2685 2988; x_wconf 89' lang='lat' dir='ltr'><strong>hodie</strong></span> <span class='ocrx_word' id='word_1_755' title='bbox 2712 2932 3064 3002; x_wconf 89' lang='lat' dir='ltr'><strong>celebramus,</strong></span> <span class='ocrx_word' id='word_1_756' title='bbox 3096 2936 3407 3004; x_wconf 82' lang='lat' dir='ltr'><strong>Apostolum</strong></span> <span class='ocrx_word' id='word_1_757' title='bbox 3434 2949 3745 2996; x_wconf 90' lang='lat' dir='ltr'><strong>monentem</strong></span> 
     </span>
    </p>
   </div>
   <div class='ocr_carea' id='block_1_96' title="bbox 2173 3021 3749 3105">
    <p class='ocr_par' dir='ltr' id='par_1_96' title="bbox 2173 3021 3749 3105">
     <span class='ocr_line' id='line_1_97' title="bbox 2173 3021 3749 3105; baseline 0.006 -29"><span class='ocrx_word' id='word_1_758' title='bbox 2173 3022 2451 3078; x_wconf 91' lang='lat' dir='ltr'><strong>audiamus</strong></span> <span class='ocrx_word' id='word_1_759' title='bbox 2495 3040 2510 3077; x_wconf 91' lang='lat'><strong>:</strong></span> <span class='ocrx_word' id='word_1_760' title='bbox 2543 3021 2801 3092; x_wconf 78' lang='lat' dir='ltr'><strong>Profanas</strong></span> <span class='ocrx_word' id='word_1_761' title='bbox 2842 3040 3021 3079; x_wconf 85' lang='lat' dir='ltr'><strong>vocum</strong></span> <span class='ocrx_word' id='word_1_762' title='bbox 3055 3027 3297 3082; x_wconf 72' lang='lat' dir='ltr'><strong>novitates</strong></span> <span class='ocrx_word' id='word_1_763' title='bbox 3318 3029 3488 3105; x_wconf 81' lang='lat' dir='ltr'><strong>evita;</strong></span> <span class='ocrx_word' id='word_1_764' title='bbox 3533 3032 3749 3085; x_wconf 77' lang='lat' dir='ltr'><strong>multum</strong></span> 
     </span>
    </p>
   </div>
   <div class='ocr_carea' id='block_1_97' title="bbox 2173 3114 3746 3187">
    <p class='ocr_par' dir='ltr' id='par_1_97' title="bbox 2173 3114 3746 3187">
     <span class='ocr_line' id='line_1_98' title="bbox 2173 3114 3746 3187; baseline 0.004 -17"><span class='ocrx_word' id='word_1_765' title='bbox 2173 3114 2305 3170; x_wconf 85' lang='lat' dir='ltr'><strong>enim</strong></span> <span class='ocrx_word' id='word_1_766' title='bbox 2333 3114 2603 3184; x_wconf 77' lang='lat' dir='ltr'><strong>proﬁciunt</strong></span> <span class='ocrx_word' id='word_1_767' title='bbox 2627 3115 2696 3169; x_wconf 87' lang='lat' dir='ltr'><strong>ad</strong></span> <span class='ocrx_word' id='word_1_768' title='bbox 2723 3115 3023 3185; x_wconf 82' lang='lat' dir='ltr'><strong>impietatem</strong></span> <span class='ocrx_word' id='word_1_769' title='bbox 3039 3117 3084 3187; x_wconf 90' lang='grc' dir='ltr'><strong>(ι</strong></span> <span class='ocrx_word' id='word_1_770' title='bbox 3107 3115 3243 3171; x_wconf 86' lang='lat' dir='ltr'><strong>Tim.</strong></span> <span class='ocrx_word' id='word_1_771' title='bbox 3263 3134 3337 3185; x_wconf 74' lang='grc' dir='ltr'><strong>γι,</strong></span> <span class='ocrx_word' id='word_1_772' title='bbox 3361 3119 3452 3186; x_wconf 74' lang='lat'><strong>20,</strong></span> <span class='ocrx_word' id='word_1_773' title='bbox 3474 3130 3525 3176; x_wconf 86' lang='lat' dir='ltr'><strong>et</strong></span> <span class='ocrx_word' id='word_1_774' title='bbox 3543 3120 3590 3175; x_wconf 88' lang='lat' dir='ltr'><strong>ll</strong></span> <span class='ocrx_word' id='word_1_775' title='bbox 3615 3121 3746 3177; x_wconf 89' lang='lat' dir='ltr'><strong>Tim.</strong></span> 
     </span>
    </p>
   </div>
   <div class='ocr_carea' id='block_1_98' title="bbox 2176 3205 3747 3283">
    <p class='ocr_par' dir='ltr' id='par_1_98' title="bbox 2176 3205 3747 3283">
     <span class='ocr_line' id='line_1_99' title="bbox 2176 3205 3747 3283; baseline 0.005 -21"><span class='ocrx_word' id='word_1_776' title='bbox 2176 3222 2235 3274; x_wconf 83' lang='lat' dir='ltr'><strong>tt,</strong></span> <span class='ocrx_word' id='word_1_777' title='bbox 2262 3205 2374 3279; x_wconf 87' lang='grc'><strong>16).</strong></span> <span class='ocrx_word' id='word_1_778' title='bbox 2428 3205 2671 3262; x_wconf 86' lang='lat' dir='ltr'><strong>Volumus</strong></span> <span class='ocrx_word' id='word_1_779' title='bbox 2715 3218 2883 3262; x_wconf 85' lang='lat' dir='ltr'><strong>autem</strong></span> <span class='ocrx_word' id='word_1_780' title='bbox 2930 3225 3017 3264; x_wconf 87' lang='lat' dir='ltr'><strong>vos</strong></span> <span class='ocrx_word' id='word_1_781' title='bbox 3043 3210 3292 3279; x_wconf 82' lang='lat' dir='ltr'><strong>sapientes</strong></span> <span class='ocrx_word' id='word_1_782' title='bbox 3315 3212 3519 3283; x_wconf 81' lang='lat' dir='ltr'><strong>quidem</strong></span> <span class='ocrx_word' id='word_1_783' title='bbox 3547 3231 3655 3269; x_wconf 83' lang='lat' dir='ltr'><strong>esse</strong></span> <span class='ocrx_word' id='word_1_784' title='bbox 3697 3216 3747 3270; x_wconf 78' lang='lat' dir='ltr'><strong>in</strong></span> 
     </span>
    </p>
   </div>
   <div class='ocr_carea' id='block_1_99' title="bbox 2176 3301 3746 3379">
    <p class='ocr_par' dir='ltr' id='par_1_99' title="bbox 2176 3301 3746 3379">
     <span class='ocr_line' id='line_1_100' title="bbox 2176 3301 3746 3379; baseline 0.005 -23"><span class='ocrx_word' id='word_1_785' title='bbox 2176 3301 2326 3369; x_wconf 89' lang='lat' dir='ltr'><strong>bono,</strong></span> <span class='ocrx_word' id='word_1_786' title='bbox 2348 3301 2568 3374; x_wconf 83' lang='lat' dir='ltr'><strong>integros</strong></span> <span class='ocrx_word' id='word_1_787' title='bbox 2595 3311 2763 3357; x_wconf 83' lang='lat' dir='ltr'><strong>autem</strong></span> <span class='ocrx_word' id='word_1_788' title='bbox 2791 3320 2824 3358; x_wconf 91' lang='lat' dir='ltr'><strong>a</strong></span> <span class='ocrx_word' id='word_1_789' title='bbox 2852 3303 2985 3359; x_wconf 89' lang='lat' dir='ltr'><strong>malo</strong></span> <span class='ocrx_word' id='word_1_790' title='bbox 3012 3302 3187 3375; x_wconf 84' lang='lat' dir='ltr'><strong>(Rom.</strong></span> <span class='ocrx_word' id='word_1_791' title='bbox 3219 3320 3332 3373; x_wconf 76' lang='lat' dir='ltr'><strong>xw,</strong></span> <span class='ocrx_word' id='word_1_792' title='bbox 3354 3304 3468 3379; x_wconf 85' lang='grc'><strong>19).</strong></span> <span class='ocrx_word' id='word_1_793' title='bbox 3509 3305 3746 3364; x_wconf 77' lang='lat' dir='ltr'><strong>Mortuus</strong></span> 
     </span>
    </p>
   </div>
   <div class='ocr_carea' id='block_1_100' title="bbox 2173 3393 3746 3464">
    <p class='ocr_par' dir='ltr' id='par_1_100' title="bbox 2173 3393 3746 3464">
     <span class='ocr_line' id='line_1_101' title="bbox 2173 3393 3746 3464; baseline 0.004 -16"><span class='ocrx_word' id='word_1_794' title='bbox 2173 3400 2257 3449; x_wconf 87' lang='lat' dir='ltr'><strong>est</strong></span> <span class='ocrx_word' id='word_1_795' title='bbox 2294 3393 2485 3461; x_wconf 87' lang='lat' dir='ltr'><strong>Adam,</strong></span> <span class='ocrx_word' id='word_1_796' title='bbox 2530 3393 2624 3450; x_wconf 90' lang='lat' dir='ltr'><strong>sed</strong></span> <span class='ocrx_word' id='word_1_797' title='bbox 2672 3409 2897 3464; x_wconf 89' lang='lat' dir='ltr'><strong>serpens</strong></span> <span class='ocrx_word' id='word_1_798' title='bbox 2939 3396 3028 3451; x_wconf 90' lang='lat' dir='ltr'><strong>ille</strong></span> <span class='ocrx_word' id='word_1_799' title='bbox 3075 3396 3313 3452; x_wconf 91' lang='lat' dir='ltr'><strong>nondum</strong></span> <span class='ocrx_word' id='word_1_800' title='bbox 3357 3408 3441 3453; x_wconf 90' lang='lat' dir='ltr'><strong>est</strong></span> <span class='ocrx_word' id='word_1_801' title='bbox 3483 3408 3746 3455; x_wconf 90' lang='lat' dir='ltr'><strong>mortuus.</strong></span> 
     </span>
    </p>
   </div>
   <div class='ocr_carea' id='block_1_101' title="bbox 2173 3487 3747 3555">
    <p class='ocr_par' dir='ltr' id='par_1_101' title="bbox 2173 3487 3747 3555">
     <span class='ocr_line' id='line_1_102' title="bbox 2173 3487 3747 3555; baseline 0.002 -10"><span class='ocrx_word' id='word_1_802' title='bbox 2173 3487 2445 3555; x_wconf 86' lang='lat' dir='ltr'><strong>Susurrat,</strong></span> <span class='ocrx_word' id='word_1_803' title='bbox 2498 3496 2554 3544; x_wconf 89' lang='lat' dir='ltr'><strong>et</strong></span> <span class='ocrx_word' id='word_1_804' title='bbox 2600 3487 2874 3544; x_wconf 86' lang='lat' dir='ltr'><strong>insibilare</strong></span> <span class='ocrx_word' id='word_1_805' title='bbox 2928 3504 3035 3545; x_wconf 93' lang='lat' dir='ltr'><strong>non</strong></span> <span class='ocrx_word' id='word_1_806' title='bbox 3085 3499 3279 3546; x_wconf 89' lang='lat' dir='ltr'><strong>cessat.</strong></span> <span class='ocrx_word' id='word_1_807' title='bbox 3332 3490 3649 3547; x_wconf 74' lang='lat' dir='ltr'><strong>Extremum</strong></span> <span class='ocrx_word' id='word_1_808' title='bbox 3677 3492 3747 3549; x_wconf 85' lang='lat' dir='ltr'><strong>illi</strong></span> 
     </span>
    </p>
   </div>
   <div class='ocr_carea' id='block_1_102' title="bbox 2174 3578 3749 3649">
    <p class='ocr_par' dir='ltr' id='par_1_102' title="bbox 2174 3578 3749 3649">
     <span class='ocr_line' id='line_1_103' title="bbox 2174 3578 3749 3649; baseline 0.003 -17"><span class='ocrx_word' id='word_1_809' title='bbox 2174 3578 2493 3649; x_wconf 88' lang='lat' dir='ltr'><strong>supplicium</strong></span> <span class='ocrx_word' id='word_1_810' title='bbox 2526 3588 2830 3634; x_wconf 86' lang='lat' dir='ltr'><strong>reservatur</strong></span> <span class='ocrx_word' id='word_1_811' title='bbox 2861 3596 2876 3635; x_wconf 91' lang='lat'><strong>:</strong></span> <span class='ocrx_word' id='word_1_812' title='bbox 2904 3578 2999 3635; x_wconf 87' lang='lat' dir='ltr'><strong>sed</strong></span> <span class='ocrx_word' id='word_1_813' title='bbox 3024 3580 3247 3635; x_wconf 87' lang='lat' dir='ltr'><strong>comites</strong></span> <span class='ocrx_word' id='word_1_814' title='bbox 3292 3594 3404 3636; x_wconf 68' lang='lat' dir='ltr'><strong>sua:</strong></span> <span class='ocrx_word' id='word_1_815' title='bbox 3445 3581 3749 3637; x_wconf 88' lang='lat' dir='ltr'><strong>damnatio-</strong></span> 
     </span>
    </p>
   </div>
   <div class='ocr_carea' id='block_1_103' title="bbox 2174 3669 3748 3740">
    <p class='ocr_par' dir='ltr' id='par_1_103' title="bbox 2174 3669 3748 3740">
     <span class='ocr_line' id='line_1_104' title="bbox 2174 3669 3748 3740; baseline 0.003 -17"><span class='ocrx_word' id='word_1_816' title='bbox 2174 3669 2258 3724; x_wconf 88' lang='lat' dir='ltr'><strong>nis</strong></span> <span class='ocrx_word' id='word_1_817' title='bbox 2309 3669 2547 3738; x_wconf 89' lang='lat' dir='ltr'><strong>inquirit.</strong></span> <span class='ocrx_word' id='word_1_818' title='bbox 2601 3669 2893 3724; x_wconf 85' lang='lat' dir='ltr'><strong>Audiamus</strong></span> <span class='ocrx_word' id='word_1_819' title='bbox 2934 3670 3165 3727; x_wconf 88' lang='lat' dir='ltr'><strong>amicutn</strong></span> <span class='ocrx_word' id='word_1_820' title='bbox 3213 3670 3434 3740; x_wconf 88' lang='lat' dir='ltr'><strong>sponsi,</strong></span> <span class='ocrx_word' id='word_1_821' title='bbox 3485 3670 3748 3727; x_wconf 83' lang='lat' dir='ltr'><strong>zelantem</strong></span> 
     </span>
    </p>
   </div>
   <div class='ocr_carea' id='block_1_104' title="bbox 2174 3759 3749 3833">
    <p class='ocr_par' dir='ltr' id='par_1_104' title="bbox 2174 3759 3749 3833">
     <span class='ocr_line' id='line_1_105' title="bbox 2174 3759 3749 3833; baseline 0.002 -17"><span class='ocrx_word' id='word_1_822' title='bbox 2174 3774 2371 3830; x_wconf 90' lang='lat' dir='ltr'><strong>sponso</strong></span> <span class='ocrx_word' id='word_1_823' title='bbox 2414 3773 2522 3814; x_wconf 90' lang='lat' dir='ltr'><strong>non</strong></span> <span class='ocrx_word' id='word_1_824' title='bbox 2548 3759 2650 3816; x_wconf 90' lang='lat' dir='ltr'><strong>sibi</strong></span> <span class='ocrx_word' id='word_1_825' title='bbox 2684 3759 2845 3815; x_wconf 86' lang='lat' dir='ltr'><strong>:Zelo</strong></span> <span class='ocrx_word' id='word_1_826' title='bbox 2873 3761 3006 3815; x_wconf 83' lang='lat' dir='ltr'><strong>enim</strong></span> <span class='ocrx_word' id='word_1_827' title='bbox 3038 3775 3124 3815; x_wconf 86' lang='lat' dir='ltr'><strong>vos</strong></span> <span class='ocrx_word' id='word_1_828' title='bbox 3149 3761 3259 3816; x_wconf 79' lang='lat' dir='ltr'><strong>zelo</strong></span> <span class='ocrx_word' id='word_1_829' title='bbox 3304 3760 3431 3826; x_wconf 86' lang='lat' dir='ltr'><strong>Dei;</strong></span> <span class='ocrx_word' id='word_1_830' title='bbox 3457 3764 3632 3833; x_wconf 82' lang='lat' dir='ltr'><strong>aptavi</strong></span> <span class='ocrx_word' id='word_1_831' title='bbox 3668 3779 3749 3819; x_wconf 77' lang='lat' dir='ltr'><strong>vos</strong></span> 
     </span>
    </p>
   </div>
   <div class='ocr_carea' id='block_1_105' title="bbox 2173 3852 3747 3925">
    <p class='ocr_par' dir='ltr' id='par_1_105' title="bbox 2173 3852 3747 3925">
     <span class='ocr_line' id='line_1_106' title="bbox 2173 3852 3747 3925; baseline 0.004 -20"><span class='ocrx_word' id='word_1_832' title='bbox 2173 3852 2261 3906; x_wconf 88' lang='lat' dir='ltr'><strong>uni</strong></span> <span class='ocrx_word' id='word_1_833' title='bbox 2287 3852 2393 3906; x_wconf 87' lang='lat' dir='ltr'><strong>viro</strong></span> <span class='ocrx_word' id='word_1_834' title='bbox 2424 3852 2667 3922; x_wconf 85' lang='lat' dir='ltr'><strong>virginem</strong></span> <span class='ocrx_word' id='word_1_835' title='bbox 2691 3862 2881 3906; x_wconf 89' lang='lat' dir='ltr'><strong>castam</strong></span> <span class='ocrx_word' id='word_1_836' title='bbox 2923 3852 3155 3908; x_wconf 66' lang='lat' dir='ltr'><strong>exhibere</strong></span> <span class='ocrx_word' id='word_1_837' title='bbox 3195 3852 3411 3908; x_wconf 75' lang='lat' dir='ltr'><strong>Christo.</strong></span> <span class='ocrx_word' id='word_1_838' title='bbox 3458 3853 3531 3908; x_wconf 84' lang='lat' dir='ltr'><strong>Et</strong></span> <span class='ocrx_word' id='word_1_839' title='bbox 3576 3856 3747 3925; x_wconf 81' lang='lat' dir='ltr'><strong>timeo,</strong></span> 
     </span>
    </p>
   </div>
   <div class='ocr_carea' id='block_1_106' title="bbox 2173 3942 3748 4015">
    <p class='ocr_par' dir='ltr' id='par_1_106' title="bbox 2173 3942 3748 4015">
     <span class='ocr_line' id='line_1_107' title="bbox 2173 3942 3748 4015; baseline 0.003 -16"><span class='ocrx_word' id='word_1_840' title='bbox 2173 3944 2363 4015; x_wconf 89' lang='lat' dir='ltr'><strong>inquit,</strong></span> <span class='ocrx_word' id='word_1_841' title='bbox 2405 3961 2467 4000; x_wconf 88' lang='lat' dir='ltr'><strong>ne</strong></span> <span class='ocrx_word' id='word_1_842' title='bbox 2492 3946 2623 3998; x_wconf 85' lang='lat' dir='ltr'><strong>sicut</strong></span> <span class='ocrx_word' id='word_1_843' title='bbox 2659 3960 2861 4014; x_wconf 84' lang='lat' dir='ltr'><strong>serpens</strong></span> <span class='ocrx_word' id='word_1_844' title='bbox 2884 3942 3048 3999; x_wconf 82' lang='lat' dir='ltr'><strong>Evam</strong></span> <span class='ocrx_word' id='word_1_845' title='bbox 3075 3945 3272 4000; x_wconf 71' lang='lat' dir='ltr'><strong>seduxit</strong></span> <span class='ocrx_word' id='word_1_846' title='bbox 3296 3948 3485 4001; x_wconf 82' lang='lat' dir='ltr'><strong>astutia</strong></span> <span class='ocrx_word' id='word_1_847' title='bbox 3521 3964 3639 4015; x_wconf 81' lang='lat' dir='ltr'><strong>sua,</strong></span> <span class='ocrx_word' id='word_1_848' title='bbox 3677 3951 3748 4004; x_wconf 83' lang='lat' dir='ltr'><strong>sic</strong></span> 
     </span>
    </p>
   </div>
   <div class='ocr_carea' id='block_1_107' title="bbox 2172 4037 3745 4107">
    <p class='ocr_par' dir='ltr' id='par_1_107' title="bbox 2172 4037 3745 4107">
     <span class='ocr_line' id='line_1_108' title="bbox 2172 4037 3745 4107; baseline 0.003 -18"><span class='ocrx_word' id='word_1_849' title='bbox 2172 4044 2221 4090; x_wconf 84' lang='lat' dir='ltr'><strong>et</strong></span> <span class='ocrx_word' id='word_1_850' title='bbox 2246 4045 2423 4089; x_wconf 75' lang='lat' dir='ltr'><strong>vestra:</strong></span> <span class='ocrx_word' id='word_1_851' title='bbox 2466 4044 2653 4089; x_wconf 86' lang='lat' dir='ltr'><strong>mentes</strong></span> <span class='ocrx_word' id='word_1_852' title='bbox 2680 4045 3067 4104; x_wconf 87' lang='lat' dir='ltr'><strong>corrumpantur</strong></span> <span class='ocrx_word' id='word_1_853' title='bbox 3106 4051 3139 4088; x_wconf 87' lang='lat' dir='ltr'><strong>a</strong></span> <span class='ocrx_word' id='word_1_854' title='bbox 3181 4037 3427 4102; x_wconf 83' lang='lat' dir='ltr'><strong>castitate,</strong></span> <span class='ocrx_word' id='word_1_855' title='bbox 3458 4052 3573 4107; x_wconf 66' lang='lat' dir='ltr'><strong>qua</strong></span> <span class='ocrx_word' id='word_1_856' title='bbox 3598 4048 3672 4093; x_wconf 82' lang='lat' dir='ltr'><strong>est</strong></span> <span class='ocrx_word' id='word_1_857' title='bbox 3694 4039 3745 4092; x_wconf 79' lang='lat' dir='ltr'><strong>in</strong></span> 
     </span>
    </p>
   </div>
   <div class='ocr_carea' id='block_1_108' title="bbox 2174 4123 3750 4198">
    <p class='ocr_par' dir='ltr' id='par_1_108' title="bbox 2174 4123 3750 4198">
     <span class='ocr_line' id='line_1_109' title="bbox 2174 4123 3750 4198; baseline 0.003 -16"><span class='ocrx_word' id='word_1_858' title='bbox 2174 4124 2391 4182; x_wconf 77' lang='lat' dir='ltr'><strong>Christo.</strong></span> <span class='ocrx_word' id='word_1_859' title='bbox 2423 4125 2488 4197; x_wconf 94' lang='lat' dir='ltr'><strong>(ll</strong></span> <span class='ocrx_word' id='word_1_860' title='bbox 2513 4126 2631 4182; x_wconf 87' lang='lat' dir='ltr'><strong>Cor.</strong></span> <span class='ocrx_word' id='word_1_861' title='bbox 2663 4143 2735 4194; x_wconf 79' lang='lat' dir='ltr'><strong>xl,</strong></span> <span class='ocrx_word' id='word_1_862' title='bbox 2763 4126 2819 4194; x_wconf 78' lang='lat'><strong>2,</strong></span> <span class='ocrx_word' id='word_1_863' title='bbox 2846 4123 2923 4198; x_wconf 78' lang='grc'><strong>5).</strong></span> <span class='ocrx_word' id='word_1_864' title='bbox 2942 4126 3114 4182; x_wconf 85' lang='lat' dir='ltr'><strong>Verba</strong></span> <span class='ocrx_word' id='word_1_865' title='bbox 3140 4128 3433 4197; x_wconf 89' lang='lat' dir='ltr'><strong>apostolica</strong></span> <span class='ocrx_word' id='word_1_866' title='bbox 3457 4144 3649 4186; x_wconf 89' lang='lat' dir='ltr'><strong>omnes</strong></span> <span class='ocrx_word' id='word_1_867' title='bbox 3665 4145 3750 4187; x_wconf 85' lang='lat' dir='ltr'><strong>au-</strong></span> 
     </span>
    </p>
   </div>
   <div class='ocr_carea' id='block_1_109' title="bbox 2174 4217 3744 4288">
    <p class='ocr_par' dir='ltr' id='par_1_109' title="bbox 2174 4217 3744 4288">
     <span class='ocr_line' id='line_1_110' title="bbox 2174 4217 3744 4288; baseline 0.002 -14"><span class='ocrx_word' id='word_1_868' title='bbox 2174 4217 2423 4283; x_wconf 88' lang='lat' dir='ltr'><strong>divimus,</strong></span> <span class='ocrx_word' id='word_1_869' title='bbox 2447 4232 2633 4274; x_wconf 89' lang='lat' dir='ltr'><strong>omnes</strong></span> <span class='ocrx_word' id='word_1_870' title='bbox 2653 4218 3017 4281; x_wconf 88' lang='lat' dir='ltr'><strong>observemus,</strong></span> <span class='ocrx_word' id='word_1_871' title='bbox 3039 4232 3226 4274; x_wconf 89' lang='lat' dir='ltr'><strong>omnes</strong></span> <span class='ocrx_word' id='word_1_872' title='bbox 3248 4221 3513 4288; x_wconf 89' lang='lat' dir='ltr'><strong>serpentis</strong></span> <span class='ocrx_word' id='word_1_873' title='bbox 3540 4236 3744 4277; x_wconf 84' lang='lat' dir='ltr'><strong>venena</strong></span> 
     </span>
    </p>
   </div>
   <div class='ocr_carea' id='block_1_110' title="bbox 2173 4305 3747 4377">
    <p class='ocr_par' dir='ltr' id='par_1_110' title="bbox 2173 4305 3747 4377">
     <span class='ocr_line' id='line_1_111' title="bbox 2173 4305 3747 4377; baseline 0.003 -14"><span class='ocrx_word' id='word_1_874' title='bbox 2173 4322 2474 4363; x_wconf 85' lang='lat' dir='ltr'><strong>caveamus.</strong></span> <span class='ocrx_word' id='word_1_875' title='bbox 2502 4305 2621 4363; x_wconf 86' lang='lat' dir='ltr'><strong>Non</strong></span> <span class='ocrx_word' id='word_1_876' title='bbox 2660 4307 2801 4363; x_wconf 91' lang='lat' dir='ltr'><strong>enim</strong></span> <span class='ocrx_word' id='word_1_877' title='bbox 2846 4322 3127 4377; x_wconf 88' lang='lat' dir='ltr'><strong>possumus</strong></span> <span class='ocrx_word' id='word_1_878' title='bbox 3151 4307 3349 4375; x_wconf 91' lang='lat' dir='ltr'><strong>dicere,</strong></span> <span class='ocrx_word' id='word_1_879' title='bbox 3378 4308 3495 4365; x_wconf 86' lang='lat' dir='ltr'><strong>Non</strong></span> <span class='ocrx_word' id='word_1_880' title='bbox 3537 4312 3747 4367; x_wconf 88' lang='lat' dir='ltr'><strong>audivi-</strong></span> 
     </span>
    </p>
   </div>
   <div class='ocr_carea' id='block_1_111' title="bbox 2174 4396 3748 4468">
    <p class='ocr_par' dir='ltr' id='par_1_111' title="bbox 2174 4396 3748 4468">
     <span class='ocr_line' id='line_1_112' title="bbox 2174 4396 3748 4468; baseline 0.003 -15"><span class='ocrx_word' id='word_1_881' title='bbox 2174 4413 2331 4465; x_wconf 90' lang='lat' dir='ltr'><strong>mus,</strong></span> <span class='ocrx_word' id='word_1_882' title='bbox 2366 4412 2473 4453; x_wconf 94' lang='lat' dir='ltr'><strong>non</strong></span> <span class='ocrx_word' id='word_1_883' title='bbox 2502 4401 2763 4464; x_wconf 80' lang='lat' dir='ltr'><strong>novimus,</strong></span> <span class='ocrx_word' id='word_1_884' title='bbox 2817 4396 3029 4468; x_wconf 88' lang='lat' dir='ltr'><strong>quando</strong></span> <span class='ocrx_word' id='word_1_885' title='bbox 3081 4397 3238 4454; x_wconf 90' lang='lat' dir='ltr'><strong>modo</strong></span> <span class='ocrx_word' id='word_1_886' title='bbox 3278 4401 3642 4467; x_wconf 89' lang='lat' dir='ltr'><strong>cantavimus,</strong></span> <span class='ocrx_word' id='word_1_887' title='bbox 3680 4402 3748 4457; x_wconf 82' lang='lat' dir='ltr'><strong>In</strong></span> 
     </span>
    </p>
   </div>
   <div class='ocr_carea' id='block_1_112' title="bbox 2173 4488 3747 4561">
    <p class='ocr_par' dir='ltr' id='par_1_112' title="bbox 2173 4488 3747 4561">
     <span class='ocr_line' id='line_1_113' title="bbox 2173 4488 3747 4561; baseline 0.003 -17"><span class='ocrx_word' id='word_1_888' title='bbox 2173 4505 2371 4544; x_wconf 85' lang='lat' dir='ltr'><strong>omnem</strong></span> <span class='ocrx_word' id='word_1_889' title='bbox 2394 4497 2579 4542; x_wconf 87' lang='lat' dir='ltr'><strong>terram</strong></span> <span class='ocrx_word' id='word_1_890' title='bbox 2620 4488 2768 4543; x_wconf 73' lang='lat' dir='ltr'><strong>exivit</strong></span> <span class='ocrx_word' id='word_1_891' title='bbox 2818 4505 2970 4543; x_wconf 83' lang='lat' dir='ltr'><strong>sonus</strong></span> <span class='ocrx_word' id='word_1_892' title='bbox 3016 4488 3227 4556; x_wconf 76' lang='lat' dir='ltr'><strong>eorum,</strong></span> <span class='ocrx_word' id='word_1_893' title='bbox 3249 4499 3297 4543; x_wconf 86' lang='lat' dir='ltr'><strong>et</strong></span> <span class='ocrx_word' id='word_1_894' title='bbox 3345 4490 3398 4543; x_wconf 89' lang='lat' dir='ltr'><strong>in</strong></span> <span class='ocrx_word' id='word_1_895' title='bbox 3440 4492 3570 4561; x_wconf 79' lang='lat' dir='ltr'><strong>fines</strong></span> <span class='ocrx_word' id='word_1_896' title='bbox 3617 4493 3747 4548; x_wconf 83' lang='lat' dir='ltr'><strong>orbis</strong></span> 
     </span>
    </p>
   </div>
   <div class='ocr_carea' id='block_1_113' title="bbox 2176 4577 3745 4650">
    <p class='ocr_par' dir='ltr' id='par_1_113' title="bbox 2176 4577 3745 4650">
     <span class='ocr_line' id='line_1_114' title="bbox 2176 4577 3745 4650; baseline 0.004 -16"><span class='ocrx_word' id='word_1_897' title='bbox 2176 4588 2324 4634; x_wconf 77' lang='lat' dir='ltr'><strong>terra:</strong></span> <span class='ocrx_word' id='word_1_898' title='bbox 2347 4579 2495 4633; x_wconf 90' lang='lat' dir='ltr'><strong>verba</strong></span> <span class='ocrx_word' id='word_1_899' title='bbox 2518 4594 2691 4633; x_wconf 89' lang='lat' dir='ltr'><strong>eorum</strong></span> <span class='ocrx_word' id='word_1_900' title='bbox 2723 4577 2891 4650; x_wconf 84' lang='lat' dir='ltr'><strong>(Psal.</strong></span> <span class='ocrx_word' id='word_1_901' title='bbox 2922 4594 3071 4646; x_wconf 80' lang='lat' dir='ltr'><strong>xvm,</strong></span> <span class='ocrx_word' id='word_1_902' title='bbox 3101 4579 3181 4650; x_wconf 84' lang='lat'><strong>5).</strong></span> <span class='ocrx_word' id='word_1_903' title='bbox 3210 4577 3485 4636; x_wconf 87' lang='lat' dir='ltr'><strong>Currentia</strong></span> <span class='ocrx_word' id='word_1_904' title='bbox 3512 4583 3672 4639; x_wconf 84' lang='lat' dir='ltr'><strong>verba</strong></span> <span class='ocrx_word' id='word_1_905' title='bbox 3693 4585 3745 4640; x_wconf 90' lang='lat' dir='ltr'><strong>in</strong></span> 
     </span>
    </p>
   </div>
   <div class='ocr_carea' id='block_1_114' title="bbox 2173 4670 3745 4745">
    <p class='ocr_par' dir='ltr' id='par_1_114' title="bbox 2173 4670 3745 4745">
     <span class='ocr_line' id='line_1_115' title="bbox 2173 4670 3745 4745; baseline 0.002 -19"><span class='ocrx_word' id='word_1_906' title='bbox 2173 4670 2311 4727; x_wconf 86' lang='lat' dir='ltr'><strong>ﬁnes</strong></span> <span class='ocrx_word' id='word_1_907' title='bbox 2335 4679 2492 4725; x_wconf 72' lang='lat' dir='ltr'><strong>terrae</strong></span> <span class='ocrx_word' id='word_1_908' title='bbox 2515 4679 2779 4726; x_wconf 87' lang='lat' dir='ltr'><strong>venerunt</strong></span> <span class='ocrx_word' id='word_1_909' title='bbox 2801 4670 2867 4724; x_wconf 88' lang='lat' dir='ltr'><strong>ad</strong></span> <span class='ocrx_word' id='word_1_910' title='bbox 2907 4684 3006 4726; x_wconf 88' lang='lat' dir='ltr'><strong>nos</strong></span> <span class='ocrx_word' id='word_1_911' title='bbox 3030 4688 3042 4723; x_wconf 95' lang='lat'>:</span> <span class='ocrx_word' id='word_1_912' title='bbox 3067 4672 3393 4742; x_wconf 84' lang='lat' dir='ltr'><strong>excepimus,</strong></span> <span class='ocrx_word' id='word_1_913' title='bbox 3423 4677 3745 4745; x_wconf 84' lang='lat' dir='ltr'><strong>conscripsi-</strong></span> 
     </span>
    </p>
   </div>
   <div class='ocr_carea' id='block_1_115' title="bbox 2172 4759 3747 4835">
    <p class='ocr_par' dir='ltr' id='par_1_115' title="bbox 2172 4759 3747 4835">
     <span class='ocr_line' id='line_1_116' title="bbox 2172 4759 3747 4835; baseline 0.003 -19"><span class='ocrx_word' id='word_1_914' title='bbox 2172 4775 2312 4827; x_wconf 87' lang='lat' dir='ltr'><strong>mus,</strong></span> <span class='ocrx_word' id='word_1_915' title='bbox 2346 4760 2576 4815; x_wconf 88' lang='lat' dir='ltr'><strong>lectores</strong></span> <span class='ocrx_word' id='word_1_916' title='bbox 2603 4759 2947 4815; x_wconf 89' lang='lat' dir='ltr'><strong>instituimus.</strong></span> <span class='ocrx_word' id='word_1_917' title='bbox 2976 4759 3091 4815; x_wconf 86' lang='lat' dir='ltr'><strong>Non</strong></span> <span class='ocrx_word' id='word_1_918' title='bbox 3136 4770 3274 4817; x_wconf 90' lang='lat' dir='ltr'><strong>tacet</strong></span> <span class='ocrx_word' id='word_1_919' title='bbox 3298 4762 3484 4833; x_wconf 87' lang='lat' dir='ltr'><strong>lector,</strong></span> <span class='ocrx_word' id='word_1_920' title='bbox 3523 4767 3747 4835; x_wconf 83' lang='lat' dir='ltr'><strong>parturit</strong></span> 
     </span>
    </p>
   </div>
   <div class='ocr_carea' id='block_1_116' title="bbox 2171 4850 3377 4924">
    <p class='ocr_par' dir='ltr' id='par_1_116' title="bbox 2171 4850 3377 4924">
     <span class='ocr_line' id='line_1_117' title="bbox 2171 4850 3377 4924; baseline 0.001 -16"><span class='ocrx_word' id='word_1_921' title='bbox 2171 4850 2469 4924; x_wconf 87' lang='lat' dir='ltr'><strong>disputator</strong></span> <span class='ocrx_word' id='word_1_922' title='bbox 2497 4868 2512 4908; x_wconf 89' lang='lat'><strong>:</strong></span> <span class='ocrx_word' id='word_1_923' title='bbox 2543 4866 2711 4923; x_wconf 89' lang='lat' dir='ltr'><strong>quare</strong></span> <span class='ocrx_word' id='word_1_924' title='bbox 2730 4866 2837 4907; x_wconf 90' lang='lat' dir='ltr'><strong>non</strong></span> <span class='ocrx_word' id='word_1_925' title='bbox 2863 4860 3037 4908; x_wconf 88' lang='lat' dir='ltr'><strong>cessat</strong></span> <span class='ocrx_word' id='word_1_926' title='bbox 3064 4852 3377 4909; x_wconf 78' lang='lat' dir='ltr'><strong>insidiator?</strong></span> 
     </span>
    </p>
   </div>
   <div class='ocr_carea' id='block_1_117' title="bbox 2682 4963 3236 5040">
    <p class='ocr_par' dir='ltr' id='par_1_117' title="bbox 2682 4963 3236 5040">
     <span class='ocr_line' id='line_1_118' title="bbox 2682 4963 3236 5040; baseline -0.002 -16"><span class='ocrx_word' id='word_1_927' title='bbox 2682 4966 2909 5024; x_wconf 71' lang='lat' dir='ltr'><strong>saeuo</strong></span> <span class='ocrx_word' id='word_1_928' title='bbox 2943 4963 3069 5024; x_wconf 88' lang='lat' dir='ltr'><strong>ccc</strong></span> <span class='ocrx_word' id='word_1_929' title='bbox 3090 4970 3109 4992; x_wconf 84' lang='grc'><strong>·</strong></span> <span class='ocrx_word' id='word_1_930' title='bbox 3137 4967 3236 5040; x_wconf 92' lang='lat' dir='ltr'><strong>(a).</strong></span> 
     </span>
    </p>
   </div>
   <div class='ocr_carea' id='block_1_118' title="bbox 2321 5076 3595 5147">
    <p class='ocr_par' dir='ltr' id='par_1_118' title="bbox 2321 5076 3595 5147">
     <span class='ocr_line' id='line_1_119' title="bbox 2321 5076 3595 5147; baseline 0.002 -17"><span class='ocrx_word' id='word_1_931' title='bbox 2321 5086 2374 5130; x_wconf 82' lang='lat' dir='ltr'><strong>In</strong></span> <span class='ocrx_word' id='word_1_932' title='bbox 2402 5077 2708 5130; x_wconf 80' lang='lat' dir='ltr'><strong>solemnitate</strong></span> <span class='ocrx_word' id='word_1_933' title='bbox 2738 5084 2999 5144; x_wconf 77' lang='lat' dir='ltr'><strong>martyrum</strong></span> <span class='ocrx_word' id='word_1_934' title='bbox 3027 5076 3416 5144; x_wconf 61' lang='lat' dir='ltr'><strong>Maenaliam-tun,</strong></span> <span class='ocrx_word' id='word_1_935' title='bbox 3451 5081 3526 5147; x_wconf 71' lang='lat' dir='ltr'><strong>(lt)</strong></span> <span class='ocrx_word' id='word_1_936' title='bbox 3560 5099 3595 5135; x_wconf 82' lang='grc' dir='ltr'><strong>ι.</strong></span> 
     </span>
    </p>
   </div>
   <div class='ocr_carea' id='block_1_119' title="bbox 2241 5187 3746 5250">
    <p class='ocr_par' dir='ltr' id='par_1_119' title="bbox 2241 5187 3746 5250">
     <span class='ocr_line' id='line_1_120' title="bbox 2241 5187 3746 5250; baseline 0.004 -6"><span class='ocrx_word' id='word_1_937' title='bbox 2241 5187 2469 5245; x_wconf 82' lang='lat' dir='ltr'><strong>CAPUT</strong></span> <span class='ocrx_word' id='word_1_938' title='bbox 2533 5187 2817 5245; x_wconf 79' lang='lat' dir='ltr'><strong>PRIMUM.</strong></span> <span class='ocrx_word' id='word_1_939' title='bbox 2868 5217 2941 5232; x_wconf 93' lang='lat'><strong><em>—</em></strong></span> <span class='ocrx_word' id='word_1_940' title='bbox 2990 5190 3045 5246; x_wconf 84' lang='grc'><strong>1.</strong></span> <span class='ocrx_word' id='word_1_941' title='bbox 3112 5189 3385 5247; x_wconf 71' lang='grc' dir='ltr'><strong>ϐΙινὶιιὶωεί</strong></span> <span class='ocrx_word' id='word_1_942' title='bbox 3430 5203 3553 5249; x_wconf 84' lang='lat' dir='ltr'><strong>ante</strong></span> <span class='ocrx_word' id='word_1_943' title='bbox 3603 5194 3746 5250; x_wconf 80' lang='lat' dir='ltr'><strong>Chri-</strong></span> 
     </span>
    </p>
   </div>
   <div class='ocr_carea' id='block_1_120' title="bbox 2178 5280 3745 5347">
    <p class='ocr_par' dir='ltr' id='par_1_120' title="bbox 2178 5280 3745 5347">
     <span class='ocr_line' id='line_1_121' title="bbox 2178 5280 3745 5347; baseline 0.008 -11"><span class='ocrx_word' id='word_1_944' title='bbox 2178 5289 2312 5337; x_wconf 85' lang='lat' dir='ltr'><strong>stum</strong></span> <span class='ocrx_word' id='word_1_945' title='bbox 2338 5280 2571 5337; x_wconf 84' lang='lat' dir='ltr'><strong>nonnulti</strong></span> <span class='ocrx_word' id='word_1_946' title='bbox 2599 5284 2850 5341; x_wconf 77' lang='lat' dir='ltr'><strong>exstitere.</strong></span> <span class='ocrx_word' id='word_1_947' title='bbox 2878 5283 3043 5342; x_wconf 83' lang='lat' dir='ltr'><strong>Istum</strong></span> <span class='ocrx_word' id='word_1_948' title='bbox 3070 5284 3213 5343; x_wconf 86' lang='lat' dir='ltr'><strong>diem</strong></span> <span class='ocrx_word' id='word_1_949' title='bbox 3254 5286 3407 5345; x_wconf 87' lang='lat' dir='ltr'><strong>nobis</strong></span> <span class='ocrx_word' id='word_1_950' title='bbox 3450 5289 3745 5347; x_wconf 83' lang='lat' dir='ltr'><strong>solemnem</strong></span> 
     </span>
    </p>
   </div>
   <div class='ocr_carea' id='block_1_121' title="bbox 2237 5476 3104 5530">
    <p class='ocr_par' dir='ltr' id='par_1_121' title="bbox 2237 5476 3104 5530">
     <span class='ocr_line' id='line_1_122' title="bbox 2237 5476 3104 5530; baseline 0.001 -1"><span class='ocrx_word' id='word_1_951' title='bbox 2237 5481 2253 5503; x_wconf 86' lang='grc'>⁶</span> <span class='ocrx_word' id='word_1_952' title='bbox 2276 5477 2740 5529; x_wconf 84' lang='lat' dir='ltr'><strong>Collatusadd.r.t.</strong></span> <span class='ocrx_word' id='word_1_953' title='bbox 2764 5490 2812 5528; x_wconf 83' lang='lat' dir='ltr'><strong>v.</strong></span> <span class='ocrx_word' id='word_1_954' title='bbox 2838 5476 3104 5530; x_wconf 83' lang='lat' dir='ltr'><strong>etadLov.</strong></span> 
     </span>
    </p>
   </div>
   <div class='ocr_carea' id='block_1_122' title="bbox 2234 5539 2920 5604">
    <p class='ocr_par' dir='ltr' id='par_1_122' title="bbox 2234 5539 2920 5604">
     <span class='ocr_line' id='line_1_123' title="bbox 2234 5539 2920 5604; baseline -0.001 -14"><span class='ocrx_word' id='word_1_955' title='bbox 2234 5543 2305 5604; x_wconf 74' lang='grc' dir='ltr'><strong>(ᾳ)</strong></span> <span class='ocrx_word' id='word_1_956' title='bbox 2338 5541 2478 5599; x_wconf 75' lang='lat' dir='ltr'><strong>Alias,</strong></span> <span class='ocrx_word' id='word_1_957' title='bbox 2500 5542 2565 5591; x_wconf 91' lang='lat' dir='ltr'><strong>de</strong></span> <span class='ocrx_word' id='word_1_958' title='bbox 2587 5540 2793 5604; x_wconf 75' lang='lat' dir='ltr'><strong>Diversis</strong></span> <span class='ocrx_word' id='word_1_959' title='bbox 2812 5539 2920 5590; x_wconf 83' lang='grc'><strong>109.</strong></span> 
     </span>
    </p>
   </div>
   <div class='ocr_carea' id='block_1_123' title="bbox 2233 5600 3730 5666">
    <p class='ocr_par' dir='ltr' id='par_1_123' title="bbox 2233 5600 3730 5666">
     <span class='ocr_line' id='line_1_124' title="bbox 2233 5600 3730 5666; baseline 0.002 -13"><span class='ocrx_word' id='word_1_960' title='bbox 2233 5600 2304 5666; x_wconf 82' lang='lat' dir='ltr'><strong>(b)</strong></span> <span class='ocrx_word' id='word_1_961' title='bbox 2336 5603 2559 5666; x_wconf 84' lang='lat' dir='ltr'><strong>Eamdem</strong></span> <span class='ocrx_word' id='word_1_962' title='bbox 2587 5601 2943 5666; x_wconf 87' lang='lat' dir='ltr'><strong>solemnitatem</strong></span> <span class='ocrx_word' id='word_1_963' title='bbox 2972 5600 3460 5666; x_wconf 72' lang='lat' dir='ltr'><strong>habetcalendarimn</strong></span> <span class='ocrx_word' id='word_1_964' title='bbox 3490 5611 3730 5656; x_wconf 65' lang='lat' dir='ltr'><strong>vetusut-</strong></span> 
     </span>
    </p>
   </div>
   <div class='ocr_carea' id='block_1_124' title="bbox 2172 5663 3742 5729">
    <p class='ocr_par' dir='ltr' id='par_1_124' title="bbox 2172 5663 3742 5729">
     <span class='ocr_line' id='line_1_125' title="bbox 2172 5663 3742 5729; baseline 0 -12"><span class='ocrx_word' id='word_1_965' title='bbox 2172 5663 2689 5729; x_wconf 61' lang='lat' dir='ltr'><strong>thag&#39;inensecalendis</strong></span> <span class='ocrx_word' id='word_1_966' title='bbox 2716 5664 2925 5726; x_wconf 86' lang='lat' dir='ltr'><strong>augusti.</strong></span> <span class='ocrx_word' id='word_1_967' title='bbox 2953 5670 3070 5729; x_wconf 62' lang='lat' dir='ltr'><strong>Toto</strong></span> <span class='ocrx_word' id='word_1_968' title='bbox 3096 5663 3353 5713; x_wconf 63' lang='lat' dir='ltr'><strong>chris-ano</strong></span> <span class='ocrx_word' id='word_1_969' title='bbox 3370 5667 3492 5729; x_wconf 82' lang='lat' dir='ltr'><strong>orbe</strong></span> <span class='ocrx_word' id='word_1_970' title='bbox 3511 5667 3610 5729; x_wconf 83' lang='lat' dir='ltr'><strong>jam</strong></span> <span class='ocrx_word' id='word_1_971' title='bbox 3633 5667 3742 5729; x_wconf 80' lang='lat' dir='ltr'><strong>olitr</strong></span> 
     </span>
    </p>
   </div>
   <div class='ocr_carea' id='block_1_125' title="bbox 2172 5727 3743 5789">
    <p class='ocr_par' dir='ltr' id='par_1_125' title="bbox 2172 5727 3743 5789">
     <span class='ocr_line' id='line_1_126' title="bbox 2172 5727 3743 5789; baseline 0 -12"><span class='ocrx_word' id='word_1_972' title='bbox 2172 5727 2421 5789; x_wconf 85' lang='lat' dir='ltr'><strong>receptam</strong></span> <span class='ocrx_word' id='word_1_973' title='bbox 2453 5727 2601 5789; x_wconf 83' lang='lat' dir='ltr'><strong>fuisse</strong></span> <span class='ocrx_word' id='word_1_974' title='bbox 2624 5733 2861 5776; x_wconf 86' lang='lat' dir='ltr'><strong>testantur</strong></span> <span class='ocrx_word' id='word_1_975' title='bbox 2892 5727 3194 5788; x_wconf 84' lang='lat' dir='ltr'><strong>antiquorum</strong></span> <span class='ocrx_word' id='word_1_976' title='bbox 3223 5731 3413 5789; x_wconf 84' lang='lat' dir='ltr'><strong>Patrum</strong></span> <span class='ocrx_word' id='word_1_977' title='bbox 3682 5727 3743 5784; x_wconf 77' lang='lat' dir='ltr'><strong>ds</strong></span> 
     </span>
    </p>
   </div>
   <div class='ocr_carea' id='block_1_126' title="bbox 2175 5787 3517 5856">
    <p class='ocr_par' dir='ltr' id='par_1_126' title="bbox 2175 5787 3517 5856">
     <span class='ocr_line' id='line_1_127' title="bbox 2175 5787 3517 5856; baseline -0.001 -13"><span class='ocrx_word' id='word_1_978' title='bbox 2175 5788 2259 5843; x_wconf 81' lang='lat' dir='ltr'><strong>illa</strong></span> <span class='ocrx_word' id='word_1_979' title='bbox 2287 5787 2616 5856; x_wconf 66' lang='lat' dir='ltr'><strong>Quamplures,</strong></span> <span class='ocrx_word' id='word_1_980' title='bbox 2646 5800 2756 5843; x_wconf 86' lang='lat' dir='ltr'><strong>cum</strong></span> <span class='ocrx_word' id='word_1_981' title='bbox 2783 5787 3070 5853; x_wconf 63' lang='lat' dir='ltr'><strong>mum,</strong></span> <span class='ocrx_word' id='word_1_982' title='bbox 3100 5794 3202 5842; x_wconf 82' lang='lat' dir='ltr'><strong>tum</strong></span> <span class='ocrx_word' id='word_1_983' title='bbox 3229 5788 3517 5843; x_wconf 66' lang='lat' dir='ltr'><strong>latinorum.</strong></span> 
     </span>
    </p>
   </div>
  </div>
