4108 6326
332 301 469 360 1577

327 418 493 490 gloria
537 414 957 472 Macbabteorum
994 412 1119 470 fecit
1149 430 1162 468 :
1190 428 1414 484 quorum
1459 412 1730 471 mirabiles
1775 430 1904 486 pas-

326 513 505 568 siones
528 550 544 577 ,
589 525 709 565 cum
752 510 1075 581 legerentur,
1108 524 1217 565 non
1246 509 1416 564 solum
1442 508 1773 577 audivimus,
1810 507 1907 564 sed

325 606 487 662 etiam
513 602 742 658 vidimus
770 611 825 659 et
850 602 1226 673 spectavimus.
1253 600 1392 657 Olim
1429 602 1528 657 ista
1564 610 1713 672 gesta
1748 608 1905 669 sunt,

327 707 454 755 ante
498 697 951 766 incarnationem,
978 704 1102 752 ante
1145 695 1449 765 passionem
1476 695 1685 750 Domini
1714 704 1766 751 et
1791 694 1910 748 Sal-

324 792 529 848 aratoris
572 790 741 847 nostri
795 790 920 845 Jesu
971 787 1189 844 Christi.
1244 786 1303 842 In
1350 787 1525 858 primo
1575 787 1771 858 populo
1818 785 1911 841 illo

332 888 683 954 exstiterunt,
711 885 765 939 in
806 898 913 954 quo
953 882 1233 953 Propheta:
1260 882 1610 949 exstiterunt,
1658 881 1747 951 qui
1796 880 1909 935 haec

328 978 611 1048 prmsentia
656 974 1035 1047 praedixerunt.
1089 972 1198 1029 Nec
1248 973 1526 1043 quisquam
1582 971 1908 1037 arbitretur,

328 1078 611 1141 antequam
654 1075 795 1123 esset
836 1066 1063 1136 populus
1087 1064 1420 1119 Christianus
1444 1104 1460 1131 ,
1497 1062 1703 1117 nullum
1752 1060 1912 1114 fuisse

329 1161 583 1232 populum
610 1160 740 1216 Deo.
768 1158 879 1214 imo
900 1172 1048 1222 vero,
1071 1165 1128 1211 ut
1149 1156 1225 1211 sic
1240 1156 1446 1226 loquar,
1464 1152 1912 1224 quemadmodum

331 1266 393 1307 se
418 1252 611 1306 veritas
639 1251 825 1313 habet,
852 1263 959 1304 non
986 1248 1259 1304 nominum
1288 1245 1636 1311 consuetudo,
1667 1244 1914 1299 christia-

329 1359 428 1398 nus
475 1345 635 1398 etiam
682 1342 768 1395 ille
812 1349 937 1394 tunc
986 1337 1210 1408 populus
1240 1336 1357 1391 fuit.
1390 1336 1571 1406 Neque
1608 1335 1750 1390 enim
1791 1343 1914 1405 post

328 1434 630 1504 passionem
658 1447 807 1486 suam
834 1429 997 1499 C(Bpil.
1027 1427 1225 1483 habere
1246 1427 1494 1497 populum
1515 1427 1792 1482 Christus:
1817 1425 1911 1481 sed

328 1525 468 1579 illius
489 1523 717 1594 populus
737 1530 853 1577 erat
872 1536 938 1577 ex
960 1518 1226 1574 Abraham
1270 1519 1501 1589 genitus,
1520 1518 1603 1572 cui
1627 1517 1913 1587 perhibcns

328 1615 689 1671 testiinonium
721 1614 835 1682 ipse
858 1611 1116 1669 Dominus
1134 1611 1241 1676 ait,
1263 1610 1519 1664 Abraham
1538 1610 1822 1680 concupivit
1840 1610 1914 1663 vi-

330 1707 445 1761 dere
469 1706 600 1760 diem
624 1721 827 1770 meum;
866 1714 913 1757 et
961 1703 1114 1769 vidit,
1151 1713 1197 1757 et
1226 1703 1426 1774 gavisus
1465 1710 1535 1756 est
1574 1700 1749 1775 (Joan.
1786 1717 1911 1768 vni,

331 1799 401 1855 56
432 1799 472 1871 ).
532 1800 671 1869 Ergo
729 1813 794 1852 ex
856 1794 1124 1851 Abraham
1166 1803 1324 1848 natus
1376 1801 1459 1848 est
1509 1793 1595 1847 ille
1642 1792 1910 1862 pepulus,

331 1891 423 1962 qui
451 1889 673 1946 servivit
713 1890 763 1943 in
808 1886 1064 1958 Egypto,
1119 1893 1174 1941 et
1222 1885 1311 1955 qui
1359 1900 1519 1939 manu
1570 1883 1769 1953 potenti
1821 1897 1916 1951 per

332 1986 549 2056 Moysen
612 1982 869 2037 famulum
920 1981 1017 2035 Dei
1071 1980 1138 2035 de
1190 1979 1351 2034 domo
1413 1978 1682 2034 servitutis
1722 1976 1915 2031 libera-

334 2084 420 2131 tus
439 2118 454 2144 ,
484 2091 580 2147 per
611 2089 758 2130 mare
787 2072 1025 2128 Rubrum
1062 2070 1309 2125 ﬂuctibus
1339 2067 1785 2124 descendentibus
1812 2065 1914 2120 du-

334 2176 472 2231 ctus,
520 2168 573 2220 in
614 2178 797 2220 eremo
841 2163 1161 2218 exercitatus
1187 2200 1203 2227 ,
1236 2160 1337 2230 legi
1380 2159 1639 2223 sub’ditus,
1672 2158 1725 2211 in
1751 2172 1916 2228 regno

333 2257 641 2312 collocatur.
687 2252 859 2317 Unde,
893 2252 1032 2307 sicut
1066 2250 1210 2317 dixi,
1252 2249 1567 2305 exstiterunt
1601 2247 1911 2317 Prophetee,

335 2348 460 2403 inde
508 2347 595 2402 isti
634 2353 900 2416 martyres
942 2342 1256 2397 ﬂoruerunt.
1285 2340 1529 2395 Nondum
1558 2339 1771 2410 quidem
1799 2346 1918 2394 erat

338 2446 579 2494 mortuus
606 2435 880 2491 Christus:
907 2433 1004 2489 sed
1029 2440 1291 2502 martyres
1326 2446 1420 2487 eos
1464 2430 1589 2486 fecit
1625 2430 1919 2485 moriturus

334 2528 598 2584 Christus.

404 2619 628 2676 CAPUT
656 2617 872 2674 ll.—2.
906 2615 1188 2671 Machabazi
1215 2624 1489 2685 martyres,
1540 2630 1643 2669 non
1689 2613 1921 2685 appella-

337 2713 469 2767 tione
490 2754 504 2779 ,
530 2712 618 2766 sed
642 2712 811 2783 reipsa
841 2710 1124 2765 christiani.
1152 2709 1265 2763 lloc
1293 2723 1420 2778 ergo
1459 2707 1510 2762 in
1552 2707 1736 2777 primis
1774 2721 1921 2761 com-

340 2803 701 2860 mendandum
729 2811 813 2857 est
839 2801 1084 2856 charitati
1110 2808 1301 2855 vestrae
1320 2841 1336 2867 ,
1372 2815 1458 2865 ne,
1490 2815 1611 2854 cum
1637 2800 1753 2854 illos
1780 2814 1922 2855 mar—

342 2906 490 2967 tyres
534 2894 872 2950 admiramini
901 2934 917 2960 ,
965 2893 1160 2965 putetis
1211 2908 1317 2947 non
1367 2889 1531 2946 fuisse
1579 2890 1919 2946 christianos.

336 2987 625 3043 Christiani
654 2986 904 3041 fuerunt:
928 2984 1023 3040 sed
1050 2999 1244 3039 nomen
1274 2982 1694 3038 Christianorum
1736 2991 1922 3052 postea

337 3083 664 3153 divulgatum
706 3080 856 3135 factis
882 3085 1304 3134 antecesserunt.
1337 3076 1444 3131 Sed
1481 3075 1750 3163 videlicet.
1769 3074 1922 3145 quasi

340 3192 446 3232 non
477 3175 555 3232 eis
582 3183 700 3230 erat
724 3172 989 3229 confessio
1015 3172 1232 3237 Christi,
1256 3186 1287 3225 a
1308 3184 1433 3240 rege
1461 3169 1624 3239 impio
1655 3177 1708 3223 et
1734 3183 1919 3238 perse-

336 3275 524 3324 cutore
549 3282 655 3321 non
678 3265 1002 3336 cogebantur
1032 3277 1226 3332 negare
1252 3260 1541 3325 Christum,
1572 3260 1711 3330 quod
1740 3268 1923 3330 postea

337 3367 621 3430 martyres,
649 3371 769 3411 cum
790 3362 1130 3427 cogerentur,
1156 3368 1223 3408 ne
1250 3351 1519 3419 facerent,
1554 3351 1780 3406 similem
1809 3352 1925 3422 glo-

337 3455 471 3506 riam
498 3447 771 3504 consecuti
813 3454 955 3501 sunt.
1003 3444 1331 3499 Posteriores
1374 3444 1516 3497 enim
1558 3452 1926 3511 persecutores

343 3542 519 3613 populi
566 3538 877 3605 christiani,
906 3536 974 3590 ad
1002 3534 1299 3605 negandum
1326 3547 1521 3588 nomen
1548 3532 1743 3587 Christi
1781 3548 1927 3587 com-

339 3633 609 3704 pellebant
631 3646 723 3685 eos
760 3644 892 3699 quos
919 3625 1407 3697 persequebantur:
1434 3624 1507 3677 illi
1538 3624 1589 3677 in
1611 3623 1806 3678 Christi
1833 3639 1929 3679 no-

343 3726 488 3781 mine
541 3718 1067 3794 perseverantissime
1133 3717 1488 3771 consistentes
1517 3756 1531 3781 ,
1595 3715 1929 3784 patiebantur

344 3820 500 3884 talia,
528 3816 705 3888 qualia
750 3814 868 3869 illos
913 3825 1195 3884 perpessos
1239 3823 1395 3873 esse,
1437 3823 1555 3863 cum
1600 3808 1924 3878 legerentur,

354 3909 672 3965 audivimus.
744 3904 864 3960 istis
934 3919 1060 3973 ergo
1132 3900 1451 3972 martyribus
1501 3898 1925 3963 recentioribus,

343 4015 567 4072 quorum
596 3997 831 4052 millibus
858 4003 996 4049 terra
1026 4001 1313 4063 purpurata
1342 3997 1457 4056 est,
1488 3989 1847 4059 imperabatur
1875 3998 1931 4044 et

344 4093 619 4151 dicebatur
644 4106 672 4145 a
700 4087 1128 4161 persecutoribus
1150 4128 1164 4153 ,
1210 4084 1408 4154 Negate
1443 4082 1734 4138 Christum.
1777 4082 1929 4148 Quod

345 4203 453 4243 non
484 4186 740 4241 facientes
761 4225 776 4250 ,
833 4181 1169 4253 patiebantur
1200 4178 1342 4242 talia,
1369 4176 1542 4247 qualia
1581 4184 1635 4231 et
1678 4174 1762 4230 isti
1811 4190 1933 4246 per-

348 4280 487 4351 pessi
522 4284 665 4333 sunt.
698 4275 818 4331 Istis
852 4287 980 4329 vero
1005 4272 1297 4335 dicebatur,
1325 4269 1521 4339 Negate
1546 4268 1715 4339 legem
1740 4267 1929 4339 Moysi.

345 4373 461 4430 Non
490 4371 755 4427 faciebant
784 4387 796 4422 :
828 4366 1159 4438 patiebantur
1204 4379 1302 4434 pro
1334 4364 1447 4434 lege
1479 4361 1667 4434 Moysi.
1700 4360 1790 4416 Isti
1837 4376 1933 4432 pro

348 4468 565 4525 nomine
588 4463 807 4529 Christi,
835 4461 912 4516 illi
938 4475 1035 4530 pro
1066 4460 1181 4529 lege
1210 4456 1399 4528 Moysi.

396 4557 621 4615 CAPUT
636 4556 700 4610 Ill
711 4556 853 4610 .—5.
872 4552 926 4607 Μ
932 4551 1278 4606 aehabazorum
1293 4548 1461 4620 passio
1472 4547 1646 4602 merito
1657 4546 1935 4601 celebratur

352 4652 402 4704 in
423 4649 669 4702 Ecclesia.
691 4646 877 4701 Christi
903 4644 1193 4715 mysterium
1216 4643 1269 4694 in
1298 4650 1460 4696 vetere
1473 4637 1786 4694 Testamento
1809 4639 1937 4692 vela-

355 4752 478 4796 tum.
496 4739 661 4794 Clavis
698 4737 740 4791 Τ
745 4737 1003 4791 estamenti
1022 4736 1220 4797 veteris,
1249 4750 1390 4788 crum.
1414 4733 1608 4787 Existit
1632 4733 1820 4802 aliquis
1845 4732 1936 4788 Ju-

354 4834 522 4898 da'us,
550 4839 603 4886 et
627 4829 752 4884 dicit
777 4828 930 4882 nobis
958 4844 972 4880 :
1000 4824 1276 4893 Quomodo
1306 4825 1435 4879 istos
1462 4833 1702 4888 nostros,
1730 4832 1937 4879 vestros

355 4934 618 4996 martyres
639 4920 994 4991 computatis?
1022 4918 1133 4986 Qua
1156 4917 1506 4987 imprudentia
1532 4932 1717 4972 eorum
1739 4931 1939 4971 memo-

355 5021 489 5074 riam
516 5014 833 5072 celebratis?
854 5012 1037 5082 Legite
1056 5008 1421 5066 confessiones
1442 5024 1623 5063 eorum
1650 5025 1661 5060 :
1686 5007 1940 5062 attendite

355 5114 400 5164 si
418 5108 649 5165 confessi
672 5115 796 5162 sunt
814 5104 1103 5160 Christum.
1122 5101 1217 5157 Cui
1233 5099 1616 5170 respondemus
1632 5116 1645 5152 :
1662 5100 1797 5155 Vere
1817 5100 1939 5170 quia

356 5216 494 5257 unus
517 5214 575 5255 es
593 5214 661 5254 ex
676 5198 754 5253 eis
770 5197 858 5267 qui
873 5196 927 5249 in
938 5194 1207 5251 Christum
1223 5207 1329 5247 non
1345 5191 1703 5258 crediderunt,
1721 5201 1776 5246 et
1791 5190 1941 5246 fracti

358 5296 425 5351 de
454 5295 613 5360 oliva,
634 5292 865 5347 oleastro
890 5288 1232 5366 succedente,
1254 5285 1385 5343 foris
1412 5284 1545 5340 aridi
1573 5293 1944 5340 remanserunt

359 5389 530 5461 (Rom.
553 5402 628 5452 xi,
652 5386 743 5455 l7)
762 5384 917 5454 ;quid
934 5382 1171 5437 dicturus
1196 5395 1257 5436 es
1284 5394 1424 5435 unus
1452 5394 1521 5433 ex
1551 5377 1803 5448 perﬁdis?
1829 5377 1940 5431 Non

358 5479 742 5534 confitebantur
758 5476 831 5530 illi
847 5483 1030 5545 aperte
1043 5471 1335 5537 Christum,
1351 5470 1475 5541 quia
1486 5470 1656 5524 adlmc
1673 5469 1945 5524 velabatur

358 5571 557 5627 Christi
598 5570 929 5641 mysterium.
979 5567 1376 5621 Testamentum
1404 5566 1544 5619 enim
1579 5574 1727 5619 vetus
1753 5565 1944 5617 velatio

363 5671 449 5719 est
471 5662 595 5717 novi
613 5661 960 5727 Testamenti,
984 5668 1040 5714 et
1059 5659 1452 5713 Testamentum
1474 5673 1667 5712 novum
1696 5657 1944 5711 revelatio

360 5761 445 5817 est
468 5753 662 5810 veteris
686 5752 1029 5809 Testamenti.
1058 5749 1193 5807 Vide
1236 5764 1363 5820 ergo
1407 5748 1472 5803 de
1517 5748 1811 5802 ἰιιῐίειριῑῑμτςς
1851 5749 1940 5801 .lu-

1708 295 1937 353 SERMO
1975 296 2121 352 CCC.

3454 309 3586 369 {3:78

2015 412 2145 468 dreis
2179 414 2416 485 patribus
2447 415 2581 477 tuis.
2611 416 2704 473 sed
2752 417 2801 471 in
2851 417 2989 473 malo
3028 418 3278 477 fratribus
3305 426 3439 489 tuis,
3469 429 3590 483 vide

2015 508 2142 579 quid
2180 509 2247 564 de
2289 512 2479 566 talibus
2523 513 2664 567 dicat
2703 514 2971 583 apostolus
3012 515 3223 571 Paulus.
3270 510 3434 589 Usque
3462 538 3592 576 nunc

2017 600 2257 668 quamdiu
2270 602 2450 674 legitur
2462 603 2683 676 Moyses,
2700 609 2919 661 velamen
2935 626 3085 679 super
3100 612 3251 665 corda
3267 629 3438 667 eorum
3455 619 3593 685 posi-

2021 699 2128 745 tum
2155 701 2245 746 est.
2272 691 2505 764 Idipsum
2520 708 2685 751 autem
2703 698 2921 752 velamen
2939 700 2990 753 in
3010 701 3215 757 lectione
3230 706 3403 759 veteris
3418 705 3592 760 Testa-

2016 787 2171 839 menti
2212 797 2408 854 manet,
2446 790 2580 859 quod
2620 807 2723 845 non
2759 793 3030 861 reveletur,
3058 799 3291 865 quoniam
3321 799 3372 851 in
3396 800 3593 855 Christo

2018 888 2304 931 evacuatur.
2336 876 2460 933 Cum
2489 883 2744 937 transieris
2763 924 2779 950 ,
2810 885 3012 954 inquit,
3043 889 3110 938 ad
3140 886 3391 943 Christum
3412 934 3426 957 ,
3452 896 3595 963 aufe-

2017 978 2155 1023 retur
2197 971 2417 1024 velamen
2471 972 2550 1044 (ll
2593 974 2708 1029 Cor.
2738 991 2831 1043 tu,
2885 977 2970 1044 i4,
3004 979 3144 1049 etc.).
3188 979 3421 1034 Velamen
3456 1023 3471 1048 ,
3511 983 3593 1036 iu-

2018 1061 2159 1130 quit,
2188 1062 2240 1115 in
2281 1061 2488 1118 lectione
2529 1068 2703 1119 veteris
2748 1067 3049 1124 Testumenti
3092 1082 3289 1139 manet,
3320 1075 3454 1145 quod
3495 1094 3593 1129 non

2018 1152 2284 1218 revelatur,
2306 1156 2540 1225 quoniam
2560 1158 2612 1210 in
2639 1156 2836 1211 Christo
2862 1170 3162 1217 evacuatur:
3188 1179 3290 1218 non
3322 1165 3477 1219 lectio
3500 1184 3593 1219 ve-

2019 1242 2151 1295 teris
2172 1243 2525 1312 Testamenti,
2556 1248 2647 1301 sed
2677 1250 2915 1305 velamen
2939 1254 3075 1321 quod
3109 1255 3176 1308 ibi
3219 1256 3445 1324 positum
3492 1270 3591 1310 est.

2018 1330 2200 1387 Lectio
2220 1334 2446 1405 denique
2467 1339 2663 1394 veteris
2690 1338 3013 1397 Testamenti
3043 1360 3146 1398 non
3178 1357 3475 1415 evacuatur,
3502 1349 3592 1402 sed

2020 1423 2269 1494 impletur
2296 1428 2362 1481 ab
2391 1429 2479 1484 illo
2504 1431 2592 1499 qui
2623 1431 2773 1498 dixit,
2805 1431 2926 1487 Non
2954 1439 3063 1489 veni
3091 1438 3275 1491 solvere
3304 1440 3479 1510 legem,
3508 1441 3596 1495 sed

2019 1515 2297 1586 adimplere
2330 1518 2537 1588 (Matth.
2562 1538 2613 1586 ν,
2648 1521 2734 1593 i7)
2770 1523 3019 1579 Velamen
3050 1542 3176 1595 ergo
3206 1542 3505 1595 evacuatur,
3539 1543 3596 1587 ut

2019 1608 2158 1676 quod
2190 1610 2472 1664 obscurum
2496 1621 2609 1666 erat
2640 1614 2982 1683 intelligatur.
3016 1616 3127 1671 Hoc
3154 1620 3333 1689 utique
3358 1622 3593 1679 clausum

2019 1706 2150 1764 erat,
2184 1700 2303 1769 quia
2333 1702 2567 1756 nondum
2597 1698 2760 1759 clavis
2784 1707 2956 1761 crucis
2980 1718 3294 1763 accesserat.

2089 1786 2315 1845 CAPUT
2355 1790 2600 1848 ιν.-4.
2639 1794 2882 1849 Passione
2913 1796 3102 1851 Christi
3138 1800 3354 1870 impleta:
3378 1807 3596 1876 praphe-

2021 1879 2104 1933 εὔιε
2118 1889 2163 1933 et
2184 1883 2352 1934 omnia
2369 1884 2531 1937 crucis
2554 1886 2607 1937 in
2629 1889 2864 1955 mysterio
2879 1892 3116 1945 revelata.
3139 1892 3345 1948 intuere
3372 1896 3597 1967 denique

2020 1970 2231 2025 Domini
2254 1975 2574 2042 passionem,
2604 1992 2738 2045 pone
2766 1980 2859 2033 tibi
2878 1991 3001 2036 ante
3021 1985 3203 2039 oculos
3224 1986 3277 2040 in
3306 1988 3446 2057 ligno
3470 2006 3597 2058 pen-

2019 2060 2255 2129 dentem,
2284 2072 2337 2118 et
2366 2073 2617 2136 tanquam
2651 2068 2858 2124 leonem
2876 2111 2891 2135 ,
2919 2087 3040 2128 cum
3072 2075 3253 2141 voluit,
3282 2081 3598 2135 recumben—

2021 2161 2151 2222 tem,
2179 2164 2338 2225 atque
2362 2164 2421 2211 ut
2445 2158 2709 2214 occideret
2734 2172 2981 2227 mortem,
3008 2180 3114 2218 non
3138 2169 3472 2235 necessitate,
3504 2172 3597 2226 sed

2020 2252 2283 2314 potestate
2324 2250 2661 2303 morientem.
2692 2250 2922 2320 ldipsum
2961 2256 3174 2311 attende
3203 2274 3217 2331 ς
3250 2260 3369 2313 vide
3411 2277 3599 2329 quem-

2020 2336 2305 2392 admodum
2333 2338 2384 2392 in
2410 2354 2566 2394 cruce
2587 2340 2736 2405 dixit,
2763 2342 2916 2398 Sitio.
2942 2344 3144 2400 Etcum
3172 2348 3340 2403 Judaei
3362 2353 3604 2406 nescien-

2022 2439 2102 2485 tes
2117 2430 2242 2501 quid
2257 2447 2353 2502 per
2370 2447 2463 2487 eos
2478 2446 2742 2503 ageretur,
2762 2436 2885 2505 quid
2904 2436 2970 2493 de
2991 2440 3338 2496 nescientium
3361 2446 3602 2500 manibus

2023 2522 2631 2594 impleretur,spongiam
2650 2540 2769 2580 cum
2786 2536 2935 2581 aceto
2949 2528 3305 2599 ligarentcum
3323 2534 3597 2600 arundine,

2023 2622 2079 2667 et
2104 2614 2153 2669 ei
2189 2613 2505 2670 sorbendam
2533 2617 2753 2681 darent;
2786 2619 2875 2673 ille
2904 2620 3092 2676 hausto
3129 2633 3280 2679 aceto
3310 2627 3602 2695 respondit,

2029 2702 2323 2778 Perfectum
2345 2718 2435 2762 est.
2452 2707 2519 2762 Et
2532 2711 2774 2764 inclinato
2788 2713 2900 2780 capi
2907 2714 3167 2768 tetrudidit
3178 2716 3409 2786 spiritum
3423 2717 3479 2789 (Ι
3483 2735 3600 2774 oan.

2027 2812 2143 2866 ιιι,
2170 2797 2384 2870 28-50).
2416 2798 2546 2865 Quis
2593 2800 2661 2855 ita
2702 2803 3072 2872 proficiscitur,
3105 2814 3162 2859 ut
3201 2806 3290 2861 ille
3328 2806 3606 2863 defunctus

2029 2890 2148 2945 est?
2177 2891 2381 2957 Quanta
2411 2894 2653 2961 veritate,
2686 2904 2877 2965 quanta
2906 2905 3186 2966 potestate,
3218 2916 3374 2970 quam
3406 2901 3495 2957 ille
3518 2903 3605 2973 qui

2030 2982 2259 3051 dixerat,
2285 2982 2593 3039 Potestatem
2639 2986 2795 3039 habeo
2840 2991 3058 3057 ponendi
3087 2992 3306 3046 animam
3334 3011 3493 3048 meam
3514 3038 3528 3063 ,
3563 3005 3607 3049 et

2030 3086 2322 3148 potestatem
2346 3078 2525 3131 iterum
2549 3080 2778 3133 sumendi
2802 3096 2931 3133 eam.
2965 3079 3131 3136 Nemo
3152 3098 3263 3136 eam
3284 3084 3414 3139 tollit
3436 3103 3467 3140 a
3497 3103 3606 3151 me;

2029 3168 2118 3221 sed
2140 3168 2248 3236 ipse
2277 3184 2385 3221 eam
2407 3185 2539 3237 pono
2565 3185 2597 3221 a
2625 3185 2735 3236 me,
2765 3180 2812 3223 et
2856 3173 3034 3225 iterum
3059 3190 3204 3229 sumo
3250 3192 3359 3228 eam
3401 3175 3507 3247 (Id.
3550 3195 3605 3246 x,

2030 3258 2118 3324 i7,
2145 3259 2260 3327 i8).
2299 3260 2552 3329 Agnoscit
2579 3276 2800 3331 regnum
2834 3264 3090 3327 viventis,
3118 3267 3205 3335 qui
3231 3266 3387 3337 digne
3413 3272 3611 3341 cogita-

2030 3351 2166 3405 verit
2210 3360 2521 3421 potestatem
2568 3354 2861 3408 morientis.
2897 3355 3007 3410 Hoc
3048 3366 3222 3411 autem
3270 3360 3476 3417 dixerat
3518 3380 3610 3433 per

2032 3442 2347 3511 prophetam
2393 3443 2522 3512 ipsis
2569 3443 2801 3509 Judmis,
2836 3445 2945 3516 Ego
2972 3447 3181 3502 dormivi
3212 3449 3384 3519 (Psal.
3414 3468 3497 3519 ιιι,
3529 3455 3607 3524 6).

2032 3535 2303 3604 Tanquam
2342 3534 2580 3589 diceret:
2608 3536 2742 3603 Quid
2775 3553 2867 3592 vos
2906 3538 2972 3592 de
3014 3555 3129 3593 mea
3171 3553 3339 3598 morte
3364 3544 3610 3613 jactatis?

2032 3626 2157 3695 quid
2184 3667 2199 3693 ,
2247 3626 2397 3695 quasi
2430 3641 2517 3680 me
2546 3627 2779 3682 viceritis
2802 3668 2817 3694 ,
2861 3629 3088 3684 inaniter
3125 3631 3460 3701 gloriamini?
3499 3636 3609 3706 Ego

2035 3720 2262 3773 dormivi.
2296 3720 2406 3791 Ego
2432 3720 2689 3787 dormivi,
2714 3724 2833 3791 quia
2863 3723 3034 3789 volui;
3065 3741 3169 3779 non
3202 3728 3319 3795 quia
3366 3729 3608 3785 saevistis.

2035 3811 2147 3880 Ego
2176 3810 2384 3880 implevi
2408 3811 2549 3879 quod
2579 3812 2718 3865 volui
2752 3830 2764 3865 :
2793 3828 2890 3867 vos
2930 3814 2981 3868 in
3024 3816 3222 3871 scelere
3259 3820 3608 3874 remansistis.

2040 3904 2269 3972 Accepto
2297 3918 2424 3973 ergo
2453 3913 2605 3958 aceto
2650 3914 2702 3957 et
2743 3904 2951 3969 hausto,
2979 3906 3142 3971 dixit,
3194 3907 3483 3978 Perfectum
3520 3921 3609 3967 est.

2037 3994 2171 4062 Quid
2212 3993 2503 4064 perfectum
2541 3994 2658 4048 est?
2687 3996 2836 4064 Quod
2867 3996 2933 4051 de
2958 4013 3043 4052 me
3071 3998 3322 4067 scriptum
3350 4011 3448 4056 est.
3478 4003 3613 4069 Quid

2036 4086 2105 4142 de
2134 4086 2226 4141 illo
2261 4086 2513 4155 scriptum
2541 4086 2665 4140 est?
2688 4085 2947 4140 Dederunt
2973 4092 3023 4142 in
3050 4106 3212 4143 escam
3241 4109 3402 4146 meam
3432 4096 3537 4163 fel,
3567 4105 3614 4149 et

2043 4180 2099 4233 in
2125 4180 2207 4233 siti
2235 4195 2347 4231 mea
2381 4186 2671 4248 potaverunt
2707 4196 2784 4233 me
2808 4191 2945 4233 aceto
2973 4180 3141 4253 (Psal.
3168 4200 3344 4252 vam,
3365 4186 3475 4257 22).
3501 4186 3618 4242 Cir-

2039 4270 2397 4341 cumspiciens
2424 4285 2551 4340 ergo
2579 4279 2767 4325 cuncta
2797 4286 2913 4341 quae
2950 4282 3095 4342 gesta
3146 4273 3353 4329 fuerant
3401 4277 3451 4331 in
3500 4293 3620 4347 pas.

2040 4363 2192 4418 sione
2221 4362 2369 4432 ejus;
2397 4362 2507 4431 jam
2546 4361 2624 4416 illi
2652 4373 2777 4417 ante
2815 4377 3024 4417 crucem
3071 4373 3229 4433 caput
3271 4368 3613 4436 agitaverant,

2036 4453 2147 4524 jam
2176 4453 2244 4509 fel
2274 4454 2554 4520 dederant,
2580 4454 2689 4523 jam
2718 4470 2837 4509 ossa
2870 4456 3145 4524 pendentis
3189 4467 3243 4512 et
3285 4461 3482 4515 extenti
3520 4480 3617 4517 nu-

2042 4556 2401 4611 meraverant,
2429 4547 2539 4616 jam
2572 4548 2885 4602 vestimenta
2911 4549 3077 4604 divisa
3117 4562 3267 4606 erant
3287 4595 3300 4617 ,
3324 4554 3432 4622 jam
3461 4570 3620 4625 super

2043 4638 2279 4694 tunicam
2306 4637 2680 4693 indivisibilem
2709 4648 2904 4694 sortem
2926 4642 3619 4714 miserantzcircumspectis

2045 4713 2371 4802 epthquodam
2408 4730 2569 4787 modo
2606 4734 2923 4801 computatis
2946 4734 3190 4789 omnibus
3217 4751 3335 4805 qum
3362 4737 3429 4792 de
3459 4713 3619 4808 ipsius

2043 4825 2292 4894 passione
2311 4822 2590 4892 Propheta:
2620 4823 2990 4892 praedixerant,
3016 4826 3243 4880 restabat
3272 4830 3453 4883 nescio
3474 4832 3618 4900 quid.

2049 4917 2190 4988 quod
2241 4918 2417 4971 minus
2445 4925 2558 4971 erat
2581 4933 2593 4968 :
2619 4915 2686 4969 Et
2709 4918 2761 4969 in
2789 4917 2872 4970 siti
2900 4934 3009 4970 mea
3037 4928 3326 4987 potaverunt
3352 4938 3432 4975 me
3460 4935 3620 4975 aceto.

2051 5009 2119 5065 Ut
2142 5009 2244 5063 hoc
2271 5007 2411 5077 quod
2449 5007 2714 5062 modicum
2757 5017 3085 5062 remanserat
3127 5010 3427 5077 adderetur,
3463 5013 3621 5078 dixit,

2058 5101 2208 5155 Sitio.
2235 5102 2468 5169 Accepto
2493 5099 2631 5170 quod
2656 5098 2831 5152 minus
2857 5110 2990 5166 erat,
3019 5102 3309 5170 reSpondit,
3338 5102 3625 5173 Perfectum

2050 5201 2140 5245 est.
2173 5190 2290 5259 Quo
2326 5190 2489 5256 dicto,
2516 5190 2758 5243 inclinato
2786 5190 2951 5259 capite
2970 5192 3176 5244 tradidit
3196 5194 3445 5258 spiritum.
3481 5195 3626 5250 Tunc

2052 5291 2209 5337 terrte
2240 5281 2580 5337 fundamenta
2609 5296 2867 5336 concussa
2894 5291 3050 5349 sunt,
3095 5292 3219 5339 tunc
3254 5285 3507 5356 disruptis
3538 5303 3628 5356 pe-

2051 5376 2146 5430 tris
2192 5374 2482 5429 inferorum
2523 5381 2724 5427 secreta
2753 5382 3049 5442 patuerunt,
3078 5385 3205 5432 tunc
3224 5378 3462 5447 sepulcra
3488 5395 3629 5435 mor~

2051 5478 2171 5523 tuos
2217 5466 2602 5531 reddiderunt;
2639 5473 2692 5519 et
2720 5474 2777 5519 ut
2812 5467 2982 5521 dicam
3031 5480 3241 5540 propter
3286 5471 3423 5539 quod
3464 5479 3626 5527 totum

2051 5560 2280 5614 diximus
2299 5598 2313 5621 ,
2344 5557 2463 5625 quia
2496 5556 2605 5624 jam
2649 5564 2857 5625 tempus
2884 5566 2998 5611 erat
3024 5569 3079 5612 ut
3109 5561 3157 5612 iu
3186 5562 3435 5630 mysterio
3459 5563 3631 5617 crucis

2052 5652 2227 5705 omnia
2254 5664 2371 5718 quae
2397 5648 2449 5701 in
2479 5646 2643 5701 veteri
2673 5646 3014 5703 Testamento
3057 5649 3383 5720 vetabantur,
3411 5652 3624 5710 revela-

2061 5753 2261 5807 rentur,
2288 5742 2461 5797 velum
2494 5741 2673 5813 templi
2693 5741 3021 5797 conscissam
3048 5748 3150 5799 est.
