4108 6326
515 273 654 331 1583

514 400 590 448 tot
615 390 840 448 fideles?
867 389 968 444 Alii
1007 385 1129 442 mali
1161 391 1458 447 servantur,
1485 388 1540 436 ut
1573 379 1696 436 boni
1725 379 1848 434 inde
1878 394 2101 434 nascan-

518 496 623 542 tur.
657 484 789 541 Boni
835 481 1002 554 gratia
1041 481 1137 535 Dei
1177 496 1189 533 :
1230 493 1352 533 nam
1397 485 1503 530 tota
1529 473 1777 530 damnata
1816 481 1899 528 est
1925 486 2098 526 massa

514 578 738 652 peccati.
767 577 902 646 Quid
936 575 1148 631 diabolo
1180 571 1440 642 nequius?
1465 579 1518 625 et
1573 568 1642 624 de
1680 568 1820 623 illius
1863 565 2100 636 nequitia

510 681 706 744 quanta
737 671 875 726 bona
915 669 1040 725 fecit
1082 667 1262 722 Deus?
1302 665 1418 720 Non
1453 663 1763 718 funderetur
1789 675 1886 732 pro
1932 659 2100 714 salute

509 773 692 820 nostra
721 763 936 834 sanguis
973 759 1350 830 Redemptoris
1371 799 1384 824 ,
1413 757 1513 813 nisi
1544 772 1636 828 per
1675 752 1963 824 nequitiam
2001 749 2100 806 de-

510 855 755 914 sertoris.
786 855 923 923 Lege
948 853 1313 923 Evangelium,
1342 859 1389 905 et
1417 848 1539 904 vide
1589 847 1715 920 quid
1744 847 1815 902 ibi
1843 845 2099 915 scriptum

509 962 592 1009 est
620 968 634 1005 :
663 949 882 1004 Immisit
907 947 1137 1002 diabolus
1161 947 1212 999 iu
1232 961 1318 999 cor
1337 943 1510 1010 ludat,
1533 952 1587 996 ut
1609 942 1824 995 traderet
1844 938 2100 995 Christum

514 1022 706 1116 (Joan.
738 1056 854 1105 xm,
881 1039 918 1094 2
940 1041 977 1110 ).
1007 1039 1174 1094 Malus
1206 1037 1461 1099 diabolus,
1493 1035 1662 1088 malus
1686 1032 1850 1112 {udas
1880 1048 1892 1083 :
1925 1029 2098 1100 qualis

510 1133 843 1204 organarius,
875 1130 978 1186 tale
1003 1143 1279 1200 organum.
1308 1126 1449 1184 Usus
1478 1135 1560 1182 est
1591 1139 1718 1195 ergo
1747 1124 1886 1177 male
1909 1121 2098 1176 diabo-

509 1228 595 1282 lus
623 1240 720 1282 suo
747 1238 876 1280 vase
903 1240 917 1278 :
952 1236 1080 1277 usus
1113 1230 1196 1276 est
1237 1219 1496 1274 ambobus
1523 1218 1776 1272 Dominus
1806 1215 1962 1269 bene.
1993 1211 2098 1267 Co—

509 1320 619 1375 nati
651 1327 775 1374 sunt
811 1331 941 1388 ergo
966 1315 1032 1371 ad
1058 1323 1295 1370 nostram
1321 1311 1606 1382 perniciem
1641 1329 1654 1364 :
1688 1309 1832 1364 Deus
1859 1309 1959 1364 hoc
1977 1321 2098 1362 ver-

508 1421 620 1466 tere
649 1409 896 1479 dignatus
916 1414 1001 1463 est
1029 1406 1094 1461 ad
1125 1412 1360 1459 nostram
1382 1403 1628 1458 salutem.

577 1503 629 1558 5.
664 1501 896 1557 Traditio
926 1499 1110 1554 Christi
1129 1507 1175 1552 et
1200 1514 1231 1550 a
1258 1495 1399 1550 Juda
1426 1503 1472 1548 et
1500 1510 1531 1546 a
1561 1493 1690 1548 Deo.
1720 1492 1958 1549 Tradidit
2000 1495 2094 1552 Ju-

507 1594 604 1650 das
626 1593 919 1658 Christum,
953 1602 1004 1646 et
1031 1590 1312 1644 damnatus
1343 1594 1441 1641 est.
1472 1585 1636 1640 .ludas
1667 1585 1900 1652 tradidit,
1918 1597 1970 1641 et
1998 1589 2092 1644 da-

507 1693 723 1740 mnatur
751 1701 764 1738 :
797 1683 1014 1738 tradidit
1038 1681 1230 1735 Filium
1281 1679 1458 1744 Pater,
1492 1686 1546 1731 et
1573 1676 1919 1746 gloriﬁcatur.
1953 1679 2091 1736 Tra-

503 1777 674 1844 didit,
703 1776 916 1845 inquam
937 1815 952 1839 ,
975 1773 1140 1828 Judas
1169 1770 1502 1840 magistrum,
1532 1779 1585 1823 et
1621 1768 1908 1824 damnatur
1932 1789 1944 1824 :
1974 1781 2088 1826 tra-

503 1869 638 1924 didit
676 1881 734 1922 se
781 1867 895 1935 ipse
946 1862 1149 1929 Filius,
1195 1869 1250 1917 et
1291 1859 1558 1914 laudatur.
1603 1858 1884 1927 Quomodo
1923 1861 2092 1919 Judas

510 1957 730 2016 tradidit
772 1955 1076 2019 Christum,
1106 1966 1294 2007 omnes
1327 1951 1608 2005 novimus:
1633 1951 1954 2020 exSpectatis
1979 1953 2092 2008 for-

508 2058 668 2114 tassis
715 2056 899 2112 audire
948 2053 1214 2125 quomodo
1272 2052 1430 2109 Pater
1498 2051 1714 2108 tradidit
1757 2049 1968 2105 Filium.
2025 2047 2094 2102 Et

503 2151 606 2207 hoc
675 2150 879 2204 nostis:
914 2147 1011 2205 scd
1055 2147 1522 2212 commemorabo,
1586 2155 1644 2199 ut
1711 2141 2090 2199 recordemini.

499 2243 638 2298 Audi
664 2241 978 2311 Apostolum
995 2239 1259 2294 dicentem
1289 2238 1355 2293 de
1381 2238 1492 2293 Deo
1529 2238 1688 2292 Patre
1712 2253 1727 2290 :
1760 2235 1860 2304 Qui
1881 2235 2090 2307 proprio

505 2335 638 2390 Filio
669 2351 768 2388 non
792 2333 1028 2404 pepercit,
1062 2332 1150 2386 sed
1175 2348 1268 2402 pro
1298 2330 1437 2385 nobis
1457 2332 1688 2385 omnibus
1711 2329 1921 2383 tradidit
1945 2329 2092 2382 illum

502 2428 678 2500 (Rom.
711 2441 822 2492 vui,
851 2424 966 2495 52).
999 2423 1136 2478 Audi
1182 2431 1237 2478 et
1283 2422 1350 2478 de
1397 2422 1568 2477 Filio:
1601 2421 1700 2487 Qui
1743 2438 1840 2485 me,
1883 2420 2086 2491 inquit,

499 2519 696 2582 dilexit,
726 2525 772 2570 et
802 2515 1011 2569 tradidit
1038 2515 1358 2584 semetipsum
1386 2529 1478 2584 pro
1520 2529 1599 2566 me
1629 2511 1828 2585 (Galat.
1863 2529 1923 2579 ιι,
1967 2509 2086 2582 20).

501 2611 645 2663 Duos
664 2607 773 2678 jam
807 2606 929 2661 vide
974 2605 1257 2660 traditores
1288 2623 1300 2659 :
1330 2605 1544 2660 Patrem
1591 2603 1709 2659 Filii
1745 2603 2086 2671 traditorem,

499 2698 690 2754 Filium
710 2698 788 2752 sui
804 2698 966 2768 ipsius
989 2695 1320 2762 traditorem,
1340 2694 1433 2750 sed
1451 2703 1731 2763 utrumque
1746 2695 2086 2760 salvatorem,

498 2791 617 2862 quia
642 2799 931 2859 utrumque
960 2797 1275 2844 creatorem.
1295 2786 1457 2842 Judas
1470 2801 1598 2856 ergo
1623 2785 1749 2856 quid
1777 2785 2090 2854 fecit?Quid

498 2884 640 2938 enim
681 2882 804 2938 boni
832 2880 996 2936 fecit?
1024 2879 1228 2934 Bonum
1272 2878 1341 2933 de
1366 2879 1457 2933 illo
1482 2877 1678 2932 factum
1706 2886 1807 2943 est,
1839 2893 1943 2931 non
1977 2879 2090 2946 ipse

497 2974 694 3029 bonum
715 2973 858 3029 fecit.
882 2972 1063 3042 Neque
1076 2972 1218 3027 enim
1235 2972 1309 3024 ait
1322 2969 1484 3025 Judas
1504 2988 1518 3023 :
1542 2968 1772 3024 Tradam
1793 2967 2085 3034 Christum,

497 3074 556 3120 ut
581 3065 837 3121 liberetur
875 3079 1042 3135 genus
1071 3064 1381 3117 humanum.
1424 3061 1479 3114 In
1526 3059 1662 3115 Juda
1697 3059 1914 3115 tradidit
1957 3075 2084 3114 ava-

497 3159 652 3226 ritia;
693 3159 746 3215 in
795 3159 906 3214 Deo
926 3199 942 3225 ,
975 3155 1360 3212 misericordia.
1389 3153 1504 3209 Non
1533 3153 1798 3208 redditum
1828 3162 1910 3208 est
1936 3153 2087 3209 Judzze

497 3253 597 3309 nisi
629 3251 769 3323 quod
795 3250 919 3307 fecit
937 3290 952 3316 ,
983 3264 1088 3304 non
1113 3246 1255 3319 quod
1280 3245 1348 3301 de
1375 3245 1465 3300 illo
1491 3246 1632 3300 Deus
1662 3244 1806 3299 fecit.

567 3343 794 3402 CAPUT
831 3342 943 3398 VII.
975 3371 1045 3382 —
1071 3341 1123 3396 6.
1154 3337 1324 3407 Impia
1353 3338 1491 3392 locus
1517 3337 1598 3390 hic
1622 3341 1753 3391 inter
1767 3337 1958 3404 justas,
1983 3352 2087 3391 non

497 3438 550 3493 in
577 3438 738 3492 altera
765 3436 886 3491 vita.
920 3435 1094 3504 Quare
1145 3433 1246 3488 ista
1294 3429 1564 3486 diximus?
1593 3428 1725 3497 Quia
1776 3437 1858 3484 est
1899 3429 1952 3483 in
1982 3427 2085 3484 hoc

499 3530 698 3585 saeculo
728 3527 890 3597 impio
930 3525 1078 3580 locus
1107 3542 1121 3578 :
1147 3531 1200 3578 ct
1249 3537 1465 3592 prorsus
1505 3521 1653 3575 novit
1707 3521 1963 3575 Dominus
1994 3521 2086 3590 qui

499 3631 623 3678 sunt
653 3621 768 3692 ejus
793 3618 864 3690 (Il
897 3617 1028 3672 Tim.
1058 3633 1116 3683 ιι,
1151 3613 1347 3686 I9);et
1372 3613 1521 3668 novit
1539 3613 1664 3683 quid
1693 3628 1789 3684 pro
1830 3614 1959 3682 ipsis
2004 3611 2086 3668 fa-

498 3714 635 3778 ciat,
664 3712 731 3767 de
762 3711 862 3765 illis
889 3710 977 3779 qui
1009 3723 1117 3763 non
1145 3714 1267 3762 sunt
1291 3705 1426 3774 ejus.
1455 3703 1561 3759 Sed
1591 3715 1642 3758 tu
1700 3703 1746 3757 si
1778 3705 2077 3770 transieris,

499 3807 542 3860 si
572 3814 778 3859 terrena
829 3799 1150 3864 calcaveris,
1193 3798 1237 3851 si
1284 3811 1389 3850 non
1437 3795 1631 3850 frustra
1660 3810 1872 3851 sursum
1907 3810 2001 3850 cor
2034 3804 2085 3850 te

499 3897 698 3952 habere
727 3893 1096 3964 responderis;
1127 3887 1449 3944 transeundo
1470 3902 1679 3958 quaeres
1705 3887 1879 3942 locum
1909 3887 2080 3957 impii,

500 3999 554 4043 et
596 4003 698 4042 non
731 3986 987 4041 invenies.
1021 3982 1078 4038 In
1121 3982 1209 4036 illa
1255 3980 1396 4035 enim
1446 3981 1548 4034 vita
1589 3979 1761 4034 futura
1792 3979 1910 4048 quis
1937 3979 2086 4033 locus

500 4079 688 4149 impii?
719 4075 982 4146 Numquid
1005 4073 1176 4130 adhuc
1193 4087 1326 4143 opus
1353 4070 1608 4126 habemus
1632 4070 1870 4125 exerceri
1898 4069 2085 4124 malis?

499 4169 766 4240 Numquid
789 4181 1007 4223 necesse
1038 4166 1196 4221 habet
1221 4180 1406 4220 aurum
1433 4164 1605 4218 adhuc
1633 4163 1845 4234 purgari
1871 4177 1968 4231 per
1991 4177 2082 4232 pa-

499 4263 636 4317 leam
659 4263 682 4316 ?
709 4262 881 4316 Totus
905 4260 1045 4314 enim
1079 4257 1311 4312 mundus
1337 4255 1523 4310 fornax
1570 4255 1824 4309 aurificis.
1855 4254 1927 4309 lbi
1955 4253 2083 4324 justi

501 4367 749 4426 tanquam
777 4367 966 4407 aurum
997 4369 1010 4402 :
1039 4349 1113 4404 ibi
1141 4349 1287 4419 impii
1333 4357 1580 4418 tanquam
1609 4345 1780 4415 palea.
1811 4345 1885 4400 Ibi
1915 4346 2085 4401 tribu-

502 4448 628 4502 latio
675 4447 815 4502 sicut
844 4443 981 4514 ignis
1010 4460 1022 4496 :
1047 4441 1121 4496 ibi
1153 4441 1292 4496 Deus
1333 4439 1470 4494 sicut
1496 4435 1724 4492 aurifex.
1758 4436 1882 4491 Pius
1913 4436 2084 4491 Deum

500 4541 715 4606 laudat,
768 4551 954 4592 aurum
999 4531 1450 4602 rutilat:impius
1505 4530 1671 4585 Deum
1730 4528 2081 4599 blaSphemat,

502 4635 652 4705 palea
681 4632 870 4686 fumat.
904 4629 986 4684 Ad
1029 4642 1188 4682 unam
1230 4623 1627 4680 tribulationem
1652 4663 1667 4687 ,
1721 4630 1973 4692 tanquam
2015 4621 2082 4676 ad

498 4745 661 4784 unum
695 4729 900 4799 ignem,
943 4723 1036 4778 ille
1070 4730 1344 4793 purgatur,
1373 4719 1462 4774 ille
1501 4725 1776 4774 vastatur:
1809 4715 1904 4772 sed
1943 4715 2084 4770 Deus

499 4819 705 4874 aurifex
735 4819 786 4872 in
812 4826 1036 4886 utroque
1055 4813 1319 4868 laudatur.

573 4910 800 4968 CAPUT
839 4908 974 4962 VIII.
1000 4937 1074 4948 —
1103 4907 1156 4961 7.
1186 4903 1265 4958 De
1292 4901 1527 4959 sweulari
1555 4899 1794 4972 felicitate
1813 4899 2084 4970 impiorum

501 5023 564 5061 ne
593 5003 947 5076 perturbentur
972 5001 1064 5073 pii.
1099 4999 1301 5065 Dicam,
1333 4993 1652 5060 charissimi,
1681 4991 1969 5047 exhortans
1989 5005 2083 5046 vos

500 5107 556 5154 et
581 5113 667 5153 me
694 5097 888 5166 ipsum.
921 5090 1283 5164 Cogitationes
1327 5087 1570 5143 carnales
1602 5085 1653 5139 in
1683 5083 1950 5154 adjutorio
1977 5083 2083 5138 Do—

501 5189 629 5246 mini
659 5198 1010 5249 transeamus,
1043 5197 1255 5238 sursum
1286 5195 1382 5235 cor
1409 5178 1700 5232 habeamus
1719 5217 1734 5242 ,
1765 5174 1834 5229 de
1856 5175 1964 5228 vita
2002 5172 2084 5228 fu-

502 5291 619 5337 tura
648 5279 943 5350 cogitemus
976 5295 991 5332 :
1024 5275 1111 5331 ubi
1135 5289 1254 5328 cum
1288 5271 1449 5327 fuerit
1473 5285 1566 5324 cor
1611 5277 1758 5322 tuum
1779 5307 1793 5331 ,
1821 5265 2080 5320 transisti.

501 5371 605 5430 Ubi
634 5380 714 5428 est
734 5367 964 5441 impius?
988 5367 1102 5423 Non
1137 5365 1205 5420 ἱΙιί
1229 5363 1351 5420 erit.
1375 5363 1470 5417 Hic
1492 5359 1821 5416 necessarius
1838 5367 1950 5412 erat
1974 5375 1989 5411 :
2014 5357 2084 5412 ibi

500 5481 711 5538 quzercs
748 5479 892 5531 eum,
941 5471 995 5517 et
1036 5475 1143 5514 non
1176 5457 1418 5512 invenies
1450 5455 1625 5509 locum
1674 5453 1811 5524 ejus.
1858 5451 2084 5519 Quando

503 5573 635 5628 ergo
667 5557 862 5612 videtis
885 5597 901 5623 ,
928 5553 1138 5619 fratres,
1169 5550 1257 5622 qui
1288 5565 1353 5603 ex
1384 5546 1488 5601 fide
1514 5545 1710 5612 vivitis,
1732 5558 1956 5615 quorum
1991 5557 2084 5597 cor

501 5658 711 5708 rectum
747 5657 863 5712 est,
895 5647 984 5718 qui
1013 5646 1240 5699 futuram
1267 5639 1615 5708 eamdemque
1653 5651 1831 5691 veram
1862 5643 1916 5691 et
1943 5648 2083 5689 sem-

504 5746 770 5810 piternam
798 5742 1105 5800 felicitatem
1131 5736 1388 5811 Speratis;
1411 5733 1624 5806 mando
1650 5734 1836 5811 videtis
1855 5737 2083 5810 gauden-

1755 256 1814 312 S.
1857 252 2225 313 AUCUSTINI
2266 254 2571 317 EPISCOPI

3658 276 3812 338 1388

2209 389 2288 436 tes
2316 391 2370 437 et
2391 385 2632 440 Irelantes
2660 384 2906 443 homines
2935 387 2985 443 in
3016 388 3116 445 ista
3144 388 3274 446 falsa
3298 399 3354 448 et
3377 392 3685 464 deccptoria
3719 397 3803 454 fe-

2209 473 2409 530 licitate
2436 517 2451 542 ,
2475 477 2516 530 si
2548 478 2620 548 pii
2650 480 2778 535 estis
2797 521 2813 549 ,
2843 480 3049 550 dolete;
3094 481 3141 538 si
3178 485 3294 541 sani
3323 487 3487 556 estis,
3512 488 3658 547 ﬂete.
3703 490 3799 547 Sic

2205 567 2348 622 enim
2376 576 2430 623 et
2460 569 2548 626 ille
2575 573 2661 626 cui
2691 576 2940 630 commoti
2967 585 3090 632 sunt
3111 578 3306 649 pedes,
3340 583 3688 651 reprehendit
3713 599 3802 652 se,

2206 659 2328 728 quia
2354 659 2521 716 Deum
2569 675 2802 734 eruperat
2838 682 3123 737 accusare,
3168 678 3223 725 et
3249 671 3318 726 ibi
3358 672 3467 742 jam
3515 686 3669 740 erat;
3699 677 3804 733 sed

2205 763 2342 820 pene
2370 750 2499 820 fuit,
2526 755 2682 823 paulo
2710 758 2885 814 minus
2924 759 3039 814 fuit.
3077 760 3192 816 Non
3220 765 3437 833 negavit
3474 766 3584 821 Deo
3619 768 3804 822 scien-

2205 841 2332 897 tiam
2359 861 2372 897 :
2403 845 2495 899 sed
2546 854 2792 918 tanquam
2822 851 2980 905 motis
3010 852 3231 922 pedibus
3272 856 3498 910 nutavit.
3544 857 3681 924 Quid
3708 869 3803 914 est

2204 937 2429 992 nutare?
2458 937 2725 997 Dubitare.
2753 941 2975 1010 Quando
2999 953 3174 1000 autem
3194 959 3254 1001 se
3269 947 3631 1016 reprehendit,
3647 950 3801 1020 quod

2202 1040 2515 1086 correctum
2542 1047 2647 1087 non
2671 1033 2875 1101 habuit,
2890 1035 3016 1105 quid
3037 1036 3204 1091 dixit?
3229 1037 3405 1106 Quare
3433 1040 3560 1094 mihi
3588 1042 3800 1096 turbati

2201 1130 2327 1175 sunt
2351 1122 2550 1192 pedes?
2579 1123 2712 1189 Quia
2739 1126 2918 1194 zelavi,
2939 1126 3129 1197 inquit,
3146 1127 3198 1182 in
3224 1132 3584 1198 peccatoribus,
3610 1149 3799 1204 pacem

2202 1221 2519 1281 peccatorum
2546 1214 2719 1270 videns
2737 1215 2904 1287 (Psal.
2924 1233 3093 1284 Lxxn,
3114 1220 3435 1290 5-i7).Quia
3463 1223 3569 1278 vidi
3602 1225 3803 1279 divites

2201 1301 2445 1373 iniquos,
2477 1305 2680 1373 zelavi;
2715 1316 2770 1362 et
2805 1308 2912 1363 dixi
2939 1311 3061 1381 quia
3094 1311 3668 1382 perdidijustitiam,et
3682 1318 3802 1370 sine

2200 1409 2352 1448 causa
2361 1396 2645 1465 justi/icavi
2675 1415 2762 1453 cor
2785 1417 2968 1465 meum,
3007 1411 3052 1457 et
3087 1403 3187 1458 lavi
3212 1405 3343 1460 inter
3367 1408 3655 1464 innocentes
3681 1427 3799 1462 ma-

2201 1499 2300 1538 nus
2322 1502 2478 1541 meas.
2509 1488 2715 1545 Etcum
2762 1491 2974 1559 dubito,
3023 1495 3099 1550 sic
3140 1498 3279 1566 ccepi
3306 1513 3648 1570 cognoscere.
3697 1503 3801 1557 Sic

2201 1579 2351 1648 carpi,
2398 1580 2600 1650 inquit,
2638 1600 2936 1655 cognoscere
2959 1605 2979 1641 :
3007 1587 3101 1642 hoc
3129 1589 3271 1644 labor
3304 1603 3376 1664 est
3403 1603 3518 1648 ante
3545 1612 3641 1650 me.
3674 1596 3796 1650 Ma-

2201 1685 2338 1740 gnus
2391 1673 2561 1741 labor,
2593 1675 2744 1731 istam
2792 1679 3001 1736 solvere
3038 1684 3405 1752 qumstionem.
3457 1688 3592 1744 Vere
3639 1690 3798 1746 labor

2203 1772 2304 1817 est.
2337 1765 2480 1820 Bene
2505 1776 2587 1821 est
2613 1768 2724 1837 illi,
2749 1780 2803 1824 et
2827 1772 2996 1826 malus
3023 1783 3136 1841 est;
3162 1775 3301 1832 male
3327 1788 3410 1832 est
3429 1780 3501 1833 illi
3529 1821 3544 1846 ,
3591 1789 3646 1835 et
3687 1783 3794 1836 bo—

2201 1871 2301 1911 nus
2332 1869 2410 1912 εει
2446 1875 2460 1912 :
2492 1867 2546 1913 et
2571 1875 2730 1930 super
2756 1861 2943 1918 ambos
2984 1865 3303 1935 Deusjudex
3323 1880 3425 1924 est.
3455 1871 3640 1927 Justus
3661 1887 3796 1944 ergo

2195 1946 2358 2018 judex
2380 1949 2472 2004 dat
2497 1951 2633 2006 bona
2662 1953 2846 2018 malis,
2874 1966 2928 2010 et
2957 1957 3094 2011 mala
3119 1959 3294 2016 bonis.
3335 1961 3504 2018 Labor
3550 1975 3620 2020 est
3673 1977 3796 2022 ante

2199 2058 2295 2096 me.
2325 2041 2432 2099 Sed
2457 2059 2730 2116 quousque
2753 2047 2902 2102 labor
2923 2051 3041 2104 est?
3071 2050 3246 2107 Donec
3296 2055 3540 2110 introeant
3566 2059 3619 2111 in
3665 2076 3792 2114 san-

2197 2135 2454 2189 ctuarium
2476 2135 2592 2205 Dei,
2613 2148 2660 2191 et
2683 2139 2965 2212 intelligam
2985 2144 3036 2196 in
3065 2146 3354 2200 nouissima.
3385 2147 3526 2218 Ergo
3548 2150 3590 2204 si
3621 2150 3788 2205 intel-

2199 2226 2466 2282 lexerisin
2508 2230 2826 2297 novissima,
2869 2233 2973 2288 erit
3013 2237 3226 2306 requies
3277 2237 3629 2307 inventionis,
3661 2256 3790 2312 per-

2197 2318 2296 2374 ibit
2315 2321 2464 2375 labor
2491 2322 2822 2392 qmestionis.

2266 2411 2492 2468 CAPUT
2533 2412 2698 2468 IX.—
2721 2416 2774 2471 8.
2792 2414 3015 2474 Cwlestis
3042 2420 3259 2491 felicitas
3285 2423 3382 2494 piis
3401 2424 3568 2496 qualis
3581 2435 3789 2495 parata.

2200 2501 2385 2558 Mundi
2417 2505 2633 2576 felicitas
2664 2508 2781 2578 piis,
2815 2527 2915 2564 non
2940 2512 3119 2578 honos,
3141 2513 3231 2568 sed
3269 2531 3414 2569 onus.
3463 2517 3701 2588 Intellige
3732 2520 3791 2574 in

2198 2596 2509 2662 novissima,
2543 2598 2632 2652 ubi
2679 2616 2836 2656 nemo
2866 2602 2969 2657 erit
3002 2603 3128 2658 felix
3168 2605 3339 2661 malus
3361 2649 3377 2674 ,
3409 2623 3566 2663 nemo
3606 2610 3792 2664 infelix

2197 2687 2389 2743 bonus.
2415 2689 2551 2758 Quid
2585 2691 2726 2746 enim
2758 2694 2867 2747 ait?
2909 2693 3046 2762 Quid
3088 2697 3221 2752 enim
3254 2699 3380 2752 mihi
3423 2710 3493 2755 est
3528 2703 3581 2754 in
3619 2702 3792 2756 caelo?

2196 2777 2388 2834 Postea
2416 2782 2638 2851 cognovi
2675 2783 2798 2852 quid
2831 2783 2959 2839 mihi
2986 2796 3070 2840 est
3099 2788 3149 2840 in
3176 2789 3313 2843 coelo
3332 2831 3347 2857 ,
3381 2804 3501 2845 cum
3531 2793 3787 2846 intrarem

2197 2871 2251 2925 in
2299 2873 2663 2928 sanctuarium
2705 2875 2818 2942 Dei,
2873 2887 2928 2932 et
2981 2878 3331 2951 intelligerem
3381 2883 3435 2938 in
3474 2885 3786 2941 novissima.

2200 2964 2336 3030 Quid
2351 2967 2482 3020 enim
2516 2967 2642 3021 mihi
2665 2979 2738 3022 est
2776 2970 2827 3024 in
2872 2971 3037 3026 coelo?
3067 2973 3398 3045 Incorruptio
3419 3019 3433 3040 ,
3477 2979 3785 3044 aatcrnitas,

2198 3055 2604 3126 immortalitas,
2637 3059 2811 3115 nullus
2837 3061 3008 3129 dolor,
3034 3065 3212 3120 nullus
3241 3067 3420 3134 timor,
3450 3069 3625 3124 nullus
3648 3070 3785 3124 bea-

2197 3148 2440 3204 titudinis
2467 3150 2609 3206 finis.
2648 3151 2786 3217 Quid
2811 3169 2939 3225 ergo
2963 3157 3086 3210 mihi
3107 3168 3178 3212 est
3202 3159 3252 3212 in
3280 3162 3440 3215 caelo?
3481 3161 3606 3232 quid
3652 3161 3787 3217 mihi

2197 3249 2442 3296 servatur
2474 3242 2528 3296 in
2571 3243 2748 3298 cmlo?
2793 3245 2861 3299 Et
2901 3264 2934 3300 a
2973 3258 3019 3301 te
3065 3250 3187 3318 quid
3223 3251 3359 3305 volui
3407 3271 3558 3324 super
3597 3264 3787 3308 terram

2196 3328 2366 3402 (Psal.
2400 3331 2606 3406 Lxxn)?
2641 3335 2777 3402 Quid
2815 3338 2948 3392 enim
2987 3341 3113 3394 mihi
3137 3351 3209 3396 est
3249 3343 3300 3396 in
3323 3343 3486 3398 creto?
3509 3346 3684 3414 Quid?
3705 3347 3791 3401 di-

2194 3437 2310 3478 cam
2339 3425 2508 3494 quid?
2537 3426 2761 3494 Quando
2787 3432 3064 3500 explicabo
3109 3435 3275 3504 quid?
3302 3436 3426 3492 Ideo
3471 3439 3572 3493 hoc
3605 3439 3788 3494 admi-

2194 3532 2321 3572 rans
2341 3518 2506 3584 dixit,
2525 3535 2630 3575 non
2660 3523 2953 3592 explicans,
2987 3526 3124 3590 Quid
3149 3529 3282 3582 enim
3300 3530 3425 3583 mihi
3450 3541 3523 3585 est
3541 3532 3566 3584 .9
3589 3532 3785 3602 inquit.

2195 3609 2372 3676 Quare
2400 3626 2504 3664 non
2528 3612 2661 3667 dicis
2686 3614 2811 3684 quid
2833 3615 2856 3668 ?
2876 3616 3154 3684 Quomodo
3175 3620 3295 3675 dico
3317 3623 3450 3690 quod
3476 3625 3653 3677 oculus
3682 3640 3789 3678 non

2193 3699 2346 3767 vidit,
2373 3717 2463 3754 nec
2501 3703 2640 3757 auris
2683 3705 2898 3772 audivit,
2936 3724 3024 3760 nec
3064 3709 3115 3761 in
3162 3726 3249 3763 cor
3290 3713 3505 3765 hominis
3555 3715 3786 3768 ascendit

2198 3791 2239 3863 (I
2271 3791 2388 3846 Cor.
2418 3809 2476 3860 ιι,
2522 3793 2617 3866 9)?
2643 3795 2855 3852 Calcate
2894 3799 3141 3855 deorsum
3163 3802 3319 3873 quid;
3351 3805 3470 3875 quia
3489 3807 3621 3860 nihil
3653 3817 3738 3863 est
3769 3827 3784 3864 :

2194 3895 2409 3954 sperate
2435 3901 2647 3941 sursum
2696 3889 2854 3960 quid;
2889 3891 3008 3961 quia
3053 3895 3306 3963 explicari
3350 3913 3457 3951 non
3490 3907 3685 3967 potest.
3723 3899 3790 3955 Et

2197 3975 2334 4031 hanc
2363 3977 2519 4032 fidem
2548 3978 2838 4046 habentes,
2882 3983 3050 4040 nolite
3079 3986 3254 4042 zelare
3281 3987 3333 4042 in
3375 3992 3747 4060 peccatoribus
3766 4033 3786 4060 ,

2193 4067 2404 4137 quando
2429 4069 2618 4124 videtis
2648 4086 2741 4125 eos
2767 4073 2916 4142 quasi
2945 4075 3124 4130 felices
3145 4117 3158 4140 ,
3184 4077 3318 4132 falso
3349 4079 3549 4149 felices,
3593 4097 3787 4138 revera

2193 4159 2457 4217 infelices.
2489 4161 2556 4216 Et
2578 4179 2674 4218 vos
2699 4165 2942 4220 [tutamini
2967 4167 3018 4221 in
3044 4167 3263 4224 Domino
3285 4169 3456 4242 (Psal.
3480 4189 3636 4240 xxxr,
3667 4175 3785 4246 11).

2197 4251 2331 4308 Etsi
2379 4253 2590 4310 habetis
2638 4258 2773 4312 forte
2802 4260 3095 4315 secundum
3141 4269 3348 4333 tempus
3391 4264 3634 4334 divitias,
3686 4267 3788 4322 ho-

2193 4359 2353 4400 nores
2372 4387 2385 4413 ,
2415 4356 2723 4415 potesmtes,
2758 4349 2921 4406 nolite
2952 4352 3073 4407 inde
3096 4370 3193 4408 vos
3215 4363 3403 4424 putare
3432 4356 3636 4414 felices.

2263 4436 2490 4492 CAPUT
2528 4438 2595 4515 Χ,
2623 4469 2694 4479 —
2717 4440 2914 4495 Scienti
2947 4442 3112 4498 Imtari
3138 4445 3190 4499 in
3217 4447 3460 4514 Domino,
3488 4458 3542 4505 et
3581 4450 3786 4506 intelli-

2190 4527 2336 4598 genti
2365 4528 2416 4581 in
2443 4530 2754 4598 novissima,
2776 4531 3002 4590 felicitas
3030 4537 3208 4592 mundi
3234 4554 3335 4594 non
3362 4550 3446 4596 est
3468 4542 3658 4608 honor,
3687 4544 3787 4600 sed

2190 4633 2348 4674 onus.
2405 4619 2554 4674 Felix
2595 4619 2756 4676 homo
2781 4627 3074 4680 secundum
3121 4631 3372 4684 sarculum
3425 4634 3784 4705 periclitatur,

2193 4726 2259 4766 ne
2290 4712 2402 4780 ipsa
2428 4711 2678 4768 felicitate
2703 4757 2717 4781 ,
2747 4731 2851 4770 non
2881 4717 2932 4771 in
2957 4733 3206 4791 corpore,
3235 4724 3327 4778 sed
3372 4725 3422 4779 in
3453 4727 3629 4781 anima
3657 4743 3784 4784 coro

2192 4817 2492 4874 rumpatur.
2519 4805 2652 4862 Nam
2680 4809 2778 4863 ista
2812 4809 3038 4867 felicitas
3058 4811 3189 4868 falsa
3212 4825 3313 4870 est.
3337 4816 3493 4874 Tales
3514 4861 3528 4884 ,
3558 4828 3612 4875 ct
3630 4822 3676 4876 si
3702 4822 3788 4876 vi-

2193 4897 2386 4952 dentur
2405 4898 2603 4970 aliquid
2633 4915 2753 4956 esse
2789 4902 2840 4957 in
2880 4903 2981 4958 hoc
3011 4907 3232 4974 sarculo,
3275 4925 3379 4964 non
3414 4911 3688 4980 laetantur,
3723 4913 3784 4969 in

2195 4991 2479 5060 praeceptis
2496 4991 2704 5046 Domini
2726 4992 3078 5050 delectantur.
3105 4997 3254 5055 Tunc
3274 5003 3411 5070 quod
3437 5003 3590 5073 jubet
3616 5007 3782 5073 Deus,

2191 5082 2524 5152 praeponitur
2576 5083 2805 5150 mundo,
2847 5095 2900 5142 et
2950 5088 3241 5146 blandienti
3284 5101 3340 5149 et
3368 5095 3630 5151 minanti:
3663 5097 3779 5152 cal-

2195 5184 2347 5230 catur
2411 5191 2571 5232 omne
2646 5177 2885 5246 visibile,
2947 5186 3239 5253 transitur;
3297 5189 3610 5259 cogitando,
3675 5206 3787 5247 non

2195 5269 2552 5338 ambulando,
2606 5274 2877 5328 transitur.
2940 5275 3058 5332 Non
3115 5279 3266 5346 dixi,
3327 5297 3489 5339 omne
3543 5283 3783 5349 visibile;

2196 5361 2351 5419 facile
2387 5373 2469 5419 est
2497 5365 2637 5420 enim
2682 5369 2910 5423 transire
2949 5369 3090 5440 quod
3134 5373 3347 5429 calcas:
3379 5375 3471 5430 sed
3501 5377 3781 5444 transitur,

2197 5454 2326 5520 dixi,
2357 5471 2516 5512 omne
2541 5459 2813 5513 mutabile.
2837 5458 3098 5526 Quoniam
3120 5463 3376 5535 quidquid
3401 5467 3644 5536 visibile,
3671 5483 3788 5523 mu-

2195 5547 2361 5604 tabile
2393 5567 2405 5602 :
2432 5564 2537 5604 non
2567 5558 2743 5604 autem
2775 5551 3032 5623 quidquid
3060 5556 3345 5624 mutabile,
3388 5559 3628 5626 visibile;
3657 5561 3785 5631 quia

2199 5646 2254 5694 et
2279 5636 2486 5695 animus
2511 5641 2778 5696 mutabilis
2812 5651 2926 5709 est,
2955 5654 3009 5698 et
3039 5654 3216 5700 tamen
3261 5647 3564 5705 invisibilis.
3593 5650 3788 5708 Transi

2199 5745 2359 5787 omne
2385 5732 2526 5803 quod
2553 5731 2796 5804 videtur;
2839 5735 3003 5792 transi
3028 5745 3083 5792 et
3112 5737 3255 5809 quod
3297 5753 3404 5796 non
3444 5740 3672 5817 videtur,
3722 5751 3780 5806 οι
