4108 6326
357 289 496 348 1385

357 416 537 460 tamen
561 409 793 473 mutatur
821 420 835 459 :
864 409 920 458 ut
950 401 1128 457 venias
1165 399 1228 454 ad
1262 416 1380 456 cum
1405 443 1417 466 ,
1467 401 1555 473 qui
1590 416 1688 457 nec
1708 402 1937 467 videtur,

356 515 453 554 nec
474 505 726 552 mutatur.
757 495 890 552 Cum
924 495 1131 550 veneris
1175 494 1238 549 ad
1267 511 1413 561 cum,
1449 495 1632 551 venies
1654 495 1716 551 ad
1747 497 1936 552 Deum.

423 589 649 648 CAPUT
680 589 772 644 XI.
801 590 938 646 —-9.
982 588 1140 643 Breve
1194 600 1388 660 tempus
1445 590 1576 646 vitaz.
1627 590 1731 646 Sed
1780 591 1940 647 modo

352 686 561 741 ambula
586 701 651 740 ex
680 684 805 750 fide,
840 700 1017 739 mores
1046 698 1328 754 compone.
1381 684 1562 756 Longe
1615 685 1666 738 in
1721 685 1828 740 alto
1856 693 1943 741 est

353 781 440 835 ille
471 797 483 834 :
517 781 655 833 nutri
678 793 897 849 pennas.
927 777 1098 833 Crede
1125 776 1265 848 quod
1293 775 1526 832 nondum
1557 787 1705 846 potes
1732 778 1937 844 videre,

350 883 407 928 ut
438 873 696 928 merearis
734 872 915 928 videre
944 872 1087 942 quod
1135 871 1331 927 credis.
1364 871 1637 942 Tanquam
1670 872 1936 942 peregrini

350 968 606 1029 vivamus,
639 966 863 1020 transire
910 980 1009 1019 nos
1045 964 1376 1035 cogitemus;
1410 973 1465 1020 et
1492 965 1667 1019 minus
1696 965 1935 1034 peccabi-

349 1075 484 1112 mus.
511 1059 745 1128 Agamus
770 1058 942 1127 potius
972 1057 1195 1112 Domino
1220 1057 1329 1112 Deo
1358 1067 1543 1112 nostro
1568 1056 1787 1127 gratias,
1812 1057 1934 1127 quia

349 1153 504 1222 hujus
547 1153 669 1207 vitae
720 1151 960 1205 ultimum
1001 1151 1142 1205 diem
1190 1158 1244 1205 et
1289 1149 1506 1203 brevem
1535 1163 1655 1203 esse
1683 1149 1850 1204 voluit
1879 1157 1935 1205 et

348 1247 626 1301 incertum.
657 1247 701 1300 A
723 1247 893 1316 prima
933 1244 1149 1299 infantia
1179 1258 1353 1314 usque
1397 1243 1462 1298 ad
1487 1243 1813 1312 decrepitam
1840 1258 1930 1299 se-

348 1349 611 1396 nectutem
638 1339 800 1395 breve
825 1339 1052 1408 spatium
1074 1344 1173 1391 cst.
1204 1337 1305 1404 Qui
1330 1336 1528 1391 tamdiu
1556 1337 1783 1404 vixerat,
1805 1337 1932 1408 quid

345 1435 391 1488 ci
426 1432 709 1504 profuisset
737 1432 782 1485 si
812 1430 980 1485 Adam
1019 1428 1177 1484 hodie
1208 1435 1450 1484 mortuus
1473 1430 1654 1485 esset?
1682 1430 1818 1498 Quid
1839 1429 1931 1485 diu

345 1534 444 1587 est,
486 1521 576 1578 ubi
610 1522 729 1577 ﬁnis
760 1521 878 1577 est?
918 1520 1242 1577 Hesternum
1286 1519 1426 1574 diem
1471 1535 1631 1576 nemo
1672 1529 1928 1577 revocat:

344 1615 632 1671 hodiernus
660 1630 690 1668 a
719 1614 954 1669 crastino
980 1622 1216 1684 urgetur,
1245 1620 1303 1668 ut
1327 1622 1581 1670 transeat.
1618 1615 1737 1684 Ipso
1765 1629 1930 1685 parvo

343 1708 514 1778 spatio
538 1707 672 1762 bene
702 1706 961 1773 vivamus,
988 1715 1043 1761 et
1085 1705 1178 1761 illo
1205 1713 1410 1773 eamus,
1461 1707 1605 1762 unde
1631 1722 1736 1762 non
1767 1716 1932 1762 trans-

345 1815 546 1855 eamus.
607 1801 672 1855 Et
710 1800 869 1856 modo
913 1815 1033 1855 cum
1080 1799 1350 1871 loquimur
1402 1802 1584 1872 utique
1616 1801 1926 1856 transimus.

342 1891 514 1947 Verba
543 1901 794 1961 currunt,
846 1909 912 1948 ex
952 1908 1047 1949 ore
1091 1893 1273 1949 volant
1307 1912 1319 1947 :
1351 1895 1428 1950 sic
1454 1903 1604 1949 actus
1631 1895 1818 1962 nostri,
1851 1895 1929 1950 sic

343 1986 570 2042 honores
591 1987 778 2052 nostri,
809 1987 887 2042 sic
935 1987 1147 2042 miseria
1195 1996 1398 2051 nostra,
1445 1988 1523 2042 sic
1564 1988 1663 2041 ista
1705 1984 1930 2042 felicitas

341 2087 542 2134 nostra.
572 2079 763 2134 Totum
791 2079 978 2134 transit
1008 2077 1139 2134 :sed
1171 2094 1274 2133 non
1307 2093 1762 2148 expavescemus;
1802 2078 1929 2134 Ver-

341 2172 457 2227 bum
484 2171 689 2227 Domini
711 2181 876 2226 manet
900 2173 953 2226 in
984 2181 1227 2226 aeternum
1254 2170 1406 2245 (Isai.
1436 2187 1529 2240 XL,
1561 2171 1640 2242 8).

821 2303 1053 2362 SERth
1091 2303 1433 2376 cccn-(a).

582 2423 632 2467 In
663 2417 970 2468 solemnitate
1001 2418 1225 2482 martyris
1255 2418 1514 2481 Laurentii,
1540 2431 1557 2466 ι
1579 2418 1670 2482 (b).

410 2542 634 2599 CAPUT
673 2541 958 2599 PRIMUM.
996 2572 1066 2583 —
1094 2543 1145 2598 l.
1188 2541 1513 2613 Temporalia
1553 2543 1793 2612 beneﬁcia
1840 2559 1930 2614 per

340 2645 618 2705 martyrum
671 2635 921 2689 orationes
970 2650 1060 2688 cur
1099 2632 1237 2688 Deus
1282 2635 1522 2706 impertit.
1570 2635 1707 2705 Apta
1744 2635 1928 2690 simili-

341 2727 480 2781 tudo.
513 2727 656 2781 Beati
706 2729 956 2799 martyris
979 2725 1253 2782 Laurentii
1292 2726 1408 2783 dies
1433 2727 1686 2782 solemnis
1713 2727 1930 2784 hodier-

341 2835 439 2873 nus
464 2819 722 2875 est.lluic
769 2819 1095 2874 solemnitati
1139 2827 1338 2874 sanetae
1391 2819 1648 2875 lectiones
1673 2834 1927 2891 congruae

338 2921 649 2967 sonuerunt.
685 2911 1018 2977 Audivimus,
1073 2921 1128 2967 et
1165 2912 1517 2978 cantavimus,
1561 2920 1618 2967 et
1665 2913 1928 2983 evangeli-

338 3019 454 3058 cam
517 3004 801 3060 lectionem
854 3005 1208 3059 intentissime
1253 3004 1579 3074 accepimus.
1633 3003 1927 3076 Martyrum

338 3113 465 3169 ergo
509 3099 731 3168 vestigia
784 3097 1042 3153 imitando
1088 3105 1393 3162 sectemur,
1444 3113 1513 3152 ne
1560 3097 1928 3154 solemnitates

337 3205 520 3245 eorum
554 3191 781 3245 inaniter
807 3189 1160 3245 celebremus.
1198 3187 1360 3257 Cujus
1409 3197 1587 3243 autem
1640 3189 1815 3244 meriti
1859 3189 1930 3244 sit

337 3293 663 3340 memoratus
691 3283 906 3354 Martyr,
942 3283 1062 3354 quis
1111 3282 1356 3353 ignorat?
1380 3281 1510 3349 Quis
1550 3283 1622 3338 ibi
1650 3284 1843 3349 oravit,
1869 3292 1927 3339 et

337 3389 441 3429 non
471 3375 812 3445 impetravit?
848 3375 1015 3442 Quam
1056 3374 1240 3428 multis
1271 3372 1497 3429 infirmis
1525 3370 1775 3430 meritum
1805 3375 1921 3446 ejus

337 3469 496 3524 etiam
539 3468 849 3538 temporalia
899 3467 1163 3523 beneficia
1206 3467 1474 3538 praestitit,
1527 3483 1647 3536 quae
1676 3468 1765 3523 ille
1793 3483 1926 3523 con-

339 3562 572 3630 tempsit.
601 3559 864 3615 Concessa
894 3568 1022 3614 sunt
1043 3560 1210 3624 enim,
1244 3573 1348 3612 non
1366 3567 1424 3614 ut
1452 3561 1782 3628 precantium
1809 3577 1928 3632 per-

237 3669 242 3673 '
337 3661 580 3708 maneret
627 3652 938 3718 infirmitas;
984 3651 1080 3707 sed
1137 3659 1197 3706 ut
1235 3650 1587 3707 deterioribus
1631 3654 1922 3719 concessis,

338 3759 490 3800 amor
531 3746 684 3800 fieret
727 3744 794 3798 ad
833 3743 1129 3814 appetenda
1167 3744 1386 3799 meliora
1419 3745 1458 3797 ί.
1487 3743 1740 3811 Quaedam
1781 3745 1922 3800 enim

338 3837 650 3908 plerumque
704 3851 865 3907 parva
893 3845 948 3891 et
997 3837 1198 3892 ludicra
1229 3836 1478 3892 concedit
1507 3846 1656 3908 pater
1690 3839 1924 3910 parvulis

338 3927 483 3995 ﬁliis,
506 3943 624 3999 qua:
646 3928 900 3995 maxime,
933 3929 1032 3985 nisi
1061 3930 1386 3998 acceperint,
1417 3930 1649 3999 plorant.
1684 3931 1924 4004 Benigna
1969 3945 1972 3949 ‘

339 4028 394 4074 ct
417 4030 637 4090 paterna
665 4020 991 4092 indulgentia
1019 4020 1134 4076 luet:
1164 4023 1417 4092 impertit,
1449 4023 1562 4080 hrcc
1593 4024 1777 4090 donat,
1807 4040 1926 4095 quae

338 4127 446 4167 non
477 4113 586 4167 vult
609 4128 928 4184 permanere
975 4113 1028 4168 in
1072 4113 1196 4169 filiis
1242 4116 1353 4170 suis
1377 4116 1486 4186 jam
1513 4118 1922 4188 grandiusculis,

334 4202 441 4273 jam
472 4203 889 4273 proficientibus.
932 4205 1104 4260 Donat
1132 4221 1262 4278 ergo
1300 4208 1480 4277 pueris
1510 4224 1695 4276 nuces,
1731 4209 1924 4281 quibus

338 4309 520 4353 servat
568 4297 968 4353 hazreditatem.
1006 4299 1338 4356 Ludentibus
1384 4311 1440 4357 et
1493 4302 1560 4358 de
1607 4303 1923 4374 quibusdam

338 4389 558 4444 ludicris
586 4405 644 4444 se
673 4390 1064 4446 oblectantibus
1090 4392 1232 4447 cedit
1254 4405 1472 4463 paterna
1501 4395 1668 4464 pietas
1692 4438 1706 4463 ,
1735 4412 1804 4453 ne
1831 4397 1924 4462 de-

339 4480 483 4534 ficiat
507 4482 678 4535 anatis
709 4483 1012 4537 infirmitas.
1040 4482 1364 4540 Blandientis
1385 4486 1602 4553 esthoc,
1630 4502 1735 4542 non
1754 4489 1923 4544 :edifi-

337 4575 524 4628 cautis.
556 4575 706 4642 Quod
745 4575 1145 4632 aedificaverunt
1195 4587 1484 4651 martyres,
1539 4583 1680 4652 quod
1731 4598 1923 4656 capere

338 4672 642 4733 potuerunt,
669 4667 809 4734 quod
836 4667 1020 4736 grandi
1047 4669 1208 4725 corde
1238 4681 1512 4741 ceperunt,
1542 4684 1756 4746 propter
1778 4678 1919 4749 quod

337 4756 646 4826 sanguinem
697 4757 964 4825 fuderunt,
999 4760 1221 4817 audistis
1263 4763 1315 4817 in
1366 4765 1654 4836 Evangelio
1681 4788 1694 4825 :
1724 4769 1921 4827 Merces

337 4858 498 4904 vestra
521 4850 725 4921 capiosa
750 4861 823 4906 est
850 4853 902 4906 in
930 4855 1067 4909 caelis
1094 4855 1303 4927 (Matth.
1334 4875 1390 4924 v,
1421 4862 1533 4932 12).

406 4941 633 4997 CAPUT
659 4941 798 4997 ll.—
814 4944 1012 4999 2.01m:
1028 4946 1408 5004 vitte.Pra:sens
1445 4953 1546 5005 vita
1584 4971 1736 5024 quant
1783 4971 1921 5010 teru-
1968 4961 1977 4972 ‘

335 5048 531 5099 rimosa,
551 5042 597 5088 et
618 5043 782 5089 tamen
797 5037 1109 5092 vehementer
1127 5050 1312 5094 amata.
1337 5041 1556 5097 .Eterna
1576 5045 1678 5098 vita
1705 5047 1776 5101 sic
1800 5048 1921 5102 dili-

336 5136 482 5197 gatur
505 5129 753 5198 quomodo
791 5129 887 5182 ista
932 5133 1238 5202 temporalis.
1288 5134 1662 5192 Verumtamen
1683 5181 1698 5206 ,
1721 5138 1923 5194 charis-

337 5220 456 5273 simi
482 5261 496 5287 ,
525 5236 644 5275 cum
667 5220 788 5276 duae
814 5223 933 5278 vita:
961 5224 1087 5290 sint,
1114 5209 1218 5281 una
1246 5236 1370 5282 ante
1399 5241 1645 5298 mortem,
1677 5232 1779 5287 alia
1803 5241 1924 5304 post

337 5463 353 5506 ι
384 5394 997 5509 ’ἲαῖάῖξὲιῧειαὶηῳεεναηάα
1017 5399 1234 5451 meliora.
1263 5409 1319 5453 At
1338 5406 1668 5469 manuscripti,
1691 5409 1757 5458 ad
1780 5421 1923 5475 appe-

357 5470 382 5505 e
501 5473 514 5506 l
657 5473 668 5484 ·
701 5495 716 5509 .

357 5470 483 5506 enaa
501 5470 716 5510 mettora.

403 5521 418 5536 '
441 5519 648 5569 Collatus
671 5527 748 5571 est
771 5522 828 5571 ad
852 5523 934 5572 bd.
960 5523 1020 5574 cl.
1039 5525 1086 5574 d.
1109 5526 1157 5576 fl.
1175 5540 1217 5576 r.
1239 5535 1272 5578 t.
1297 5536 1347 5579 et
1363 5528 1421 5578 ad
1446 5535 1552 5581 ων.

397 5581 472 5705 ἔτι)
505 5582 647 5641 Alias,
666 5583 730 5633 de
747 5587 959 5636 Diversis
981 5589 1084 5637 111.
1847 5625 1856 5628 -

422 5642 470 5705 h)
505 5652 571 5693 De
601 5649 904 5697 sermonibus
943 5668 965 5695 «
987 5664 1076 5705 per
1105 5651 1317 5702 Natalem
1348 5661 1391 5704 S.
1426 5659 1705 5705 Laurentii»
1745 5673 1838 5705 non

422 5642 490 5715 lt);
505 5649 909 5715 Deserntonibus
943 5664 1076 5715 «per
1105 5651 1317 5702 Natalem
1348 5661 1391 5704 s.
1426 5659 1662 5708 Laurentii
1684 5675 1705 5704 ι)
1745 5673 1839 5711 non
1859 5669 1925 5712 ta-

335 5706 437 5776 cuit
468 5706 705 5776 Possidius
736 5710 784 5756 in
815 5706 1044 5776 lntlicul'o,
1079 5728 1182 5776 cap.
1219 5716 1266 5765 9.
1305 5726 1434 5768 [tunc
1467 5706 1924 5775 sermonemﬂcita'nt

336 5768 461 5820 Beda
495 5775 546 5818 et.
577 5766 740 5819 Florus
769 5771 827 5819 ad
861 5779 986 5822 nom.
1025 5766 1092 5825 im
1125 5766 1176 5827 et
1207 5792 1306 5830 xm.

536 5853 762 5921 SANCT.
799 5860 1074 5924 AUGUST.
1121 5862 1198 5928 V.

1763 287 1996 346 SERMO
2031 289 2226 349 00011.

3500 318 3635 377 1586

2055 419 2314 479 mortem;
2343 411 2512 469 ambae
2543 413 2654 472 istae
2700 415 2996 478 habuerunt
3037 433 3089 480 et
3131 425 3328 485 habent
3369 445 3637 494 amatores

2048 497 2192 554 su’os.
2217 500 2396 570 Qualis
2417 506 2487 561 sit
2509 507 2682 565 brevis
2707 511 2819 568 hmo
2845 515 2948 571 vita
2969 559 2984 582 ,
3013 519 3136 589 quid
3168 521 3473 582 describere
3495 546 3634 599 opus

2047 591 2169 646 est?
2197 593 2514 664 Evperimur
2556 619 2713 672 quam
2743 623 3045 666 aerumnosa
3066 652 3078 676 ,
3108 629 3265 683 quam
3303 591 3582 687 querelesa
3617 642 3633 680 :

2045 685 2365 744 circumdata
2413 698 2826 768 tentationibus,
2873 703 3028 772 plena
3080 685 3395 778 timoribus;
3438 712 3635 774 ardens

2045 780 2444 851 cupiditatibus,
2473 789 2680 845 subdita
2709 795 2950 862 casibus;
2986 797 3036 851 in
3063 799 3301 857 adversis
3325 805 3546 875 dolens,
3579 811 3632 867 in

2045 875 2316 943 prosperis
2361 888 2604 949 tumens;
2652 884 2814 942 lucris
2849 891 3390 957 exsultans,'damnis
3435 914 3630 956 exerit-

2043 965 2209 1021 cians.
2235 968 2300 1022 Et
2328 972 2378 1022 in
2409 971 2537 1041 ipsis
2559 975 2717 1031 lucris
2746 981 3098 1039 exsultatione
3127 987 3371 1056 trepidat,
3397 995 3628 1062 nequod

2042 1060 2339 1129 acquisivit,
2371 1066 2611 1132 amittat;
2640 1085 2707 1125 ne
2732 1083 2946 1142 propter
2975 1076 3075 1133 hoc
3095 1091 3381 1149 quaeratur,
3412 1060 3631 1156 qni—an-

2041 1159 2252 1223 tequam
2296 1157 2513 1214 haberet
2563 1178 2666 1216 non
2716 1169 3068 1234 quaerebatur.
3117 1172 3254 1228 Vera
3309 1176 3624 1249 infelicitas,

2040 1244 2295 1301 mendosa
2319 1246 2559 1306 felicitas.
2595 1252 2816 1309 Humilis
2841 1260 2983 1328 cupit
3011 1264 3300 1320 ascendere
3322 1309 3336 1332 ,
3367 1244 3618 1327 sublimas

2040 1344 2127 1392 tus
2156 1337 2302 1393 timet
2325 1339 2666 1400 descendere.
2695 1346 2792 1413 Qui
2821 1366 2922 1404 non
2946 1351 3123 1417 habet,
3145 1356 3346 1412 invidet
3371 1359 3621 1432 habenti;

2039 1428 2128 1497 qui
2157 1428 2347 1494 habet,
2371 1438 2664 1490 contemnit
2694 1454 2799 1493 non
2828 1441 3130 1501 habentem.
3159 1448 3226 1503 Et
3252 1452 3370 1521 quis
3389 1428 3622 1524 explicet

2037 1520 2243 1588 verbis,
2275 1523 2432 1593 hujus
2457 1528 2576 1582 vitre
2603 1537 2802 1586 tantam
2833 1542 2884 1588 et
2915 1543 3018 1590 tam
3047 1520 3384 1612 conspicuam
3409 1520 3624 1604 ftedita-

2040 1614 2186 1668 tem?
2213 1614 2280 1669 Et
2307 1625 2482 1673 tamen
2507 1620 2603 1675 ista
2631 1621 2838 1680 fteditas
2858 1625 3017 1682 habet
3039 1643 3300 1689 amatores
3320 1651 3447 1694 suos
3463 1641 3619 1706 tales,

2039 1714 2094 1758 ut
2141 1716 2385 1777 optemus
2436 1713 2672 1772 invenire
2713 1720 3099 1789 paucissimos;
3144 1728 3232 1797 qui
3279 1731 3356 1785 sic
3401 1731 3626 1805 diligant

2037 1806 2289 1855 aeternam
2321 1803 2478 1858 vitam
2501 1848 2518 1872 ,
2546 1825 2702 1878 quam
2736 1811 2887 1867 ﬁnire
2919 1831 3021 1870 non
3065 1830 3320 1888 possunt,
3354 1803 3624 1892 quomodo

2037 1889 2136 1944 ista
2165 1892 2422 1963 diligitur,
2451 1913 2568 1967 quae
2611 1909 2666 1955 et
2705 1903 2812 1958 cito
2840 1906 3036 1975 finitur,
3068 1918 3122 1964 et
3159 1912 3202 1965 si
3253 1889 3622 1987 protendatur,

2036 1984 2271 2051 quotidie
2299 1987 2533 2051 timetur,
2565 2007 2632 2047 ne
2663 2009 2756 2062 per
2780 1996 2938 2054 horas
2964 2000 3196 2070 singulas
3223 1984 3455 2066 finiatur.
3485 1984 3625 2076 Quid

2037 2072 2329 2132 faciamus?
2357 2079 2484 2149 quid
2526 2086 2782 2153 agamus?
2812 2089 2938 2158 quid
2981 2092 3257 2150 dicamus?
3284 2097 3428 2164 Quos
3471 2072 3624 2156 com-

2036 2167 2344 2224 minationis
2385 2174 2632 2241 aculeos,
2662 2191 2797 2246 quos
2838 2181 3224 2241 exhortationis
3253 2188 3400 2257 ignes
3437 2191 3650 2247 admo-y

2035 2274 2254 2316 veamus
2282 2264 2530 2321 cordibus
2572 2269 2732 2339 pigris
2770 2281 2824 2326 et
2865 2272 3038 2342 ducis,
3071 2284 3126 2331 et
3165 2282 3359 2335 terreni
3389 2286 3625 2353 stuporis

2033 2353 2201 2422 glacie
2229 2357 2549 2426 congelatis,
2584 2369 2644 2415 ut
2673 2371 2945 2434 torporem
2985 2370 3170 2424 mundi
3211 2372 3494 2443 aliquando
3521 2375 3622 2433 de-

2033 2445 2268 2512 cutiant,
2316 2459 2368 2503 et
2423 2451 2474 2505 in
2524 2463 2721 2510 teterna
2765 2458 3137 2518 inardescant?
3167 2465 3339 2535 Quid,
3372 2469 3621 2541 inquam,

2035 2534 2329 2592 faciamus?
2369 2542 2494 2611 quid
2543 2544 3067 2621 dicamus?Adjacet
3112 2556 3270 2625 mihi,
3303 2534 3356 2614 et
3407 2534 3623 2619 interim

2034 2630 2298 2697 occurrit,
2331 2634 2453 2702 quia
2479 2651 2566 2691 res
2592 2638 2718 2707 ipsze
2748 2643 3070 2711 quotidianae
3097 2647 3389 2707 admonent
3417 2668 3534 2722 nos,
3565 2663 3623 2713 et

2033 2733 2324 2792 suggerunt
2347 2727 2471 2795 quid
2498 2729 2756 2786 dicamus.
3363 2805 3365 2807 1

2103 2812 2329 2908 CAPUT
2373 2817 2456 2871 lll.
2496 2849 2560 2860 -—-
2588 2821 2670 2876 Ab
2713 2838 2897 2882 amore
2935 2826 3092 2899 hujus
3131 2835 3434 2904 temporalis
3461 2839 3621 2908 vitae,

2031 2906 2256 2975 accede,
2284 2909 2327 2963 si
2357 2908 2469 2965 fieri
2500 2921 2711 2982 potest,
2739 2917 2806 2970 ad
2833 2921 3114 2978 amandam
3141 2935 3394 2983 aeternam
3423 2906 3616 3001 vitam,

2032 3014 2188 3069 quam
2216 3012 2479 3075 martyres
2509 3020 2854 3079 amaverunt,
2884 3015 2974 3083 qui
3001 3014 3116 3072 haec
3144 3023 3454 3089 temporalia
3486 3039 3619 3081 con-

2034 3101 2382 3164 tempserunt.
2411 3097 2580 3169 Rogo,
2604 3101 2848 3170 obsecro,
2875 3105 3143 3175 exhortor,
3170 3127 3278 3168 non
3297 3115 3470 3171 solum
3498 3133 3618 3187 vos,

2031 3183 2124 3238 sed
2150 3186 2426 3242 vobiscum
2449 3197 2506 3244 et
2529 3206 2627 3257 nos
2649 3235 2662 3257 ,
2691 3193 2973 3266 diligamus
2994 3209 3247 3259 :eternam
3276 3207 3456 3263 vitam.
3484 3183 3621 3268 Nolo

2030 3276 2288 3345 amplius,
2320 3293 2439 3334 cum
2486 3282 2556 3336 sit
2579 3286 2839 3355 amplior;
2867 3289 2944 3344 sic
2973 3305 3093 3347 eam
3134 3294 3449 3367 diligamus,
3481 3317 3619 3372 quo-

2032 3367 2192 3423 modo
2233 3368 2472 3440 diligitur
2515 3377 2826 3446 temporalis
2868 3379 2937 3435 ab
2975 3387 3302 3442 amatoribus
3331 3391 3441 3446 suis
3469 3367 3621 3450 anon

2029 3459 2297 3528 quomodo
2323 3466 2632 3534 temporalis
2661 3469 2765 3524 vita
2795 3470 2988 3528 dilecta
3030 3485 3113 3531 est
3136 3493 3167 3533 a
3195 3481 3390 3537 sanctis
3420 3492 3621 3557 marty-

2030 3551 2197 3607 ribus.
2231 3553 2390 3609 lstam
2438 3558 2579 3612 enim
2631 3569 2724 3615 aut
2766 3563 2936 3631 nihil,
2969 3577 3060 3622 aut
3106 3570 3385 3628 minimum
3413 3551 3618 3632 dilexe-

2030 3651 2184 3711 runt,
2217 3653 2270 3700 et
2315 3646 2362 3701 ei
2413 3647 2566 3704 facile
2615 3654 2997 3725 sempiternam
3046 3675 3468 3733 praeposuerunt.
3499 3669 3617 3728 Non

2029 3751 2157 3807 ergo
2182 3748 2444 3811 martyres
2471 3745 2706 3813 attendi,
2738 3750 2951 3819 quando
2978 3751 3108 3822 dixi,
3144 3756 3431 3829 Diligamus
3457 3772 3616 3821 aeter-

2215 3833 2484 3900 quomodo
2535 3835 2773 3908 diligitur
2819 3846 3172 3912 temporalis:
3203 3849 3296 3905 sed
3349 3858 3616 3925 quomodo

2032 3919 2266 3990 diligitur
2289 3927 2600 3996 temporalis
2623 3930 2691 3985 ab
2715 3935 3042 3991 amatoribus
3063 3941 3174 3994 suis
3195 3983 3208 4008 ,
3236 3943 3314 3999 sic
3332 3919 3617 4019 diligamus

2033 4019 2323 4084 aeternam,
2352 4021 2503 4090 cujus
2532 4037 2769 4080 amorem
2790 4028 3111 4088 christianus
3137 4037 3434 4106 profitetur.

2105 4107 2158 4162 5.
2197 4107 2474 4168 Christiani
2512 4131 2717 4185 manus,
2746 4133 2848 4173 non
2888 4132 3094 4194 propter
3139 4134 3496 4203 temporalem,
3528 4141 3620 4196 sed

2036 4210 2243 4271 propter
2274 4212 2512 4258 aeternam
2533 4207 2705 4262 vitam.
2732 4210 2871 4266 Crux
2897 4212 3084 4270 Christi
3105 4219 3158 4274 in
3185 4225 3353 4292 fronte
3375 4228 3499 4296 quid
3522 4248 3619 4288 nos

2031 4291 2318 4347 admoneat.
2351 4294 2476 4351 ideo
2500 4298 2640 4352 enim
2663 4298 2948 4359 Christiani
2979 4306 3100 4364 facti
3130 4291 3333 4384 sumus,
3360 4291 3466 4376 non
3491 4337 3618 4392 pro-

2032 4394 2149 4455 pter
2175 4385 2313 4443 hanc
2343 4393 2690 4460 temporalem
2719 4396 2898 4452 vitam.
2923 4399 3089 4467 Quam
3122 4407 3274 4462 multi
3297 4412 3438 4467 enim
3461 4385 3620 4473 Chri-

2028 4475 2186 4532 stiani
2213 4479 2482 4536 immaturi
2513 4485 2810 4557 rapittntttr,
2838 4500 2893 4545 et
2913 4480 3151 4568 sacrilegi
3177 4498 3420 4560 homines
3447 4523 3617 4580 usque

2029 4570 2095 4623 ad
2112 4570 2434 4642 decrepitam
2457 4584 2667 4632 aetatem
2693 4579 2747 4634 in
2774 4580 2871 4637 hac
2894 4585 2996 4641 vita
3022 4589 3348 4657 perdurant?
3368 4596 3473 4654 Sed
3491 4570 3613 4659 rur-

2027 4677 2117 4718 sus
2135 4673 2186 4719 et
2203 4666 2339 4735 apud
2356 4681 2449 4722 eos
2465 4669 2614 4724 multi
2631 4665 3227 4738 moriunturimmaturi.
3243 4685 3399 4745 Multa
3416 4691 3615 4752 damna

2028 4754 2483 4825 Christianorum,
2509 4768 2563 4816 et
2603 4762 2748 4819 lucra
2793 4766 3074 4837 impiorum
3102 4789 3116 4826 :
3143 4782 3197 4830 et
3225 4791 3409 4834 rursus
3447 4786 3615 4844 multa

2027 4847 2219 4904 damna
2236 4850 2537 4922 impiorum,
2559 4846 2611 4911 et
2634 4857 2779 4914 lucra
2801 4859 3245 4923 Christianorum.
3268 4870 3328 4926 Et
3346 4876 3501 4932 mulli
3521 4878 3619 4934 ho-

2028 4954 2187 4996 nores
2199 4943 2478 5012 impiorum
2492 4956 2544 5001 et
2555 4948 2881 5019 abjectiones
2895 4953 3316 5020 Christianorum
3333 4983 3347 5019 :
3363 4978 3415 5023 et
3428 4987 3616 5029 rursus

2026 5033 2176 5086 multi
2192 5032 2420 5091 honores
2430 5037 2877 5109 Christianorum,
2897 5054 2950 5100 et
2965 5035 3290 5119 abjectiones
3305 5057 3615 5131 impiorum.

2096 5123 2323 5181 CAPUT
2355 5127 2442 5183 lV.
2472 5160 2545 5171 —-
2571 5133 2704 5187 Cum
2747 5137 2856 5190 sint
2897 5153 3024 5210 ergo
3067 5143 3165 5199 ista
3207 5147 3344 5205 bona
3379 5123 3437 5208 et
3473 5159 3616 5215 mala

2028 5217 2266 5289 utrisque
2289 5225 2608 5291 communia,
2635 5229 2889 5298 numquid
2909 5272 2924 5298 ,
2955 5231 3148 5292 fratres
3169 5281 3183 5305 ,
3215 5245 3427 5310 quando
3453 5247 3611 5305 Chri-

2027 5311 2187 5367 stiani
2218 5311 2341 5370 facti
2387 5330 2602 5386 sumus,
2635 5329 2852 5404 propter
2875 5325 3013 5404 mala
3039 5328 3139 5384 ista
3181 5332 3459 5394 devitanda
3481 5384 3495 5406 ,
3532 5349 3615 5400 ve'

2027 5405 2164 5462 bona
2193 5408 2563 5478 adipiscenda,
2596 5401 2790 5470 nomen
2821 5402 3033 5476 Christo
3074 5421 3352 5500 dedimus,
3385 5442 3438 5488 et
3463 5401 3615 5494 fron-

1969 5509 1972 5513 ‘
2029 5507 2134 5553 tem
2166 5509 2314 5557 tanto
2337 5503 2488 5572 signo
2513 5504 2872 5574 subiecimus?
2892 5501 3228 5575 ChriStianus
3245 5537 3331 5591 es,
3357 5524 3410 5580 in
3441 5529 3616 5590 fronte

2029 5603 2208 5662 portas
2234 5610 2446 5650 crucem
2475 5595 2692 5652 Christi.
2715 5601 3004 5662 Character
3025 5616 3145 5666 tuus
3163 5612 3323 5672 docet
3347 5621 3471 5690 quid
3492 5640 3613 5695 pro-

2031 5688 2244 5741 fitearis.
2273 5687 2496 5754 Quando
2525 5690 2610 5744 ille
2641 5692 2689 5745 in
2720 5709 2876 5751 cruce
2907 5700 3188 5772 pendebat,
3218 5687 3375 5778 quam
3397 5687 3611 5774 crucem

2037 5788 2216 5856 portas
2257 5780 2305 5836 in
2345 5780 2518 5837 fronte
2559 5783 2688 5857 (non
2729 5788 2934 5858 signum
2984 5793 3108 5866 ligni
3157 5808 3208 5855 te
3237 5803 3497 5882 delectat,
3524 5813 3619 5876 sed

2797 5885 3086 5972 (Quanta
3097 5903 3462 6006 tequam.)
