  <div class='ocr_page' id='page_1' title='image "/cluster/home/n/w/nwhite01/storage/ocr_20150623/38/hvd.32044015706294/699.png"; bbox 0 0 4108 6326; ppageno 0'>
   <div class='ocr_carea' id='block_1_1' title="bbox 493 312 631 374">
    <p class='ocr_par' dir='ltr' id='par_1_1' title="bbox 493 312 631 374">
     <span class='ocr_line' id='line_1_1' title="bbox 493 312 631 374; baseline 0 -1"><span class='ocrx_word' id='word_1_1' title='bbox 493 312 631 374; x_wconf 70' lang='grc'><strong>1887</strong></span> 
     </span>
    </p>
   </div>
   <div class='ocr_carea' id='block_1_2' title="bbox 489 417 2066 502">
    <p class='ocr_par' dir='ltr' id='par_1_2' title="bbox 489 417 2066 502">
     <span class='ocr_line' id='line_1_2' title="bbox 489 417 2066 502; baseline -0.011 -15"><span class='ocrx_word' id='word_1_2' title='bbox 489 431 699 502; x_wconf 88' lang='lat' dir='ltr'><strong>signum</strong></span> <span class='ocrx_word' id='word_1_3' title='bbox 750 421 1340 499; x_wconf 86' lang='lat' dir='ltr'><strong>pendentis):quando</strong></span> <span class='ocrx_word' id='word_1_4' title='bbox 1383 433 1511 491; x_wconf 84' lang='lat' dir='ltr'><strong>ergo</strong></span> <span class='ocrx_word' id='word_1_5' title='bbox 1556 418 1643 474; x_wconf 90' lang='lat' dir='ltr'><strong>ille</strong></span> <span class='ocrx_word' id='word_1_6' title='bbox 1694 417 1958 488; x_wconf 98' lang='lat' dir='ltr'><strong>pendebat</strong></span> <span class='ocrx_word' id='word_1_7' title='bbox 2012 417 2066 471; x_wconf 91' lang='lat' dir='ltr'><strong>in</strong></span> 
     </span>
    </p>
   </div>
   <div class='ocr_carea' id='block_1_3' title="bbox 487 510 2065 589">
    <p class='ocr_par' dir='ltr' id='par_1_3' title="bbox 487 510 2065 589">
     <span class='ocr_line' id='line_1_3' title="bbox 487 510 2065 589; baseline -0.01 -9"><span class='ocrx_word' id='word_1_8' title='bbox 487 539 682 589; x_wconf 85' lang='lat' dir='ltr'><strong>cruce;</strong></span> <span class='ocrx_word' id='word_1_9' title='bbox 708 521 985 576; x_wconf 67' lang='lat' dir='ltr'><strong>stt-riemes</strong></span> <span class='ocrx_word' id='word_1_10' title='bbox 1027 515 1518 585; x_wconf 80' lang='lat' dir='ltr'><strong>circumspiciebat,</strong></span> <span class='ocrx_word' id='word_1_11' title='bbox 1562 511 1875 566; x_wconf 89' lang='lat' dir='ltr'><strong>insultantes</strong></span> <span class='ocrx_word' id='word_1_12' title='bbox 1927 510 2065 565; x_wconf 86' lang='lat' dir='ltr'><strong>fcre-</strong></span> 
     </span>
    </p>
   </div>
   <div class='ocr_carea' id='block_1_4' title="bbox 486 603 2069 686">
    <p class='ocr_par' dir='ltr' id='par_1_4' title="bbox 486 603 2069 686">
     <span class='ocr_line' id='line_1_4' title="bbox 486 603 2069 686; baseline -0.009 -13"><span class='ocrx_word' id='word_1_13' title='bbox 486 619 605 681; x_wconf 87' lang='lat' dir='ltr'><strong>bat,</strong></span> <span class='ocrx_word' id='word_1_14' title='bbox 637 631 736 686; x_wconf 90' lang='lat' dir='ltr'><strong>pro</strong></span> <span class='ocrx_word' id='word_1_15' title='bbox 761 612 989 668; x_wconf 82' lang='lat' dir='ltr'><strong>inimicis</strong></span> <span class='ocrx_word' id='word_1_16' title='bbox 1015 611 1220 666; x_wconf 85' lang='lat' dir='ltr'><strong>orabat.</strong></span> <span class='ocrx_word' id='word_1_17' title='bbox 1252 607 1485 663; x_wconf 70' lang='lat' dir='ltr'><strong>Medicus</strong></span> <span class='ocrx_word' id='word_1_18' title='bbox 1522 606 1681 660; x_wconf 88' lang='lat' dir='ltr'><strong>etiam</strong></span> <span class='ocrx_word' id='word_1_19' title='bbox 1708 620 1828 660; x_wconf 85' lang='lat' dir='ltr'><strong>ctun</strong></span> <span class='ocrx_word' id='word_1_20' title='bbox 1859 603 2069 658; x_wconf 89' lang='lat' dir='ltr'><strong>occide-</strong></span> 
     </span>
    </p>
   </div>
   <div class='ocr_carea' id='block_1_5' title="bbox 486 696 2062 776">
    <p class='ocr_par' dir='ltr' id='par_1_5' title="bbox 486 696 2062 776">
     <span class='ocr_line' id='line_1_5' title="bbox 486 696 2062 776; baseline -0.01 -10"><span class='ocrx_word' id='word_1_21' title='bbox 486 721 648 772; x_wconf 87' lang='lat' dir='ltr'><strong>retur,</strong></span> <span class='ocrx_word' id='word_1_22' title='bbox 680 723 780 762; x_wconf 90' lang='lat' dir='ltr'><strong>suo</strong></span> <span class='ocrx_word' id='word_1_23' title='bbox 819 705 1076 776; x_wconf 81' lang='lat' dir='ltr'><strong>sanguine</strong></span> <span class='ocrx_word' id='word_1_24' title='bbox 1121 711 1350 774; x_wconf 56' lang='lat' dir='ltr'><strong>aegrotos</strong></span> <span class='ocrx_word' id='word_1_25' title='bbox 1398 699 1637 756; x_wconf 88' lang='lat' dir='ltr'><strong>sanabat.</strong></span> <span class='ocrx_word' id='word_1_26' title='bbox 1695 698 1832 752; x_wconf 79' lang='lat' dir='ltr'><strong>Dixit</strong></span> <span class='ocrx_word' id='word_1_27' title='bbox 1882 696 2062 752; x_wconf 89' lang='lat' dir='ltr'><strong>enim:</strong></span> 
     </span>
    </p>
   </div>
   <div class='ocr_carea' id='block_1_6' title="bbox 487 790 2062 872">
    <p class='ocr_par' dir='ltr' id='par_1_6' title="bbox 487 790 2062 872">
     <span class='ocr_line' id='line_1_6' title="bbox 487 790 2062 872; baseline -0.008 -16"><span class='ocrx_word' id='word_1_28' title='bbox 487 803 660 867; x_wconf 75' lang='lat' dir='ltr'><strong>Pater,</strong></span> <span class='ocrx_word' id='word_1_29' title='bbox 683 801 886 872; x_wconf 73' lang='lat' dir='ltr'><strong>ignosce</strong></span> <span class='ocrx_word' id='word_1_30' title='bbox 922 800 1060 864; x_wconf 79' lang='lat' dir='ltr'><strong>illis,</strong></span> <span class='ocrx_word' id='word_1_31' title='bbox 1085 797 1204 868; x_wconf 83' lang='lat' dir='ltr'><strong>quia</strong></span> <span class='ocrx_word' id='word_1_32' title='bbox 1243 795 1468 850; x_wconf 74' lang='lat' dir='ltr'><strong>nesciunt</strong></span> <span class='ocrx_word' id='word_1_33' title='bbox 1509 793 1632 863; x_wconf 83' lang='lat' dir='ltr'><strong>quid</strong></span> <span class='ocrx_word' id='word_1_34' title='bbox 1675 793 1866 865; x_wconf 77' lang='lat' dir='ltr'><strong>faciunt</strong></span> <span class='ocrx_word' id='word_1_35' title='bbox 1911 790 2062 863; x_wconf 88' lang='lat' dir='ltr'><strong>(Luc.</strong></span> 
     </span>
    </p>
   </div>
   <div class='ocr_carea' id='block_1_7' title="bbox 483 885 2063 964">
    <p class='ocr_par' dir='ltr' id='par_1_7' title="bbox 483 885 2063 964">
     <span class='ocr_line' id='line_1_7' title="bbox 483 885 2063 964; baseline -0.006 -15"><span class='ocrx_word' id='word_1_36' title='bbox 483 910 644 963; x_wconf 72' lang='grc' dir='ltr'><strong>χχιιι,</strong></span> <span class='ocrx_word' id='word_1_37' title='bbox 673 895 786 964; x_wconf 74' lang='grc'><strong>54).</strong></span> <span class='ocrx_word' id='word_1_38' title='bbox 816 893 926 949; x_wconf 81' lang='lat' dir='ltr'><strong>Nec</strong></span> <span class='ocrx_word' id='word_1_39' title='bbox 955 892 1053 947; x_wconf 88' lang='lat' dir='ltr'><strong>ista</strong></span> <span class='ocrx_word' id='word_1_40' title='bbox 1080 905 1181 945; x_wconf 74' lang='lat' dir='ltr'><strong>vox</strong></span> <span class='ocrx_word' id='word_1_41' title='bbox 1207 902 1370 944; x_wconf 83' lang='lat' dir='ltr'><strong>vacua</strong></span> <span class='ocrx_word' id='word_1_42' title='bbox 1406 887 1488 942; x_wconf 88' lang='lat' dir='ltr'><strong>vel</strong></span> <span class='ocrx_word' id='word_1_43' title='bbox 1528 887 1698 942; x_wconf 87' lang='lat' dir='ltr'><strong>inanis</strong></span> <span class='ocrx_word' id='word_1_44' title='bbox 1745 886 1859 940; x_wconf 91' lang='lat' dir='ltr'><strong>fuit.</strong></span> <span class='ocrx_word' id='word_1_45' title='bbox 1891 885 1958 940; x_wconf 88' lang='lat' dir='ltr'><strong>Et</strong></span> <span class='ocrx_word' id='word_1_46' title='bbox 1998 899 2063 940; x_wconf 82' lang='lat' dir='ltr'><strong>ex</strong></span> 
     </span>
    </p>
   </div>
   <div class='ocr_carea' id='block_1_8' title="bbox 481 975 2065 1056">
    <p class='ocr_par' dir='ltr' id='par_1_8' title="bbox 481 975 2065 1056">
     <span class='ocr_line' id='line_1_8' title="bbox 481 975 2065 1056; baseline -0.005 -18"><span class='ocrx_word' id='word_1_47' title='bbox 481 987 610 1056; x_wconf 77' lang='lat' dir='ltr'><strong>ipsis</strong></span> <span class='ocrx_word' id='word_1_48' title='bbox 641 995 824 1056; x_wconf 84' lang='lat' dir='ltr'><strong>postea</strong></span> <span class='ocrx_word' id='word_1_49' title='bbox 864 983 1028 1038; x_wconf 84' lang='lat' dir='ltr'><strong>millia</strong></span> <span class='ocrx_word' id='word_1_50' title='bbox 1057 979 1398 1038; x_wconf 90' lang='lat' dir='ltr'><strong>crediderunt</strong></span> <span class='ocrx_word' id='word_1_51' title='bbox 1426 979 1478 1034; x_wconf 93' lang='lat' dir='ltr'><strong>in</strong></span> <span class='ocrx_word' id='word_1_52' title='bbox 1518 994 1638 1034; x_wconf 90' lang='lat' dir='ltr'><strong>eum</strong></span> <span class='ocrx_word' id='word_1_53' title='bbox 1666 991 1822 1048; x_wconf 89' lang='lat' dir='ltr'><strong>quem</strong></span> <span class='ocrx_word' id='word_1_54' title='bbox 1854 975 2065 1031; x_wconf 83' lang='lat' dir='ltr'><strong>occide-</strong></span> 
     </span>
    </p>
   </div>
   <div class='ocr_carea' id='block_1_9' title="bbox 481 1064 2064 1143">
    <p class='ocr_par' dir='ltr' id='par_1_9' title="bbox 481 1064 2064 1143">
     <span class='ocr_line' id='line_1_9' title="bbox 481 1064 2064 1143; baseline -0.007 -12"><span class='ocrx_word' id='word_1_55' title='bbox 481 1085 633 1141; x_wconf 91' lang='lat' dir='ltr'><strong>rant,</strong></span> <span class='ocrx_word' id='word_1_56' title='bbox 663 1084 722 1130; x_wconf 93' lang='lat' dir='ltr'><strong>ut</strong></span> <span class='ocrx_word' id='word_1_57' title='bbox 747 1075 1013 1130; x_wconf 76' lang='lat' dir='ltr'><strong>discerent</strong></span> <span class='ocrx_word' id='word_1_58' title='bbox 1039 1071 1145 1143; x_wconf 87' lang='lat' dir='ltr'><strong>pati</strong></span> <span class='ocrx_word' id='word_1_59' title='bbox 1183 1085 1280 1142; x_wconf 91' lang='lat' dir='ltr'><strong>pro</strong></span> <span class='ocrx_word' id='word_1_60' title='bbox 1327 1071 1476 1141; x_wconf 87' lang='lat' dir='ltr'><strong>ipso,</strong></span> <span class='ocrx_word' id='word_1_61' title='bbox 1506 1069 1595 1140; x_wconf 87' lang='lat' dir='ltr'><strong>qui</strong></span> <span class='ocrx_word' id='word_1_62' title='bbox 1639 1082 1736 1138; x_wconf 90' lang='lat' dir='ltr'><strong>pro</strong></span> <span class='ocrx_word' id='word_1_63' title='bbox 1770 1066 1898 1138; x_wconf 90' lang='lat' dir='ltr'><strong>ipsis</strong></span> <span class='ocrx_word' id='word_1_64' title='bbox 1924 1075 1976 1122; x_wconf 89' lang='lat' dir='ltr'><strong>et</strong></span> <span class='ocrx_word' id='word_1_65' title='bbox 1997 1064 2064 1120; x_wconf 90' lang='lat' dir='ltr'><strong>ab</strong></span> 
     </span>
    </p>
   </div>
   <div class='ocr_carea' id='block_1_10' title="bbox 479 1169 948 1237">
    <p class='ocr_par' dir='ltr' id='par_1_10' title="bbox 479 1169 948 1237">
     <span class='ocr_line' id='line_1_10' title="bbox 479 1169 948 1237; baseline -0.009 -15"><span class='ocrx_word' id='word_1_66' title='bbox 479 1169 608 1237; x_wconf 80' lang='lat' dir='ltr'><strong>ipsis</strong></span> <span class='ocrx_word' id='word_1_67' title='bbox 634 1181 821 1236; x_wconf 87' lang='lat' dir='ltr'><strong>passus</strong></span> <span class='ocrx_word' id='word_1_68' title='bbox 847 1173 948 1220; x_wconf 86' lang='lat' dir='ltr'><strong>est.</strong></span> 
     </span>
    </p>
   </div>
   <div class='ocr_carea' id='block_1_11' title="bbox 552 1248 2063 1323">
    <p class='ocr_par' dir='ltr' id='par_1_11' title="bbox 552 1248 2063 1323">
     <span class='ocr_line' id='line_1_11' title="bbox 552 1248 2063 1323; baseline -0.007 -10"><span class='ocrx_word' id='word_1_69' title='bbox 552 1255 776 1313; x_wconf 82' lang='lat' dir='ltr'><strong>CAPUT</strong></span> <span class='ocrx_word' id='word_1_70' title='bbox 817 1255 880 1310; x_wconf 87' lang='lat' dir='ltr'><strong>V.</strong></span> <span class='ocrx_word' id='word_1_71' title='bbox 920 1283 994 1296; x_wconf 91' lang='lat'><strong>—-</strong></span> <span class='ocrx_word' id='word_1_72' title='bbox 1019 1253 1155 1309; x_wconf 83' lang='lat' dir='ltr'><strong>Hinc</strong></span> <span class='ocrx_word' id='word_1_73' title='bbox 1192 1266 1323 1323; x_wconf 80' lang='lat' dir='ltr'><strong>ergo</strong></span> <span class='ocrx_word' id='word_1_74' title='bbox 1365 1249 1694 1321; x_wconf 80' lang='lat' dir='ltr'><strong>intelligitur,</strong></span> <span class='ocrx_word' id='word_1_75' title='bbox 1739 1248 1964 1315; x_wconf 80' lang='lat' dir='ltr'><strong>fratres,</strong></span> <span class='ocrx_word' id='word_1_76' title='bbox 1996 1248 2063 1303; x_wconf 88' lang='lat' dir='ltr'><strong>ab</strong></span> 
     </span>
    </p>
   </div>
   <div class='ocr_carea' id='block_1_12' title="bbox 481 1340 2062 1420">
    <p class='ocr_par' dir='ltr' id='par_1_12' title="bbox 481 1340 2062 1420">
     <span class='ocr_line' id='line_1_12' title="bbox 481 1340 2062 1420; baseline -0.006 -16"><span class='ocrx_word' id='word_1_77' title='bbox 481 1349 584 1404; x_wconf 86' lang='lat' dir='ltr'><strong>isto</strong></span> <span class='ocrx_word' id='word_1_78' title='bbox 609 1350 783 1420; x_wconf 79' lang='lat' dir='ltr'><strong>signo,</strong></span> <span class='ocrx_word' id='word_1_79' title='bbox 814 1346 884 1402; x_wconf 87' lang='lat' dir='ltr'><strong>ab</strong></span> <span class='ocrx_word' id='word_1_80' title='bbox 906 1347 1009 1401; x_wconf 90' lang='lat' dir='ltr'><strong>isto</strong></span> <span class='ocrx_word' id='word_1_81' title='bbox 1036 1346 1374 1409; x_wconf 83' lang='lat' dir='ltr'><strong>charactere,</strong></span> <span class='ocrx_word' id='word_1_82' title='bbox 1402 1357 1558 1413; x_wconf 83' lang='lat' dir='ltr'><strong>quem</strong></span> <span class='ocrx_word' id='word_1_83' title='bbox 1586 1340 1776 1410; x_wconf 87' lang='lat' dir='ltr'><strong>accipit</strong></span> <span class='ocrx_word' id='word_1_84' title='bbox 1800 1340 2062 1395; x_wconf 84' lang='lat' dir='ltr'><strong>Christia-</strong></span> 
     </span>
    </p>
   </div>
   <div class='ocr_carea' id='block_1_13' title="bbox 479 1431 2065 1504">
    <p class='ocr_par' dir='ltr' id='par_1_13' title="bbox 479 1431 2065 1504">
     <span class='ocr_line' id='line_1_13' title="bbox 479 1431 2065 1504; baseline -0.004 -12"><span class='ocrx_word' id='word_1_85' title='bbox 479 1454 616 1504; x_wconf 89' lang='lat' dir='ltr'><strong>nus,</strong></span> <span class='ocrx_word' id='word_1_86' title='bbox 648 1449 807 1494; x_wconf 90' lang='lat' dir='ltr'><strong>cttam</strong></span> <span class='ocrx_word' id='word_1_87' title='bbox 855 1452 973 1493; x_wconf 87' lang='lat' dir='ltr'><strong>cum</strong></span> <span class='ocrx_word' id='word_1_88' title='bbox 1017 1437 1075 1491; x_wconf 86' lang='lat' dir='ltr'><strong>lit</strong></span> <span class='ocrx_word' id='word_1_89' title='bbox 1117 1437 1568 1496; x_wconf 79' lang='lat' dir='ltr'><strong>catechumeuus;</strong></span> <span class='ocrx_word' id='word_1_90' title='bbox 1604 1433 1725 1486; x_wconf 85' lang='lat' dir='ltr'><strong>hinc</strong></span> <span class='ocrx_word' id='word_1_91' title='bbox 1751 1431 2065 1501; x_wconf 84' lang='lat' dir='ltr'><strong>intelligitur</strong></span> 
     </span>
    </p>
   </div>
   <div class='ocr_carea' id='block_1_14' title="bbox 478 1525 2059 1601">
    <p class='ocr_par' dir='ltr' id='par_1_14' title="bbox 478 1525 2059 1601">
     <span class='ocr_line' id='line_1_14' title="bbox 478 1525 2059 1601; baseline -0.006 -15"><span class='ocrx_word' id='word_1_92' title='bbox 478 1546 642 1601; x_wconf 87' lang='lat' dir='ltr'><strong>quare</strong></span> <span class='ocrx_word' id='word_1_93' title='bbox 665 1544 847 1586; x_wconf 85' lang='lat' dir='ltr'><strong>sumus</strong></span> <span class='ocrx_word' id='word_1_94' title='bbox 869 1529 1179 1592; x_wconf 81' lang='lat' dir='ltr'><strong>Christiani,</strong></span> <span class='ocrx_word' id='word_1_95' title='bbox 1209 1527 1332 1597; x_wconf 86' lang='lat' dir='ltr'><strong>quia</strong></span> <span class='ocrx_word' id='word_1_96' title='bbox 1369 1540 1473 1581; x_wconf 88' lang='lat' dir='ltr'><strong>non</strong></span> <span class='ocrx_word' id='word_1_97' title='bbox 1506 1535 1719 1595; x_wconf 88' lang='lat' dir='ltr'><strong>propter</strong></span> <span class='ocrx_word' id='word_1_98' title='bbox 1751 1525 2059 1594; x_wconf 84' lang='lat' dir='ltr'><strong>temporalia</strong></span> 
     </span>
    </p>
   </div>
   <div class='ocr_carea' id='block_1_15' title="bbox 477 1617 2058 1687">
    <p class='ocr_par' dir='ltr' id='par_1_15' title="bbox 477 1617 2058 1687">
     <span class='ocr_line' id='line_1_15' title="bbox 477 1617 2058 1687; baseline -0.003 -12"><span class='ocrx_word' id='word_1_99' title='bbox 477 1631 530 1682; x_wconf 77' lang='lat' dir='ltr'><strong>et</strong></span> <span class='ocrx_word' id='word_1_100' title='bbox 573 1622 901 1678; x_wconf 76' lang='lat' dir='ltr'><strong>transeuntis</strong></span> <span class='ocrx_word' id='word_1_101' title='bbox 922 1663 936 1687; x_wconf 94' lang='lat'><strong>,</strong></span> <span class='ocrx_word' id='word_1_102' title='bbox 964 1620 1048 1676; x_wconf 88' lang='lat' dir='ltr'><strong>vel</strong></span> <span class='ocrx_word' id='word_1_103' title='bbox 1091 1620 1228 1674; x_wconf 89' lang='lat' dir='ltr'><strong>bona</strong></span> <span class='ocrx_word' id='word_1_104' title='bbox 1248 1659 1264 1686; x_wconf 95' lang='lat'><strong>,</strong></span> <span class='ocrx_word' id='word_1_105' title='bbox 1295 1619 1374 1673; x_wconf 92' lang='lat' dir='ltr'><strong>vel</strong></span> <span class='ocrx_word' id='word_1_106' title='bbox 1398 1617 1534 1672; x_wconf 83' lang='lat' dir='ltr'><strong>mala</strong></span> <span class='ocrx_word' id='word_1_107' title='bbox 1555 1659 1570 1681; x_wconf 89' lang='lat'><strong>,</strong></span> <span class='ocrx_word' id='word_1_108' title='bbox 1603 1617 1694 1672; x_wconf 87' lang='lat' dir='ltr'><strong>sed</strong></span> <span class='ocrx_word' id='word_1_109' title='bbox 1736 1625 1951 1686; x_wconf 81' lang='lat' dir='ltr'><strong>propter</strong></span> <span class='ocrx_word' id='word_1_110' title='bbox 1978 1617 2058 1670; x_wconf 83' lang='lat' dir='ltr'><strong>vi-</strong></span> 
     </span>
    </p>
   </div>
   <div class='ocr_carea' id='block_1_16' title="bbox 477 1706 2058 1782">
    <p class='ocr_par' dir='ltr' id='par_1_16' title="bbox 477 1706 2058 1782">
     <span class='ocr_line' id='line_1_16' title="bbox 477 1706 2058 1782; baseline -0.005 -14"><span class='ocrx_word' id='word_1_111' title='bbox 477 1711 636 1768; x_wconf 82' lang='lat' dir='ltr'><strong>lauda</strong></span> <span class='ocrx_word' id='word_1_112' title='bbox 676 1712 816 1768; x_wconf 88' lang='lat' dir='ltr'><strong>mala</strong></span> <span class='ocrx_word' id='word_1_113' title='bbox 861 1727 980 1782; x_wconf 76' lang='lat' dir='ltr'><strong>qua:</strong></span> <span class='ocrx_word' id='word_1_114' title='bbox 1024 1726 1130 1765; x_wconf 93' lang='lat' dir='ltr'><strong>non</strong></span> <span class='ocrx_word' id='word_1_115' title='bbox 1178 1708 1510 1773; x_wconf 84' lang='lat' dir='ltr'><strong>transibunt,</strong></span> <span class='ocrx_word' id='word_1_116' title='bbox 1539 1717 1592 1763; x_wconf 94' lang='lat' dir='ltr'><strong>et</strong></span> <span class='ocrx_word' id='word_1_117' title='bbox 1636 1717 1849 1776; x_wconf 90' lang='lat' dir='ltr'><strong>propter</strong></span> <span class='ocrx_word' id='word_1_118' title='bbox 1887 1706 2058 1777; x_wconf 88' lang='lat' dir='ltr'><strong>adipi-</strong></span> 
     </span>
    </p>
   </div>
   <div class='ocr_carea' id='block_1_17' title="bbox 475 1799 1749 1873">
    <p class='ocr_par' dir='ltr' id='par_1_17' title="bbox 475 1799 1749 1873">
     <span class='ocr_line' id='line_1_17' title="bbox 475 1799 1749 1873; baseline -0.005 -15"><span class='ocrx_word' id='word_1_119' title='bbox 475 1802 671 1860; x_wconf 86' lang='lat' dir='ltr'><strong>scenda</strong></span> <span class='ocrx_word' id='word_1_120' title='bbox 696 1802 833 1860; x_wconf 89' lang='lat' dir='ltr'><strong>bona</strong></span> <span class='ocrx_word' id='word_1_121' title='bbox 862 1818 982 1873; x_wconf 61' lang='lat' dir='ltr'><strong>qua</strong></span> <span class='ocrx_word' id='word_1_122' title='bbox 1010 1801 1292 1857; x_wconf 85' lang='lat' dir='ltr'><strong>terminum</strong></span> <span class='ocrx_word' id='word_1_123' title='bbox 1323 1816 1427 1854; x_wconf 90' lang='lat' dir='ltr'><strong>non</strong></span> <span class='ocrx_word' id='word_1_124' title='bbox 1461 1799 1749 1854; x_wconf 89' lang='lat' dir='ltr'><strong>habebunt.</strong></span> 
     </span>
    </p>
   </div>
   <div class='ocr_carea' id='block_1_18' title="bbox 543 1889 2060 1961">
    <p class='ocr_par' dir='ltr' id='par_1_18' title="bbox 543 1889 2060 1961">
     <span class='ocr_line' id='line_1_18' title="bbox 543 1889 2060 1961; baseline -0.008 -8"><span class='ocrx_word' id='word_1_125' title='bbox 543 1892 769 1953; x_wconf 73' lang='lat' dir='ltr'><strong>CAPUT</strong></span> <span class='ocrx_word' id='word_1_126' title='bbox 800 1893 888 1948; x_wconf 81' lang='lat' dir='ltr'><strong>VI.</strong></span> <span class='ocrx_word' id='word_1_127' title='bbox 915 1922 986 1934; x_wconf 92' lang='lat'><strong>—-</strong></span> <span class='ocrx_word' id='word_1_128' title='bbox 1009 1895 1061 1948; x_wconf 76' lang='grc'><strong>4.</strong></span> <span class='ocrx_word' id='word_1_129' title='bbox 1103 1891 1220 1947; x_wconf 81' lang='lat' dir='ltr'><strong>Vita</strong></span> <span class='ocrx_word' id='word_1_130' title='bbox 1252 1890 1542 1961; x_wconf 86' lang='lat' dir='ltr'><strong>temporalis</strong></span> <span class='ocrx_word' id='word_1_131' title='bbox 1579 1891 1790 1943; x_wconf 87' lang='lat' dir='ltr'><strong>multum</strong></span> <span class='ocrx_word' id='word_1_132' title='bbox 1811 1889 2060 1960; x_wconf 80' lang='lat' dir='ltr'><strong>diligitur;</strong></span> 
     </span>
    </p>
   </div>
   <div class='ocr_carea' id='block_1_19' title="bbox 475 1981 2060 2050">
    <p class='ocr_par' dir='ltr' id='par_1_19' title="bbox 475 1981 2060 2050">
     <span class='ocr_line' id='line_1_19' title="bbox 475 1981 2060 2050; baseline -0.004 -8"><span class='ocrx_word' id='word_1_133' title='bbox 475 2003 577 2044; x_wconf 70' lang='lat' dir='ltr'><strong>non</strong></span> <span class='ocrx_word' id='word_1_134' title='bbox 613 1987 688 2042; x_wconf 85' lang='lat' dir='ltr'><strong>sic</strong></span> <span class='ocrx_word' id='word_1_135' title='bbox 725 1988 828 2042; x_wconf 77' lang='lat' dir='ltr'><strong>vita</strong></span> <span class='ocrx_word' id='word_1_136' title='bbox 865 1996 1074 2042; x_wconf 70' lang='lat' dir='ltr'><strong>curua.</strong></span> <span class='ocrx_word' id='word_1_137' title='bbox 1116 1983 1532 2048; x_wconf 74' lang='lat' dir='ltr'><strong>Verumtamen,</strong></span> <span class='ocrx_word' id='word_1_138' title='bbox 1565 1991 1622 2036; x_wconf 93' lang='lat' dir='ltr'><strong>ut</strong></span> <span class='ocrx_word' id='word_1_139' title='bbox 1664 1981 1840 2036; x_wconf 81' lang='lat' dir='ltr'><strong>dicere</strong></span> <span class='ocrx_word' id='word_1_140' title='bbox 1877 1995 2060 2050; x_wconf 72' lang='lat' dir='ltr'><strong>coepe-</strong></span> 
     </span>
    </p>
   </div>
   <div class='ocr_carea' id='block_1_20' title="bbox 475 2073 2058 2148">
    <p class='ocr_par' dir='ltr' id='par_1_20' title="bbox 475 2073 2058 2148">
     <span class='ocr_line' id='line_1_20' title="bbox 475 2073 2058 2148; baseline -0.004 -14"><span class='ocrx_word' id='word_1_141' title='bbox 475 2094 624 2145; x_wconf 86' lang='lat' dir='ltr'><strong>ram,</strong></span> <span class='ocrx_word' id='word_1_142' title='bbox 653 2077 882 2146; x_wconf 86' lang='lat' dir='ltr'><strong>fratres,</strong></span> <span class='ocrx_word' id='word_1_143' title='bbox 929 2076 1071 2148; x_wconf 91' lang='lat' dir='ltr'><strong>quod</strong></span> <span class='ocrx_word' id='word_1_144' title='bbox 1117 2076 1532 2141; x_wconf 89' lang='lat' dir='ltr'><strong>admonueram,</strong></span> <span class='ocrx_word' id='word_1_145' title='bbox 1584 2073 1725 2144; x_wconf 90' lang='lat' dir='ltr'><strong>quod</strong></span> <span class='ocrx_word' id='word_1_146' title='bbox 1770 2086 2058 2144; x_wconf 87' lang='lat' dir='ltr'><strong>proposue-</strong></span> 
     </span>
    </p>
   </div>
   <div class='ocr_carea' id='block_1_21' title="bbox 475 2163 2060 2236">
    <p class='ocr_par' dir='ltr' id='par_1_21' title="bbox 475 2163 2060 2236">
     <span class='ocr_line' id='line_1_21' title="bbox 475 2163 2060 2236; baseline -0.006 -9"><span class='ocrx_word' id='word_1_147' title='bbox 475 2185 624 2236; x_wconf 86' lang='lat' dir='ltr'><strong>ram,</strong></span> <span class='ocrx_word' id='word_1_148' title='bbox 669 2171 895 2226; x_wconf 81' lang='lat' dir='ltr'><strong>obsecro</strong></span> <span class='ocrx_word' id='word_1_149' title='bbox 937 2183 1068 2234; x_wconf 86' lang='lat' dir='ltr'><strong>vos,</strong></span> <span class='ocrx_word' id='word_1_150' title='bbox 1094 2165 1462 2230; x_wconf 87' lang='lat' dir='ltr'><strong>attendamus,</strong></span> <span class='ocrx_word' id='word_1_151' title='bbox 1493 2164 1759 2235; x_wconf 90' lang='lat' dir='ltr'><strong>quomodo</strong></span> <span class='ocrx_word' id='word_1_152' title='bbox 1810 2163 2060 2234; x_wconf 79' lang='lat' dir='ltr'><strong>diligatur</strong></span> 
     </span>
    </p>
   </div>
   <div class='ocr_carea' id='block_1_22' title="bbox 474 2257 2059 2332">
    <p class='ocr_par' dir='ltr' id='par_1_22' title="bbox 474 2257 2059 2332">
     <span class='ocr_line' id='line_1_22' title="bbox 474 2257 2059 2332; baseline -0.004 -15"><span class='ocrx_word' id='word_1_153' title='bbox 474 2263 582 2318; x_wconf 86' lang='lat' dir='ltr'><strong>vita</strong></span> <span class='ocrx_word' id='word_1_154' title='bbox 599 2262 700 2320; x_wconf 88' lang='lat' dir='ltr'><strong>ista</strong></span> <span class='ocrx_word' id='word_1_155' title='bbox 717 2261 1023 2332; x_wconf 78' lang='lat' dir='ltr'><strong>temporalis</strong></span> <span class='ocrx_word' id='word_1_156' title='bbox 1042 2259 1109 2316; x_wconf 87' lang='lat' dir='ltr'><strong>ab</strong></span> <span class='ocrx_word' id='word_1_157' title='bbox 1124 2258 1449 2314; x_wconf 85' lang='lat' dir='ltr'><strong>ama.oribus</strong></span> <span class='ocrx_word' id='word_1_158' title='bbox 1464 2257 1602 2322; x_wconf 88' lang='lat' dir='ltr'><strong>suis;</strong></span> <span class='ocrx_word' id='word_1_159' title='bbox 1623 2259 1674 2311; x_wconf 92' lang='lat' dir='ltr'><strong>in</strong></span> <span class='ocrx_word' id='word_1_160' title='bbox 1695 2273 1853 2327; x_wconf 87' lang='lat' dir='ltr'><strong>quam</strong></span> <span class='ocrx_word' id='word_1_161' title='bbox 1868 2269 2059 2327; x_wconf 79' lang='lat' dir='ltr'><strong>magno</strong></span> 
     </span>
    </p>
   </div>
   <div class='ocr_carea' id='block_1_23' title="bbox 476 2349 2057 2418">
    <p class='ocr_par' dir='ltr' id='par_1_23' title="bbox 476 2349 2057 2418">
     <span class='ocr_line' id='line_1_23' title="bbox 476 2349 2057 2418; baseline -0.004 -8"><span class='ocrx_word' id='word_1_162' title='bbox 476 2355 668 2418; x_wconf 82' lang='lat' dir='ltr'><strong>timore</strong></span> <span class='ocrx_word' id='word_1_163' title='bbox 694 2364 818 2412; x_wconf 84' lang='lat' dir='ltr'><strong>sunt</strong></span> <span class='ocrx_word' id='word_1_164' title='bbox 842 2354 1086 2410; x_wconf 82' lang='lat' dir='ltr'><strong>homines</strong></span> <span class='ocrx_word' id='word_1_165' title='bbox 1109 2391 1124 2417; x_wconf 89' lang='lat'><strong>,</strong></span> <span class='ocrx_word' id='word_1_166' title='bbox 1157 2368 1226 2407; x_wconf 86' lang='lat' dir='ltr'><strong>ne</strong></span> <span class='ocrx_word' id='word_1_167' title='bbox 1245 2351 1540 2407; x_wconf 85' lang='lat' dir='ltr'><strong>moriantur</strong></span> <span class='ocrx_word' id='word_1_168' title='bbox 1565 2349 1828 2404; x_wconf 90' lang='lat' dir='ltr'><strong>morituri.</strong></span> <span class='ocrx_word' id='word_1_169' title='bbox 1860 2349 2057 2404; x_wconf 79' lang='lat' dir='ltr'><strong>Videas</strong></span> 
     </span>
    </p>
   </div>
   <div class='ocr_carea' id='block_1_24' title="bbox 474 2442 2058 2516">
    <p class='ocr_par' dir='ltr' id='par_1_24' title="bbox 474 2442 2058 2516">
     <span class='ocr_line' id='line_1_24' title="bbox 474 2442 2058 2516; baseline -0.004 -14"><span class='ocrx_word' id='word_1_170' title='bbox 474 2449 745 2506; x_wconf 73' lang='lat' dir='ltr'><strong>hominem</strong></span> <span class='ocrx_word' id='word_1_171' title='bbox 775 2456 1030 2512; x_wconf 77' lang='lat' dir='ltr'><strong>tremere,</strong></span> <span class='ocrx_word' id='word_1_172' title='bbox 1057 2444 1270 2516; x_wconf 75' lang='lat' dir='ltr'><strong>iugere,</strong></span> <span class='ocrx_word' id='word_1_173' title='bbox 1299 2444 1528 2499; x_wconf 83' lang='lat' dir='ltr'><strong>latebras</strong></span> <span class='ocrx_word' id='word_1_174' title='bbox 1569 2458 1843 2514; x_wconf 77' lang='lat' dir='ltr'><strong>quaerere,</strong></span> <span class='ocrx_word' id='word_1_175' title='bbox 1876 2442 2058 2497; x_wconf 79' lang='lat' dir='ltr'><strong>defen-</strong></span> 
     </span>
    </p>
   </div>
   <div class='ocr_carea' id='block_1_25' title="bbox 474 2533 2054 2608">
    <p class='ocr_par' dir='ltr' id='par_1_25' title="bbox 474 2533 2054 2608">
     <span class='ocr_line' id='line_1_25' title="bbox 474 2533 2054 2608; baseline -0.006 -14"><span class='ocrx_word' id='word_1_176' title='bbox 474 2540 656 2598; x_wconf 73' lang='lat' dir='ltr'><strong>siones</strong></span> <span class='ocrx_word' id='word_1_177' title='bbox 693 2538 974 2608; x_wconf 69' lang='lat' dir='ltr'><strong>aucupari,</strong></span> <span class='ocrx_word' id='word_1_178' title='bbox 1005 2551 1228 2606; x_wconf 77' lang='lat' dir='ltr'><strong>rogare,</strong></span> <span class='ocrx_word' id='word_1_179' title='bbox 1273 2533 1546 2604; x_wconf 76' lang='lat' dir='ltr'><strong>provolvi;</strong></span> <span class='ocrx_word' id='word_1_180' title='bbox 1592 2533 1637 2588; x_wconf 92' lang='lat' dir='ltr'><strong>si</strong></span> <span class='ocrx_word' id='word_1_181' title='bbox 1687 2533 1799 2588; x_wconf 80' lang='lat' dir='ltr'><strong>ﬁeri</strong></span> <span class='ocrx_word' id='word_1_182' title='bbox 1849 2540 2054 2601; x_wconf 79' lang='lat' dir='ltr'><strong>potest,</strong></span> 
     </span>
    </p>
   </div>
   <div class='ocr_carea' id='block_1_26' title="bbox 473 2625 2058 2702">
    <p class='ocr_par' dir='ltr' id='par_1_26' title="bbox 473 2625 2058 2702">
     <span class='ocr_line' id='line_1_26' title="bbox 473 2625 2058 2702; baseline -0.005 -14"><span class='ocrx_word' id='word_1_183' title='bbox 473 2630 725 2702; x_wconf 80' lang='lat' dir='ltr'><strong>quidquid</strong></span> <span class='ocrx_word' id='word_1_184' title='bbox 752 2630 932 2695; x_wconf 79' lang='lat' dir='ltr'><strong>habet,</strong></span> <span class='ocrx_word' id='word_1_185' title='bbox 954 2628 1104 2696; x_wconf 83' lang='lat' dir='ltr'><strong>dare,</strong></span> <span class='ocrx_word' id='word_1_186' title='bbox 1131 2635 1192 2683; x_wconf 87' lang='lat' dir='ltr'><strong>ut</strong></span> <span class='ocrx_word' id='word_1_187' title='bbox 1210 2628 1316 2682; x_wconf 88' lang='lat' dir='ltr'><strong>vita</strong></span> <span class='ocrx_word' id='word_1_188' title='bbox 1341 2627 1586 2691; x_wconf 89' lang='lat' dir='ltr'><strong>donetur,</strong></span> <span class='ocrx_word' id='word_1_189' title='bbox 1613 2635 1668 2680; x_wconf 92' lang='lat' dir='ltr'><strong>ut</strong></span> <span class='ocrx_word' id='word_1_190' title='bbox 1693 2641 1801 2682; x_wconf 91' lang='lat' dir='ltr'><strong>uno</strong></span> <span class='ocrx_word' id='word_1_191' title='bbox 1826 2625 1911 2680; x_wconf 91' lang='lat' dir='ltr'><strong>die</strong></span> <span class='ocrx_word' id='word_1_192' title='bbox 1939 2626 2058 2695; x_wconf 86' lang='lat' dir='ltr'><strong>plus</strong></span> 
     </span>
    </p>
   </div>
   <div class='ocr_carea' id='block_1_27' title="bbox 473 2718 2058 2790">
    <p class='ocr_par' dir='ltr' id='par_1_27' title="bbox 473 2718 2058 2790">
     <span class='ocr_line' id='line_1_27' title="bbox 473 2718 2058 2790; baseline -0.003 -12"><span class='ocrx_word' id='word_1_193' title='bbox 473 2724 698 2790; x_wconf 84' lang='lat' dir='ltr'><strong>vivatur,</strong></span> <span class='ocrx_word' id='word_1_194' title='bbox 726 2730 783 2776; x_wconf 91' lang='lat' dir='ltr'><strong>ut</strong></span> <span class='ocrx_word' id='word_1_195' title='bbox 811 2731 938 2776; x_wconf 72' lang='lat' dir='ltr'><strong>tetas</strong></span> <span class='ocrx_word' id='word_1_196' title='bbox 967 2721 1166 2775; x_wconf 87' lang='lat' dir='ltr'><strong>incerta</strong></span> <span class='ocrx_word' id='word_1_197' title='bbox 1188 2733 1400 2789; x_wconf 88' lang='lat' dir='ltr'><strong>semper</strong></span> <span class='ocrx_word' id='word_1_198' title='bbox 1419 2719 1690 2790; x_wconf 85' lang='lat' dir='ltr'><strong>aliquanto</strong></span> <span class='ocrx_word' id='word_1_199' title='bbox 1715 2718 1912 2772; x_wconf 87' lang='lat' dir='ltr'><strong>diutius</strong></span> <span class='ocrx_word' id='word_1_200' title='bbox 1937 2731 2058 2787; x_wconf 83' lang='lat' dir='ltr'><strong>pro-</strong></span> 
     </span>
    </p>
   </div>
   <div class='ocr_carea' id='block_1_28' title="bbox 473 2810 2055 2883">
    <p class='ocr_par' dir='ltr' id='par_1_28' title="bbox 473 2810 2055 2883">
     <span class='ocr_line' id='line_1_28' title="bbox 473 2810 2055 2883; baseline -0.005 -11"><span class='ocrx_word' id='word_1_201' title='bbox 473 2817 736 2876; x_wconf 85' lang='lat' dir='ltr'><strong>tendatur.</strong></span> <span class='ocrx_word' id='word_1_202' title='bbox 759 2816 928 2873; x_wconf 81' lang='lat' dir='ltr'><strong>Tanta</strong></span> <span class='ocrx_word' id='word_1_203' title='bbox 954 2814 1152 2871; x_wconf 82' lang='lat' dir='ltr'><strong>faciunt</strong></span> <span class='ocrx_word' id='word_1_204' title='bbox 1172 2813 1412 2867; x_wconf 80' lang='lat' dir='ltr'><strong>homines</strong></span> <span class='ocrx_word' id='word_1_205' title='bbox 1434 2829 1446 2866; x_wconf 91' lang='lat'><strong>:</strong></span> <span class='ocrx_word' id='word_1_206' title='bbox 1472 2811 1592 2883; x_wconf 87' lang='lat' dir='ltr'><strong>quis</strong></span> <span class='ocrx_word' id='word_1_207' title='bbox 1614 2812 1717 2866; x_wconf 84' lang='lat' dir='ltr'><strong>tale</strong></span> <span class='ocrx_word' id='word_1_208' title='bbox 1737 2810 1933 2881; x_wconf 89' lang='lat' dir='ltr'><strong>aliquid</strong></span> <span class='ocrx_word' id='word_1_209' title='bbox 1959 2826 2055 2881; x_wconf 92' lang='lat' dir='ltr'><strong>pro</strong></span> 
     </span>
    </p>
   </div>
   <div class='ocr_carea' id='block_1_29' title="bbox 472 2904 2053 2978">
    <p class='ocr_par' dir='ltr' id='par_1_29' title="bbox 472 2904 2053 2978">
     <span class='ocr_line' id='line_1_29' title="bbox 472 2904 2053 2978; baseline -0.004 -14"><span class='ocrx_word' id='word_1_210' title='bbox 472 2908 578 2968; x_wconf 84' lang='lat' dir='ltr'><strong>vita</strong></span> <span class='ocrx_word' id='word_1_211' title='bbox 603 2907 842 2968; x_wconf 71' lang='lat' dir='ltr'><strong>aeterna?</strong></span> <span class='ocrx_word' id='word_1_212' title='bbox 872 2907 1219 2978; x_wconf 75' lang='lat' dir='ltr'><strong>Alloquamur</strong></span> <span class='ocrx_word' id='word_1_213' title='bbox 1254 2914 1550 2959; x_wconf 85' lang='lat' dir='ltr'><strong>amatorem</strong></span> <span class='ocrx_word' id='word_1_214' title='bbox 1589 2904 1866 2973; x_wconf 64' lang='lat' dir='ltr'><strong>praesentis</strong></span> <span class='ocrx_word' id='word_1_215' title='bbox 1892 2904 2010 2957; x_wconf 70' lang='lat' dir='ltr'><strong>vine</strong></span> <span class='ocrx_word' id='word_1_216' title='bbox 2037 2919 2053 2958; x_wconf 88' lang='lat'><strong>:</strong></span> 
     </span>
    </p>
   </div>
   <div class='ocr_carea' id='block_1_30' title="bbox 470 2994 2055 3071">
    <p class='ocr_par' dir='ltr' id='par_1_30' title="bbox 470 2994 2055 3071">
     <span class='ocr_line' id='line_1_30' title="bbox 470 2994 2055 3071; baseline -0.005 -14"><span class='ocrx_word' id='word_1_217' title='bbox 470 3000 607 3068; x_wconf 87' lang='lat' dir='ltr'><strong>Quid</strong></span> <span class='ocrx_word' id='word_1_218' title='bbox 631 3001 789 3071; x_wconf 64' lang='lat' dir='ltr'><strong>agis?</strong></span> <span class='ocrx_word' id='word_1_219' title='bbox 812 2999 939 3069; x_wconf 89' lang='lat' dir='ltr'><strong>quid</strong></span> <span class='ocrx_word' id='word_1_220' title='bbox 967 2997 1225 3054; x_wconf 67' lang='lat' dir='ltr'><strong>festinas?</strong></span> <span class='ocrx_word' id='word_1_221' title='bbox 1251 2995 1378 3066; x_wconf 87' lang='lat' dir='ltr'><strong>quid</strong></span> <span class='ocrx_word' id='word_1_222' title='bbox 1421 2995 1698 3066; x_wconf 86' lang='lat' dir='ltr'><strong>trepidas?</strong></span> <span class='ocrx_word' id='word_1_223' title='bbox 1727 2995 1850 3065; x_wconf 90' lang='lat' dir='ltr'><strong>quid</strong></span> <span class='ocrx_word' id='word_1_224' title='bbox 1879 2994 2055 3066; x_wconf 87' lang='lat' dir='ltr'><strong>fugis?</strong></span> 
     </span>
    </p>
   </div>
   <div class='ocr_carea' id='block_1_31' title="bbox 471 3086 2053 3162">
    <p class='ocr_par' dir='ltr' id='par_1_31' title="bbox 471 3086 2053 3162">
     <span class='ocr_line' id='line_1_31' title="bbox 471 3086 2053 3162; baseline -0.003 -15"><span class='ocrx_word' id='word_1_225' title='bbox 471 3091 595 3162; x_wconf 79' lang='lat' dir='ltr'><strong>quid</strong></span> <span class='ocrx_word' id='word_1_226' title='bbox 621 3092 850 3147; x_wconf 80' lang='lat' dir='ltr'><strong>latebras</strong></span> <span class='ocrx_word' id='word_1_227' title='bbox 885 3089 1114 3160; x_wconf 67' lang='lat' dir='ltr'><strong>quieris?</strong></span> <span class='ocrx_word' id='word_1_228' title='bbox 1146 3088 1213 3144; x_wconf 88' lang='lat' dir='ltr'><strong>Ut</strong></span> <span class='ocrx_word' id='word_1_229' title='bbox 1249 3089 1452 3151; x_wconf 87' lang='lat' dir='ltr'><strong>vivam,</strong></span> <span class='ocrx_word' id='word_1_230' title='bbox 1483 3087 1668 3157; x_wconf 82' lang='lat' dir='ltr'><strong>inquit.</strong></span> <span class='ocrx_word' id='word_1_231' title='bbox 1705 3086 1864 3143; x_wconf 85' lang='lat' dir='ltr'><strong>Certe</strong></span> <span class='ocrx_word' id='word_1_232' title='bbox 1888 3097 1944 3142; x_wconf 87' lang='lat' dir='ltr'><strong>ttt</strong></span> <span class='ocrx_word' id='word_1_233' title='bbox 1972 3089 2053 3142; x_wconf 89' lang='lat' dir='ltr'><strong>vi-</strong></span> 
     </span>
    </p>
   </div>
   <div class='ocr_carea' id='block_1_32' title="bbox 470 3179 2053 3251">
    <p class='ocr_par' dir='ltr' id='par_1_32' title="bbox 470 3179 2053 3251">
     <span class='ocr_line' id='line_1_32' title="bbox 470 3179 2053 3251; baseline -0.001 -15"><span class='ocrx_word' id='word_1_234' title='bbox 470 3183 600 3244; x_wconf 75' lang='lat' dir='ltr'><strong>vas?</strong></span> <span class='ocrx_word' id='word_1_235' title='bbox 627 3182 697 3240; x_wconf 87' lang='lat' dir='ltr'><strong>Ut</strong></span> <span class='ocrx_word' id='word_1_236' title='bbox 724 3183 870 3240; x_wconf 77' lang='lat' dir='ltr'><strong>vivas</strong></span> <span class='ocrx_word' id='word_1_237' title='bbox 911 3196 1127 3250; x_wconf 80' lang='lat' dir='ltr'><strong>semper</strong></span> <span class='ocrx_word' id='word_1_238' title='bbox 1163 3179 1434 3236; x_wconf 76' lang='lat' dir='ltr'><strong>victurus?</strong></span> <span class='ocrx_word' id='word_1_239' title='bbox 1457 3179 1594 3234; x_wconf 81' lang='lat' dir='ltr'><strong>Non.</strong></span> <span class='ocrx_word' id='word_1_240' title='bbox 1627 3179 1739 3233; x_wconf 82' lang='lat' dir='ltr'><strong>Non</strong></span> <span class='ocrx_word' id='word_1_241' title='bbox 1764 3195 1890 3251; x_wconf 79' lang='lat' dir='ltr'><strong>ergo</strong></span> <span class='ocrx_word' id='word_1_242' title='bbox 1911 3196 2053 3235; x_wconf 86' lang='lat' dir='ltr'><strong>mor-</strong></span> 
     </span>
    </p>
   </div>
   <div class='ocr_carea' id='block_1_33' title="bbox 471 3269 2055 3344">
    <p class='ocr_par' dir='ltr' id='par_1_33' title="bbox 471 3269 2055 3344">
     <span class='ocr_line' id='line_1_33' title="bbox 471 3269 2055 3344; baseline -0.001 -16"><span class='ocrx_word' id='word_1_243' title='bbox 471 3283 581 3329; x_wconf 87' lang='lat' dir='ltr'><strong>tem</strong></span> <span class='ocrx_word' id='word_1_244' title='bbox 604 3282 803 3344; x_wconf 68' lang='lat' dir='ltr'><strong>satagis</strong></span> <span class='ocrx_word' id='word_1_245' title='bbox 843 3269 1203 3332; x_wconf 75' lang='lat' dir='ltr'><strong>auferre.sed</strong></span> <span class='ocrx_word' id='word_1_246' title='bbox 1231 3269 1464 3326; x_wconf 74' lang='lat' dir='ltr'><strong>dill&#39;erre.</strong></span> <span class='ocrx_word' id='word_1_247' title='bbox 1497 3269 1597 3336; x_wconf 84' lang='lat' dir='ltr'><strong>Qui</strong></span> <span class='ocrx_word' id='word_1_248' title='bbox 1637 3279 1780 3324; x_wconf 88' lang='lat' dir='ltr'><strong>tanta</strong></span> <span class='ocrx_word' id='word_1_249' title='bbox 1817 3271 1962 3342; x_wconf 80' lang='lat' dir='ltr'><strong>agis,</strong></span> <span class='ocrx_word' id='word_1_250' title='bbox 1999 3281 2055 3327; x_wconf 93' lang='lat' dir='ltr'><strong>ut</strong></span> 
     </span>
    </p>
   </div>
   <div class='ocr_carea' id='block_1_34' title="bbox 468 3361 2054 3433">
    <p class='ocr_par' dir='ltr' id='par_1_34' title="bbox 468 3361 2054 3433">
     <span class='ocr_line' id='line_1_34' title="bbox 468 3361 2054 3433; baseline -0.005 -8"><span class='ocrx_word' id='word_1_251' title='bbox 468 3365 627 3425; x_wconf 73' lang='lat' dir='ltr'><strong>Daqu</strong></span> <span class='ocrx_word' id='word_1_252' title='bbox 653 3364 826 3421; x_wconf 76' lang='lat' dir='ltr'><strong>serius</strong></span> <span class='ocrx_word' id='word_1_253' title='bbox 848 3361 1094 3420; x_wconf 66' lang='lat' dir='ltr'><strong>moriaris</strong></span> <span class='ocrx_word' id='word_1_254' title='bbox 1111 3399 1130 3428; x_wconf 81' lang='grc'><strong>,</strong></span> <span class='ocrx_word' id='word_1_255' title='bbox 1156 3373 1258 3433; x_wconf 65' lang='grc' dir='ltr'><strong>διο</strong></span> <span class='ocrx_word' id='word_1_256' title='bbox 1280 3361 1479 3431; x_wconf 84' lang='lat' dir='ltr'><strong>aliquid</strong></span> <span class='ocrx_word' id='word_1_257' title='bbox 1499 3402 1514 3426; x_wconf 94' lang='lat'><strong>,</strong></span> <span class='ocrx_word' id='word_1_258' title='bbox 1547 3371 1603 3415; x_wconf 88' lang='lat' dir='ltr'><strong>ut</strong></span> <span class='ocrx_word' id='word_1_259' title='bbox 1633 3376 1900 3431; x_wconf 79' lang='lat' dir='ltr'><strong>nunquam</strong></span> <span class='ocrx_word' id='word_1_260' title='bbox 1939 3377 2054 3418; x_wconf 90' lang='lat' dir='ltr'><strong>mo-</strong></span> 
     </span>
    </p>
   </div>
   <div class='ocr_carea' id='block_1_35' title="bbox 467 3453 640 3516">
    <p class='ocr_par' dir='ltr' id='par_1_35' title="bbox 467 3453 640 3516">
     <span class='ocr_line' id='line_1_35' title="bbox 467 3453 640 3516; baseline 0 -8"><span class='ocrx_word' id='word_1_261' title='bbox 467 3453 640 3516; x_wconf 77' lang='lat' dir='ltr'><strong>riaris.</strong></span> 
     </span>
    </p>
   </div>
   <div class='ocr_carea' id='block_1_36' title="bbox 536 3543 2050 3610">
    <p class='ocr_par' dir='ltr' id='par_1_36' title="bbox 536 3543 2050 3610">
     <span class='ocr_line' id='line_1_36' title="bbox 536 3543 2050 3610; baseline -0.003 -6"><span class='ocrx_word' id='word_1_262' title='bbox 536 3548 590 3604; x_wconf 83' lang='lat'><strong>5.</strong></span> <span class='ocrx_word' id='word_1_263' title='bbox 633 3546 936 3604; x_wconf 71' lang='lat' dir='ltr'><strong>Necessaria</strong></span> <span class='ocrx_word' id='word_1_264' title='bbox 977 3545 1068 3602; x_wconf 72' lang='lat' dir='ltr'><strong>dat</strong></span> <span class='ocrx_word' id='word_1_265' title='bbox 1106 3543 1287 3610; x_wconf 72' lang='lat' dir='ltr'><strong>homo,</strong></span> <span class='ocrx_word' id='word_1_266' title='bbox 1314 3552 1368 3597; x_wconf 89' lang='lat' dir='ltr'><strong>ut</strong></span> <span class='ocrx_word' id='word_1_267' title='bbox 1406 3543 1487 3598; x_wconf 72' lang='lat' dir='ltr'><strong>Itis</strong></span> <span class='ocrx_word' id='word_1_268' title='bbox 1529 3543 1716 3598; x_wconf 77' lang='lat' dir='ltr'><strong>diutius</strong></span> <span class='ocrx_word' id='word_1_269' title='bbox 1757 3543 1834 3598; x_wconf 74' lang='lat' dir='ltr'><strong>rei</strong></span> <span class='ocrx_word' id='word_1_270' title='bbox 1871 3544 2050 3600; x_wconf 73' lang='lat' dir='ltr'><strong>trusere</strong></span> 
     </span>
    </p>
   </div>
   <div class='ocr_carea' id='block_1_37' title="bbox 466 3637 2051 3710">
    <p class='ocr_par' dir='ltr' id='par_1_37' title="bbox 466 3637 2051 3710">
     <span class='ocr_line' id='line_1_37' title="bbox 466 3637 2051 3710; baseline -0.003 -14"><span class='ocrx_word' id='word_1_271' title='bbox 466 3642 628 3710; x_wconf 74' lang='lat' dir='ltr'><strong>vivat;</strong></span> <span class='ocrx_word' id='word_1_272' title='bbox 657 3641 866 3698; x_wconf 74' lang='lat' dir='ltr'><strong>madet</strong></span> <span class='ocrx_word' id='word_1_273' title='bbox 908 3640 1198 3710; x_wconf 78' lang='lat' dir='ltr'><strong>superﬂua,</strong></span> <span class='ocrx_word' id='word_1_274' title='bbox 1238 3647 1294 3692; x_wconf 88' lang='lat' dir='ltr'><strong>ut</strong></span> <span class='ocrx_word' id='word_1_275' title='bbox 1333 3637 1387 3692; x_wconf 69' lang='lat' dir='ltr'><strong>in</strong></span> <span class='ocrx_word' id='word_1_276' title='bbox 1413 3648 1657 3692; x_wconf 70' lang='lat' dir='ltr'><strong>atomum</strong></span> <span class='ocrx_word' id='word_1_277' title='bbox 1701 3653 1814 3691; x_wconf 87' lang='lat' dir='ltr'><strong>cum</strong></span> <span class='ocrx_word' id='word_1_278' title='bbox 1853 3639 2051 3692; x_wconf 79' lang='lat' dir='ltr'><strong>Clu-isto</strong></span> 
     </span>
    </p>
   </div>
   <div class='ocr_carea' id='block_1_38' title="bbox 463 3727 2052 3806">
    <p class='ocr_par' dir='ltr' id='par_1_38' title="bbox 463 3727 2052 3806">
     <span class='ocr_line' id='line_1_38' title="bbox 463 3727 2052 3806; baseline -0.004 -16"><span class='ocrx_word' id='word_1_279' title='bbox 463 3742 653 3806; x_wconf 69' lang='lat' dir='ltr'><strong>regnet.</strong></span> <span class='ocrx_word' id='word_1_280' title='bbox 701 3732 870 3802; x_wconf 82' lang='lat' dir='ltr'><strong>Quam</strong></span> <span class='ocrx_word' id='word_1_281' title='bbox 915 3730 1113 3786; x_wconf 82' lang='lat' dir='ltr'><strong>multos</strong></span> <span class='ocrx_word' id='word_1_282' title='bbox 1160 3727 1463 3787; x_wconf 82' lang='lat' dir='ltr'><strong>invenimus</strong></span> <span class='ocrx_word' id='word_1_283' title='bbox 1504 3729 1595 3798; x_wconf 88' lang='lat' dir='ltr'><strong>qui</strong></span> <span class='ocrx_word' id='word_1_284' title='bbox 1637 3727 1846 3793; x_wconf 80' lang='lat' dir='ltr'><strong>dicant,</strong></span> <span class='ocrx_word' id='word_1_285' title='bbox 1877 3728 2052 3783; x_wconf 88' lang='lat' dir='ltr'><strong>&#39;l‘ollat</strong></span> 
     </span>
    </p>
   </div>
   <div class='ocr_carea' id='block_1_39' title="bbox 464 3819 2048 3890">
    <p class='ocr_par' dir='ltr' id='par_1_39' title="bbox 464 3819 2048 3890">
     <span class='ocr_line' id='line_1_39' title="bbox 464 3819 2048 3890; baseline -0.005 -11"><span class='ocrx_word' id='word_1_286' title='bbox 464 3826 626 3882; x_wconf 80' lang='lat' dir='ltr'><strong>ﬁscus</strong></span> <span class='ocrx_word' id='word_1_287' title='bbox 664 3839 752 3880; x_wconf 83' lang='lat' dir='ltr'><strong>res</strong></span> <span class='ocrx_word' id='word_1_288' title='bbox 775 3835 953 3890; x_wconf 88' lang='lat' dir='ltr'><strong>meas,</strong></span> <span class='ocrx_word' id='word_1_289' title='bbox 982 3830 1040 3876; x_wconf 90' lang='lat' dir='ltr'><strong>ut</strong></span> <span class='ocrx_word' id='word_1_290' title='bbox 1067 3820 1238 3878; x_wconf 77' lang='lat' dir='ltr'><strong>serius</strong></span> <span class='ocrx_word' id='word_1_291' title='bbox 1267 3819 1462 3878; x_wconf 64' lang='lat' dir='ltr'><strong>moriar</strong></span> <span class='ocrx_word' id='word_1_292' title='bbox 1491 3836 1503 3872; x_wconf 90' lang='lat'><strong>:</strong></span> <span class='ocrx_word' id='word_1_293' title='bbox 1533 3833 1692 3888; x_wconf 80' lang='lat' dir='ltr'><strong>quam</strong></span> <span class='ocrx_word' id='word_1_294' title='bbox 1736 3833 1858 3872; x_wconf 86' lang='lat' dir='ltr'><strong>raro</strong></span> <span class='ocrx_word' id='word_1_295' title='bbox 1900 3820 2048 3872; x_wconf 78' lang='lat' dir='ltr'><strong>inve-</strong></span> 
     </span>
    </p>
   </div>
   <div class='ocr_carea' id='block_1_40' title="bbox 463 3909 2050 3988">
    <p class='ocr_par' dir='ltr' id='par_1_40' title="bbox 463 3909 2050 3988">
     <span class='ocr_line' id='line_1_40' title="bbox 463 3909 2050 3988; baseline -0.004 -17"><span class='ocrx_word' id='word_1_296' title='bbox 463 3917 640 3972; x_wconf 87' lang='lat' dir='ltr'><strong>nimus</strong></span> <span class='ocrx_word' id='word_1_297' title='bbox 668 3915 756 3988; x_wconf 91' lang='lat' dir='ltr'><strong>qui</strong></span> <span class='ocrx_word' id='word_1_298' title='bbox 782 3912 960 3980; x_wconf 86' lang='lat' dir='ltr'><strong>dicat,</strong></span> <span class='ocrx_word' id='word_1_299' title='bbox 988 3911 1163 3974; x_wconf 79' lang='lat' dir='ltr'><strong>Tollat</strong></span> <span class='ocrx_word' id='word_1_300' title='bbox 1203 3909 1450 3967; x_wconf 78' lang='lat' dir='ltr'><strong>Christus</strong></span> <span class='ocrx_word' id='word_1_301' title='bbox 1486 3924 1574 3966; x_wconf 88' lang='lat' dir='ltr'><strong>res</strong></span> <span class='ocrx_word' id='word_1_302' title='bbox 1613 3924 1790 3974; x_wconf 82' lang='lat' dir='ltr'><strong>meas,</strong></span> <span class='ocrx_word' id='word_1_303' title='bbox 1815 3918 1871 3964; x_wconf 93' lang='lat' dir='ltr'><strong>ut</strong></span> <span class='ocrx_word' id='word_1_304' title='bbox 1915 3926 2050 3964; x_wconf 78' lang='lat' dir='ltr'><strong>nuu-</strong></span> 
     </span>
    </p>
   </div>
   <div class='ocr_carea' id='block_1_41' title="bbox 463 4002 2044 4078">
    <p class='ocr_par' dir='ltr' id='par_1_41' title="bbox 463 4002 2044 4078">
     <span class='ocr_line' id='line_1_41' title="bbox 463 4002 2044 4078; baseline -0.005 -14"><span class='ocrx_word' id='word_1_305' title='bbox 463 4023 622 4078; x_wconf 89' lang='lat' dir='ltr'><strong>quam</strong></span> <span class='ocrx_word' id='word_1_306' title='bbox 651 4007 869 4062; x_wconf 85' lang='lat' dir='ltr'><strong>moriar.</strong></span> <span class='ocrx_word' id='word_1_307' title='bbox 899 4006 968 4062; x_wconf 85' lang='lat' dir='ltr'><strong>Et</strong></span> <span class='ocrx_word' id='word_1_308' title='bbox 996 4012 1172 4062; x_wconf 84' lang='lat' dir='ltr'><strong>tamen</strong></span> <span class='ocrx_word' id='word_1_309' title='bbox 1193 4043 1210 4071; x_wconf 87' lang='lat'><strong>,</strong></span> <span class='ocrx_word' id='word_1_310' title='bbox 1235 4019 1269 4058; x_wconf 90' lang='lat' dir='ltr'><strong>o</strong></span> <span class='ocrx_word' id='word_1_311' title='bbox 1294 4011 1500 4058; x_wconf 85' lang='lat' dir='ltr'><strong>amator</strong></span> <span class='ocrx_word' id='word_1_312' title='bbox 1543 4002 1854 4071; x_wconf 86' lang='lat' dir='ltr'><strong>temporalis</strong></span> <span class='ocrx_word' id='word_1_313' title='bbox 1889 4002 2010 4056; x_wconf 69' lang='lat' dir='ltr'><strong>vitae</strong></span> <span class='ocrx_word' id='word_1_314' title='bbox 2028 4043 2044 4069; x_wconf 94' lang='lat'><strong>,</strong></span> 
     </span>
    </p>
   </div>
   <div class='ocr_carea' id='block_1_42' title="bbox 465 4094 2048 4168">
    <p class='ocr_par' dir='ltr' id='par_1_42' title="bbox 465 4094 2048 4168">
     <span class='ocr_line' id='line_1_42' title="bbox 465 4094 2048 4168; baseline -0.005 -10"><span class='ocrx_word' id='word_1_315' title='bbox 465 4103 513 4158; x_wconf 90' lang='lat' dir='ltr'><strong>si</strong></span> <span class='ocrx_word' id='word_1_316' title='bbox 557 4102 706 4157; x_wconf 88' lang='lat' dir='ltr'><strong>tollat</strong></span> <span class='ocrx_word' id='word_1_317' title='bbox 747 4101 936 4166; x_wconf 78' lang='lat' dir='ltr'><strong>ﬁscus,</strong></span> <span class='ocrx_word' id='word_1_318' title='bbox 979 4109 1032 4156; x_wconf 90' lang='lat' dir='ltr'><strong>te</strong></span> <span class='ocrx_word' id='word_1_319' title='bbox 1059 4097 1251 4168; x_wconf 77' lang='lat' dir='ltr'><strong>spoliat</strong></span> <span class='ocrx_word' id='word_1_320' title='bbox 1287 4099 1340 4152; x_wconf 84' lang='lat' dir='ltr'><strong>ia</strong></span> <span class='ocrx_word' id='word_1_321' title='bbox 1379 4096 1482 4153; x_wconf 85' lang='lat' dir='ltr'><strong>hoc</strong></span> <span class='ocrx_word' id='word_1_322' title='bbox 1524 4094 1749 4159; x_wconf 62' lang='lat' dir='ltr'><strong>sectile;</strong></span> <span class='ocrx_word' id='word_1_323' title='bbox 1797 4096 1841 4150; x_wconf 88' lang='lat' dir='ltr'><strong>si</strong></span> <span class='ocrx_word' id='word_1_324' title='bbox 1896 4097 2048 4150; x_wconf 85' lang='lat' dir='ltr'><strong>tollat</strong></span> 
     </span>
    </p>
   </div>
   <div class='ocr_carea' id='block_1_43' title="bbox 463 4187 2046 4260">
    <p class='ocr_par' dir='ltr' id='par_1_43' title="bbox 463 4187 2046 4260">
     <span class='ocr_line' id='line_1_43' title="bbox 463 4187 2046 4260; baseline -0.004 -12"><span class='ocrx_word' id='word_1_325' title='bbox 463 4191 745 4260; x_wconf 82' lang='lat' dir='ltr'><strong>Christus,</strong></span> <span class='ocrx_word' id='word_1_326' title='bbox 774 4191 870 4250; x_wconf 83' lang='lat' dir='ltr'><strong>tibi</strong></span> <span class='ocrx_word' id='word_1_327' title='bbox 910 4198 1087 4246; x_wconf 81' lang='lat' dir='ltr'><strong>servat</strong></span> <span class='ocrx_word' id='word_1_328' title='bbox 1128 4190 1180 4246; x_wconf 82' lang='lat' dir='ltr'><strong>in</strong></span> <span class='ocrx_word' id='word_1_329' title='bbox 1223 4188 1382 4246; x_wconf 65' lang='lat' dir='ltr'><strong>calo.</strong></span> <span class='ocrx_word' id='word_1_330' title='bbox 1429 4187 1653 4257; x_wconf 83' lang='lat' dir='ltr'><strong>Propter</strong></span> <span class='ocrx_word' id='word_1_331' title='bbox 1695 4187 1834 4242; x_wconf 86' lang='lat' dir='ltr'><strong>hanc</strong></span> <span class='ocrx_word' id='word_1_332' title='bbox 1883 4188 2046 4242; x_wconf 77' lang='lat' dir='ltr'><strong>vitam</strong></span> 
     </span>
    </p>
   </div>
   <div class='ocr_carea' id='block_1_44' title="bbox 465 4279 2048 4352">
    <p class='ocr_par' dir='ltr' id='par_1_44' title="bbox 465 4279 2048 4352">
     <span class='ocr_line' id='line_1_44' title="bbox 465 4279 2048 4352; baseline -0.003 -13"><span class='ocrx_word' id='word_1_333' title='bbox 465 4285 651 4352; x_wconf 85' lang='lat' dir='ltr'><strong>volunt</strong></span> <span class='ocrx_word' id='word_1_334' title='bbox 680 4282 877 4340; x_wconf 88' lang='lat' dir='ltr'><strong>habere</strong></span> <span class='ocrx_word' id='word_1_335' title='bbox 903 4281 1146 4338; x_wconf 86' lang='lat' dir='ltr'><strong>homines</strong></span> <span class='ocrx_word' id='word_1_336' title='bbox 1170 4280 1310 4338; x_wconf 86' lang='lat' dir='ltr'><strong>unde</strong></span> <span class='ocrx_word' id='word_1_337' title='bbox 1345 4279 1559 4346; x_wconf 86' lang='lat' dir='ltr'><strong>vivant,</strong></span> <span class='ocrx_word' id='word_1_338' title='bbox 1587 4287 1641 4334; x_wconf 93' lang='lat' dir='ltr'><strong>et</strong></span> <span class='ocrx_word' id='word_1_339' title='bbox 1666 4289 1883 4350; x_wconf 79' lang='lat' dir='ltr'><strong>propter</strong></span> <span class='ocrx_word' id='word_1_340' title='bbox 1910 4279 2048 4335; x_wconf 82' lang='lat' dir='ltr'><strong>hanc</strong></span> 
     </span>
    </p>
   </div>
   <div class='ocr_carea' id='block_1_45' title="bbox 463 4369 2044 4445">
    <p class='ocr_par' dir='ltr' id='par_1_45' title="bbox 463 4369 2044 4445">
     <span class='ocr_line' id='line_1_45' title="bbox 463 4369 2044 4445; baseline -0.004 -15"><span class='ocrx_word' id='word_1_341' title='bbox 463 4377 648 4445; x_wconf 82' lang='lat' dir='ltr'><strong>volunt</strong></span> <span class='ocrx_word' id='word_1_342' title='bbox 683 4374 813 4432; x_wconf 82' lang='lat' dir='ltr'><strong>dare</strong></span> <span class='ocrx_word' id='word_1_343' title='bbox 838 4373 978 4430; x_wconf 83' lang='lat' dir='ltr'><strong>unde</strong></span> <span class='ocrx_word' id='word_1_344' title='bbox 1003 4373 1203 4428; x_wconf 88' lang='lat' dir='ltr'><strong>vivant.</strong></span> <span class='ocrx_word' id='word_1_345' title='bbox 1243 4370 1397 4440; x_wconf 82' lang='lat' dir='ltr'><strong>Quod</strong></span> <span class='ocrx_word' id='word_1_346' title='bbox 1442 4370 1539 4426; x_wconf 80' lang='lat' dir='ltr'><strong>tibi</strong></span> <span class='ocrx_word' id='word_1_347' title='bbox 1575 4386 1756 4425; x_wconf 84' lang='lat' dir='ltr'><strong>servas</strong></span> <span class='ocrx_word' id='word_1_348' title='bbox 1798 4369 1937 4424; x_wconf 91' lang='lat' dir='ltr'><strong>unde</strong></span> <span class='ocrx_word' id='word_1_349' title='bbox 1964 4370 2044 4424; x_wconf 81' lang='lat' dir='ltr'><strong>vi-</strong></span> 
     </span>
    </p>
   </div>
   <div class='ocr_carea' id='block_1_46' title="bbox 466 4461 2046 4533">
    <p class='ocr_par' dir='ltr' id='par_1_46' title="bbox 466 4461 2046 4533">
     <span class='ocr_line' id='line_1_46' title="bbox 466 4461 2046 4533; baseline -0.003 -12"><span class='ocrx_word' id='word_1_350' title='bbox 466 4483 558 4528; x_wconf 85' lang='lat' dir='ltr'><strong>vas</strong></span> <span class='ocrx_word' id='word_1_351' title='bbox 578 4507 594 4533; x_wconf 88' lang='lat'><strong>,</strong></span> <span class='ocrx_word' id='word_1_352' title='bbox 622 4467 724 4522; x_wconf 87' lang='lat' dir='ltr'><strong>hoc</strong></span> <span class='ocrx_word' id='word_1_353' title='bbox 751 4465 848 4522; x_wconf 88' lang='lat' dir='ltr'><strong>das</strong></span> <span class='ocrx_word' id='word_1_354' title='bbox 875 4474 935 4521; x_wconf 93' lang='lat' dir='ltr'><strong>ut</strong></span> <span class='ocrx_word' id='word_1_355' title='bbox 971 4464 1151 4532; x_wconf 81' lang='lat' dir='ltr'><strong>vivas,</strong></span> <span class='ocrx_word' id='word_1_356' title='bbox 1182 4462 1318 4518; x_wconf 90' lang='lat' dir='ltr'><strong>forte</strong></span> <span class='ocrx_word' id='word_1_357' title='bbox 1357 4461 1494 4518; x_wconf 88' lang='lat' dir='ltr'><strong>fame</strong></span> <span class='ocrx_word' id='word_1_358' title='bbox 1517 4461 1840 4518; x_wconf 71' lang='lat' dir='ltr'><strong>deiecturus.</strong></span> <span class='ocrx_word' id='word_1_359' title='bbox 1873 4463 1936 4516; x_wconf 84' lang='lat' dir='ltr'><strong>Et</strong></span> <span class='ocrx_word' id='word_1_360' title='bbox 1963 4471 2046 4516; x_wconf 86' lang='lat' dir='ltr'><strong>ta-</strong></span> 
     </span>
    </p>
   </div>
   <div class='ocr_carea' id='block_1_47' title="bbox 465 4553 2046 4626">
    <p class='ocr_par' dir='ltr' id='par_1_47' title="bbox 465 4553 2046 4626">
     <span class='ocr_line' id='line_1_47' title="bbox 465 4553 2046 4626; baseline -0.004 -10"><span class='ocrx_word' id='word_1_361' title='bbox 465 4575 590 4620; x_wconf 88' lang='lat' dir='ltr'><strong>men</strong></span> <span class='ocrx_word' id='word_1_362' title='bbox 627 4558 760 4618; x_wconf 75' lang='lat' dir='ltr'><strong>dicis</strong></span> <span class='ocrx_word' id='word_1_363' title='bbox 785 4575 801 4613; x_wconf 85' lang='lat'><strong>:</strong></span> <span class='ocrx_word' id='word_1_364' title='bbox 825 4557 1027 4621; x_wconf 86' lang='lat' dir='ltr'><strong>Tollat,</strong></span> <span class='ocrx_word' id='word_1_365' title='bbox 1053 4555 1178 4626; x_wconf 84' lang='lat' dir='ltr'><strong>quid</strong></span> <span class='ocrx_word' id='word_1_366' title='bbox 1205 4555 1270 4612; x_wconf 86' lang='lat' dir='ltr'><strong>ad</strong></span> <span class='ocrx_word' id='word_1_367' title='bbox 1298 4555 1424 4612; x_wconf 71' lang='lat' dir='ltr'><strong>me?</strong></span> <span class='ocrx_word' id='word_1_368' title='bbox 1448 4553 1744 4609; x_wconf 77' lang='lat' dir='ltr'><strong>Mendicare</strong></span> <span class='ocrx_word' id='word_1_369' title='bbox 1771 4554 1904 4610; x_wconf 84' lang='lat' dir='ltr'><strong>volo.</strong></span> <span class='ocrx_word' id='word_1_370' title='bbox 1941 4553 2046 4608; x_wconf 84' lang='lat' dir='ltr'><strong>Das</strong></span> 
     </span>
    </p>
   </div>
   <div class='ocr_carea' id='block_1_48' title="bbox 464 4646 2042 4718">
    <p class='ocr_par' dir='ltr' id='par_1_48' title="bbox 464 4646 2042 4718">
     <span class='ocr_line' id='line_1_48' title="bbox 464 4646 2042 4718; baseline -0.003 -13"><span class='ocrx_word' id='word_1_371' title='bbox 464 4651 604 4714; x_wconf 86' lang='lat' dir='ltr'><strong>unde</strong></span> <span class='ocrx_word' id='word_1_372' title='bbox 630 4650 797 4718; x_wconf 87' lang='lat' dir='ltr'><strong>vivis,</strong></span> <span class='ocrx_word' id='word_1_373' title='bbox 829 4649 1132 4705; x_wconf 86' lang='lat' dir='ltr'><strong>mendicare</strong></span> <span class='ocrx_word' id='word_1_374' title='bbox 1162 4655 1378 4718; x_wconf 82' lang='lat' dir='ltr'><strong>paratus</strong></span> <span class='ocrx_word' id='word_1_375' title='bbox 1405 4655 1461 4704; x_wconf 85' lang='lat' dir='ltr'><strong>ut</strong></span> <span class='ocrx_word' id='word_1_376' title='bbox 1487 4649 1650 4703; x_wconf 86' lang='lat' dir='ltr'><strong>vivas.</strong></span> <span class='ocrx_word' id='word_1_377' title='bbox 1688 4646 1911 4702; x_wconf 87' lang='lat' dir='ltr'><strong>Paratus</strong></span> <span class='ocrx_word' id='word_1_378' title='bbox 1951 4661 2042 4712; x_wconf 84' lang='lat' dir='ltr'><strong>es,</strong></span> 
     </span>
    </p>
   </div>
   <div class='ocr_carea' id='block_1_49' title="bbox 461 4738 2046 4808">
    <p class='ocr_par' dir='ltr' id='par_1_49' title="bbox 461 4738 2046 4808">
     <span class='ocr_line' id='line_1_49' title="bbox 461 4738 2046 4808; baseline -0.005 -7"><span class='ocrx_word' id='word_1_379' title='bbox 461 4745 599 4801; x_wconf 85' lang='lat' dir='ltr'><strong>datis</strong></span> <span class='ocrx_word' id='word_1_380' title='bbox 628 4745 789 4802; x_wconf 87' lang='lat' dir='ltr'><strong>etiam</strong></span> <span class='ocrx_word' id='word_1_381' title='bbox 823 4742 1167 4808; x_wconf 66' lang='lat' dir='ltr'><strong>necemriis,</strong></span> <span class='ocrx_word' id='word_1_382' title='bbox 1195 4740 1500 4796; x_wconf 86' lang='lat' dir='ltr'><strong>mendicare</strong></span> <span class='ocrx_word' id='word_1_383' title='bbox 1529 4740 1582 4796; x_wconf 93' lang='lat' dir='ltr'><strong>in</strong></span> <span class='ocrx_word' id='word_1_384' title='bbox 1609 4739 1710 4796; x_wconf 87' lang='lat' dir='ltr'><strong>hoc</strong></span> <span class='ocrx_word' id='word_1_385' title='bbox 1733 4738 1962 4804; x_wconf 86' lang='lat' dir='ltr'><strong>mundo;</strong></span> <span class='ocrx_word' id='word_1_386' title='bbox 1989 4747 2046 4796; x_wconf 92' lang='lat' dir='ltr'><strong>et</strong></span> 
     </span>
    </p>
   </div>
   <div class='ocr_carea' id='block_1_50' title="bbox 463 4829 2046 4906">
    <p class='ocr_par' dir='ltr' id='par_1_50' title="bbox 463 4829 2046 4906">
     <span class='ocr_line' id='line_1_50' title="bbox 463 4829 2046 4906; baseline -0.003 -16"><span class='ocrx_word' id='word_1_387' title='bbox 463 4851 569 4892; x_wconf 91' lang='lat' dir='ltr'><strong>non</strong></span> <span class='ocrx_word' id='word_1_388' title='bbox 619 4848 681 4891; x_wconf 82' lang='lat' dir='ltr'><strong>es</strong></span> <span class='ocrx_word' id='word_1_389' title='bbox 730 4842 981 4906; x_wconf 81' lang='lat' dir='ltr'><strong>paratus,</strong></span> <span class='ocrx_word' id='word_1_390' title='bbox 1015 4832 1250 4904; x_wconf 76' lang='lat' dir='ltr'><strong>erogatis</strong></span> <span class='ocrx_word' id='word_1_391' title='bbox 1298 4829 1611 4901; x_wconf 70' lang='lat' dir='ltr'><strong>super-ﬂuis,</strong></span> <span class='ocrx_word' id='word_1_392' title='bbox 1653 4845 1877 4900; x_wconf 80' lang='lat' dir='ltr'><strong>regnare</strong></span> <span class='ocrx_word' id='word_1_393' title='bbox 1922 4846 2046 4886; x_wconf 82' lang='lat' dir='ltr'><strong>cum</strong></span> 
     </span>
    </p>
   </div>
   <div class='ocr_carea' id='block_1_51' title="bbox 461 4927 718 4986">
    <p class='ocr_par' dir='ltr' id='par_1_51' title="bbox 461 4927 718 4986">
     <span class='ocr_line' id='line_1_51' title="bbox 461 4927 718 4986; baseline -0.008 -2"><span class='ocrx_word' id='word_1_394' title='bbox 461 4928 678 4986; x_wconf 86' lang='lat' dir='ltr'><strong>Christo</strong></span> <span class='ocrx_word' id='word_1_395' title='bbox 693 4927 718 4982; x_wconf 84' lang='lat'><strong>?</strong></span> 
     </span>
    </p>
   </div>
   <div class='ocr_carea' id='block_1_52' title="bbox 531 5016 2043 5090">
    <p class='ocr_par' dir='ltr' id='par_1_52' title="bbox 531 5016 2043 5090">
     <span class='ocr_line' id='line_1_52' title="bbox 531 5016 2043 5090; baseline -0.006 -8"><span class='ocrx_word' id='word_1_396' title='bbox 531 5018 760 5082; x_wconf 83' lang='lat' dir='ltr'><strong>CAPUT</strong></span> <span class='ocrx_word' id='word_1_397' title='bbox 801 5017 914 5075; x_wconf 85' lang='lat' dir='ltr'><strong>VII.</strong></span> <span class='ocrx_word' id='word_1_398' title='bbox 941 5047 1012 5060; x_wconf 92' lang='lat'><em>-</em></span> <span class='ocrx_word' id='word_1_399' title='bbox 1041 5018 1224 5090; x_wconf 75' lang='lat' dir='ltr'><strong>Rogo,</strong></span> <span class='ocrx_word' id='word_1_400' title='bbox 1246 5018 1507 5090; x_wconf 78' lang='lat' dir='ltr'><strong>appende.</strong></span> <span class='ocrx_word' id='word_1_401' title='bbox 1545 5016 1599 5074; x_wconf 80' lang='lat' dir='ltr'><strong>Si</strong></span> <span class='ocrx_word' id='word_1_402' title='bbox 1642 5018 1816 5087; x_wconf 81' lang='lat' dir='ltr'><strong>aliqua</strong></span> <span class='ocrx_word' id='word_1_403' title='bbox 1845 5025 2043 5073; x_wconf 84' lang='lat' dir='ltr'><strong>statera</strong></span> 
     </span>
    </p>
   </div>
   <div class='ocr_carea' id='block_1_53' title="bbox 461 5108 2040 5186">
    <p class='ocr_par' dir='ltr' id='par_1_53' title="bbox 461 5108 2040 5186">
     <span class='ocr_line' id='line_1_53' title="bbox 461 5108 2040 5186; baseline -0.003 -18"><span class='ocrx_word' id='word_1_404' title='bbox 461 5112 728 5186; x_wconf 56' lang='lat' dir='ltr'><strong>aequitatis</strong></span> <span class='ocrx_word' id='word_1_405' title='bbox 772 5111 1040 5168; x_wconf 87' lang='lat' dir='ltr'><strong>invenitur</strong></span> <span class='ocrx_word' id='word_1_406' title='bbox 1070 5111 1122 5166; x_wconf 92' lang='lat' dir='ltr'><strong>iu</strong></span> <span class='ocrx_word' id='word_1_407' title='bbox 1170 5125 1293 5166; x_wconf 88' lang='lat' dir='ltr'><strong>arca</strong></span> <span class='ocrx_word' id='word_1_408' title='bbox 1319 5110 1496 5166; x_wconf 85' lang='lat' dir='ltr'><strong>cordis</strong></span> <span class='ocrx_word' id='word_1_409' title='bbox 1523 5111 1624 5174; x_wconf 88' lang='lat' dir='ltr'><strong>ttti,</strong></span> <span class='ocrx_word' id='word_1_410' title='bbox 1654 5108 1834 5181; x_wconf 90' lang='lat' dir='ltr'><strong>profer</strong></span> <span class='ocrx_word' id='word_1_411' title='bbox 1861 5110 2002 5165; x_wconf 80' lang='lat' dir='ltr'><strong>illam</strong></span> <span class='ocrx_word' id='word_1_412' title='bbox 2023 5149 2040 5176; x_wconf 93' lang='lat'><strong>,</strong></span> 
     </span>
    </p>
   </div>
   <div class='ocr_carea' id='block_1_54' title="bbox 460 5194 2044 5275">
    <p class='ocr_par' dir='ltr' id='par_1_54' title="bbox 460 5194 2044 5275">
     <span class='ocr_line' id='line_1_54' title="bbox 460 5194 2044 5275; baseline -0.004 -13"><span class='ocrx_word' id='word_1_413' title='bbox 460 5215 516 5262; x_wconf 92' lang='lat' dir='ltr'><strong>ct</strong></span> <span class='ocrx_word' id='word_1_414' title='bbox 539 5205 655 5263; x_wconf 54' lang='lat' dir='ltr'><strong>haec</strong></span> <span class='ocrx_word' id='word_1_415' title='bbox 680 5205 788 5261; x_wconf 91' lang='lat' dir='ltr'><strong>duo</strong></span> <span class='ocrx_word' id='word_1_416' title='bbox 811 5203 1026 5275; x_wconf 88' lang='lat' dir='ltr'><strong>impone</strong></span> <span class='ocrx_word' id='word_1_417' title='bbox 1050 5203 1103 5258; x_wconf 89' lang='lat' dir='ltr'><strong>in</strong></span> <span class='ocrx_word' id='word_1_418' title='bbox 1133 5203 1244 5270; x_wconf 87' lang='lat' dir='ltr'><strong>illa,</strong></span> <span class='ocrx_word' id='word_1_419' title='bbox 1273 5194 1328 5260; x_wconf 68' lang='lat' dir='ltr'><strong>e&#39;t</strong></span> <span class='ocrx_word' id='word_1_420' title='bbox 1349 5202 1592 5273; x_wconf 81' lang='lat' dir='ltr'><strong>appende</strong></span> <span class='ocrx_word' id='word_1_421' title='bbox 1621 5219 1638 5256; x_wconf 87' lang='lat'><strong>:</strong></span> <span class='ocrx_word' id='word_1_422' title='bbox 1665 5202 1962 5258; x_wconf 70' lang='lat' dir='ltr'><strong>Meridicare</strong></span> <span class='ocrx_word' id='word_1_423' title='bbox 1988 5202 2044 5256; x_wconf 84' lang='lat' dir='ltr'><strong>in</strong></span> 
     </span>
    </p>
   </div>
   <div class='ocr_carea' id='block_1_55' title="bbox 459 5291 2044 5366">
    <p class='ocr_par' dir='ltr' id='par_1_55' title="bbox 459 5291 2044 5366">
     <span class='ocr_line' id='line_1_55' title="bbox 459 5291 2044 5366; baseline -0.004 -14"><span class='ocrx_word' id='word_1_424' title='bbox 459 5298 559 5354; x_wconf 86' lang='lat' dir='ltr'><strong>hoc</strong></span> <span class='ocrx_word' id='word_1_425' title='bbox 582 5295 811 5364; x_wconf 91' lang='lat' dir='ltr'><strong>mundo,</strong></span> <span class='ocrx_word' id='word_1_426' title='bbox 841 5303 897 5352; x_wconf 88' lang='lat' dir='ltr'><strong>et</strong></span> <span class='ocrx_word' id='word_1_427' title='bbox 939 5309 1166 5366; x_wconf 82' lang='lat' dir='ltr'><strong>regnare</strong></span> <span class='ocrx_word' id='word_1_428' title='bbox 1203 5309 1324 5350; x_wconf 87' lang='lat' dir='ltr'><strong>cum</strong></span> <span class='ocrx_word' id='word_1_429' title='bbox 1350 5293 1582 5351; x_wconf 79' lang='lat' dir='ltr'><strong>Christo.</strong></span> <span class='ocrx_word' id='word_1_430' title='bbox 1620 5293 1740 5352; x_wconf 74' lang='lat' dir='ltr'><strong>Non</strong></span> <span class='ocrx_word' id='word_1_431' title='bbox 1779 5303 1861 5349; x_wconf 83' lang='lat' dir='ltr'><strong>est</strong></span> <span class='ocrx_word' id='word_1_432' title='bbox 1901 5291 2044 5362; x_wconf 81' lang='lat' dir='ltr'><strong>quod</strong></span> 
     </span>
    </p>
   </div>
   <div class='ocr_carea' id='block_1_56' title="bbox 458 5383 2046 5464">
    <p class='ocr_par' dir='ltr' id='par_1_56' title="bbox 458 5383 2046 5464">
     <span class='ocr_line' id='line_1_56' title="bbox 458 5383 2046 5464; baseline -0.003 -20"><span class='ocrx_word' id='word_1_433' title='bbox 458 5388 783 5464; x_wconf 83' lang='lat' dir='ltr'><strong>appendere.</strong></span> <span class='ocrx_word' id='word_1_434' title='bbox 811 5385 930 5444; x_wconf 85' lang='lat' dir='ltr'><strong>Non</strong></span> <span class='ocrx_word' id='word_1_435' title='bbox 954 5387 1095 5444; x_wconf 87' lang='lat' dir='ltr'><strong>enim</strong></span> <span class='ocrx_word' id='word_1_436' title='bbox 1126 5386 1178 5441; x_wconf 84' lang='lat' dir='ltr'><strong>in</strong></span> <span class='ocrx_word' id='word_1_437' title='bbox 1201 5385 1343 5442; x_wconf 82' lang='lat' dir='ltr'><strong>illius</strong></span> <span class='ocrx_word' id='word_1_438' title='bbox 1368 5386 1443 5442; x_wconf 92' lang='lat' dir='ltr'><strong>rei</strong></span> <span class='ocrx_word' id='word_1_439' title='bbox 1465 5386 1859 5456; x_wconf 81' lang='lat' dir='ltr'><strong>comparatione</strong></span> <span class='ocrx_word' id='word_1_440' title='bbox 1884 5383 2046 5440; x_wconf 83' lang='lat' dir='ltr'><strong>habet</strong></span> 
     </span>
    </p>
   </div>
   <div class='ocr_carea' id='block_1_57' title="bbox 461 5477 2043 5552">
    <p class='ocr_par' dir='ltr' id='par_1_57' title="bbox 461 5477 2043 5552">
     <span class='ocr_line' id='line_1_57' title="bbox 461 5477 2043 5552; baseline -0.001 -18"><span class='ocrx_word' id='word_1_441' title='bbox 461 5481 566 5537; x_wconf 89' lang='lat' dir='ltr'><strong>hoc</strong></span> <span class='ocrx_word' id='word_1_442' title='bbox 591 5479 804 5552; x_wconf 86' lang='lat' dir='ltr'><strong>aliquod</strong></span> <span class='ocrx_word' id='word_1_443' title='bbox 829 5479 1056 5551; x_wconf 86' lang='lat' dir='ltr'><strong>pondus.</strong></span> <span class='ocrx_word' id='word_1_444' title='bbox 1088 5477 1147 5535; x_wconf 89' lang='lat' dir='ltr'><strong>Si</strong></span> <span class='ocrx_word' id='word_1_445' title='bbox 1173 5477 1406 5534; x_wconf 82' lang='lat' dir='ltr'><strong>dicerem</strong></span> <span class='ocrx_word' id='word_1_446' title='bbox 1429 5493 1650 5550; x_wconf 74' lang='lat' dir='ltr'><strong>regnare</strong></span> <span class='ocrx_word' id='word_1_447' title='bbox 1677 5479 1728 5532; x_wconf 93' lang='lat' dir='ltr'><strong>in</strong></span> <span class='ocrx_word' id='word_1_448' title='bbox 1760 5477 1862 5533; x_wconf 88' lang='lat' dir='ltr'><strong>hoc</strong></span> <span class='ocrx_word' id='word_1_449' title='bbox 1891 5493 2043 5532; x_wconf 60' lang='lat' dir='ltr'><strong>mune</strong></span> 
     </span>
    </p>
   </div>
   <div class='ocr_carea' id='block_1_58' title="bbox 465 5571 2044 5647">
    <p class='ocr_par' dir='ltr' id='par_1_58' title="bbox 465 5571 2044 5647">
     <span class='ocr_line' id='line_1_58' title="bbox 465 5571 2044 5647; baseline -0.003 -17"><span class='ocrx_word' id='word_1_450' title='bbox 465 5573 537 5630; x_wconf 90' lang='lat' dir='ltr'><strong>do</strong></span> <span class='ocrx_word' id='word_1_451' title='bbox 555 5615 574 5642; x_wconf 93' lang='lat'><strong>,</strong></span> <span class='ocrx_word' id='word_1_452' title='bbox 604 5584 656 5629; x_wconf 88' lang='lat' dir='ltr'><strong>et</strong></span> <span class='ocrx_word' id='word_1_453' title='bbox 683 5589 906 5647; x_wconf 81' lang='lat' dir='ltr'><strong>regnare</strong></span> <span class='ocrx_word' id='word_1_454' title='bbox 934 5589 1055 5630; x_wconf 92' lang='lat' dir='ltr'><strong>cum</strong></span> <span class='ocrx_word' id='word_1_455' title='bbox 1085 5572 1329 5640; x_wconf 85' lang='lat' dir='ltr'><strong>Christo;</strong></span> <span class='ocrx_word' id='word_1_456' title='bbox 1359 5589 1464 5629; x_wconf 92' lang='lat' dir='ltr'><strong>non</strong></span> <span class='ocrx_word' id='word_1_457' title='bbox 1509 5583 1651 5629; x_wconf 84' lang='lat' dir='ltr'><strong>esset</strong></span> <span class='ocrx_word' id='word_1_458' title='bbox 1678 5571 1819 5644; x_wconf 89' lang='lat' dir='ltr'><strong>quod</strong></span> <span class='ocrx_word' id='word_1_459' title='bbox 1847 5586 2044 5642; x_wconf 85' lang='lat' dir='ltr'><strong>appen-</strong></span> 
     </span>
    </p>
   </div>
   <div class='ocr_carea' id='block_1_59' title="bbox 467 5663 2044 5735">
    <p class='ocr_par' dir='ltr' id='par_1_59' title="bbox 467 5663 2044 5735">
     <span class='ocr_line' id='line_1_59' title="bbox 467 5663 2044 5735; baseline -0.001 -15"><span class='ocrx_word' id='word_1_460' title='bbox 467 5664 620 5720; x_wconf 89' lang='lat' dir='ltr'><strong>dere.</strong></span> <span class='ocrx_word' id='word_1_461' title='bbox 648 5665 880 5724; x_wconf 70' lang='lat' dir='ltr'><strong>Pmnitet</strong></span> <span class='ocrx_word' id='word_1_462' title='bbox 904 5680 989 5720; x_wconf 91' lang='lat' dir='ltr'><strong>me</strong></span> <span class='ocrx_word' id='word_1_463' title='bbox 1017 5665 1236 5729; x_wconf 82' lang='lat' dir='ltr'><strong>dixisse,</strong></span> <span class='ocrx_word' id='word_1_464' title='bbox 1269 5663 1526 5735; x_wconf 82' lang='lat' dir='ltr'><strong>Appende</strong></span> <span class='ocrx_word' id='word_1_465' title='bbox 1547 5682 1560 5718; x_wconf 90' lang='lat'>:</span> <span class='ocrx_word' id='word_1_466' title='bbox 1585 5680 1801 5734; x_wconf 88' lang='lat' dir='ltr'><strong>prorsus</strong></span> <span class='ocrx_word' id='word_1_467' title='bbox 1832 5680 1932 5718; x_wconf 87' lang='lat' dir='ltr'><strong>non</strong></span> <span class='ocrx_word' id='word_1_468' title='bbox 1962 5671 2044 5718; x_wconf 91' lang='lat' dir='ltr'><strong>cst</strong></span> 
     </span>
    </p>
   </div>
   <div class='ocr_carea' id='block_1_60' title="bbox 355 5754 2038 5842">
    <p class='ocr_par' dir='ltr' id='par_1_60' title="bbox 355 5754 2038 5842">
     <span class='ocr_line' id='line_1_60' title="bbox 355 5754 2038 5842; baseline -0.004 -28"><span class='ocrx_word' id='word_1_469' title='bbox 355 5825 370 5842; x_wconf 52' lang='lat'><strong>.</strong></span> <span class='ocrx_word' id='word_1_470' title='bbox 455 5754 598 5830; x_wconf 85' lang='lat' dir='ltr'><strong>quod</strong></span> <span class='ocrx_word' id='word_1_471' title='bbox 616 5756 939 5830; x_wconf 84' lang='lat' dir='ltr'><strong>appendere.</strong></span> <span class='ocrx_word' id='word_1_472' title='bbox 975 5756 1110 5824; x_wconf 82' lang='lat' dir='ltr'><strong>Quid</strong></span> <span class='ocrx_word' id='word_1_473' title='bbox 1139 5757 1340 5828; x_wconf 82' lang='lat' dir='ltr'><strong>prodest</strong></span> <span class='ocrx_word' id='word_1_474' title='bbox 1379 5756 1602 5819; x_wconf 78' lang='lat' dir='ltr'><strong>homini,</strong></span> <span class='ocrx_word' id='word_1_475' title='bbox 1631 5758 1674 5811; x_wconf 78' lang='lat' dir='ltr'><strong>si</strong></span> <span class='ocrx_word' id='word_1_476' title='bbox 1695 5767 1853 5811; x_wconf 84' lang='lat' dir='ltr'><strong>totum</strong></span> <span class='ocrx_word' id='word_1_477' title='bbox 1892 5773 2038 5810; x_wconf 83' lang='lat' dir='ltr'><strong>mun-</strong></span> 
     </span>
    </p>
   </div>
   <div class='ocr_carea' id='block_1_61' title="bbox 1729 299 2532 360">
    <p class='ocr_par' dir='ltr' id='par_1_61' title="bbox 1729 299 2532 360">
     <span class='ocr_line' id='line_1_61' title="bbox 1729 299 2532 360; baseline -0.001 0"><span class='ocrx_word' id='word_1_478' title='bbox 1729 304 1785 360; x_wconf 91' lang='lat' dir='ltr'><strong>S.</strong></span> <span class='ocrx_word' id='word_1_479' title='bbox 1830 301 2190 360; x_wconf 77' lang='lat' dir='ltr'><strong>AUGUSTINI</strong></span> <span class='ocrx_word' id='word_1_480' title='bbox 2236 299 2532 359; x_wconf 80' lang='lat' dir='ltr'><strong>EPISCOPI</strong></span> 
     </span>
    </p>
   </div>
   <div class='ocr_carea' id='block_1_62' title="bbox 3621 301 3769 364">
    <p class='ocr_par' dir='ltr' id='par_1_62' title="bbox 3621 301 3769 364">
     <span class='ocr_line' id='line_1_62' title="bbox 3621 301 3769 364; baseline 0 0"><span class='ocrx_word' id='word_1_481' title='bbox 3621 301 3769 364; x_wconf 71' lang='lat' dir='ltr'><strong>i388</strong></span> 
     </span>
    </p>
   </div>
   <div class='ocr_carea' id='block_1_63' title="bbox 2175 414 3768 489">
    <p class='ocr_par' dir='ltr' id='par_1_63' title="bbox 2175 414 3768 489">
     <span class='ocr_line' id='line_1_63' title="bbox 2175 414 3768 489; baseline 0.003 -20"><span class='ocrx_word' id='word_1_482' title='bbox 2175 417 2295 471; x_wconf 87' lang='lat' dir='ltr'><strong>dum</strong></span> <span class='ocrx_word' id='word_1_483' title='bbox 2335 417 2570 481; x_wconf 84' lang='lat' dir='ltr'><strong>lucretur,</strong></span> <span class='ocrx_word' id='word_1_484' title='bbox 2614 415 2798 470; x_wconf 72' lang='lat' dir='ltr'><strong>animae</strong></span> <span class='ocrx_word' id='word_1_485' title='bbox 2833 423 2998 470; x_wconf 85' lang='lat' dir='ltr'><strong>autem</strong></span> <span class='ocrx_word' id='word_1_486' title='bbox 3029 430 3136 470; x_wconf 72' lang='lat' dir='ltr'><strong>suae</strong></span> <span class='ocrx_word' id='word_1_487' title='bbox 3161 414 3509 470; x_wconf 75' lang='lat' dir='ltr'><strong>detrimentum</strong></span> <span class='ocrx_word' id='word_1_488' title='bbox 3533 421 3768 489; x_wconf 81' lang='lat' dir='ltr'><strong>patiatur</strong></span> 
     </span>
    </p>
   </div>
   <div class='ocr_carea' id='block_1_64' title="bbox 2173 507 3764 580">
    <p class='ocr_par' dir='ltr' id='par_1_64' title="bbox 2173 507 3764 580">
     <span class='ocr_line' id='line_1_64' title="bbox 2173 507 3764 580; baseline 0.005 -19"><span class='ocrx_word' id='word_1_489' title='bbox 2173 509 2384 568; x_wconf 79' lang='lat' dir='ltr'><strong>(Matth.</strong></span> <span class='ocrx_word' id='word_1_490' title='bbox 2423 525 2508 563; x_wconf 77' lang='lat' dir='ltr'><strong>xn</strong></span> <span class='ocrx_word' id='word_1_491' title='bbox 2529 551 2542 573; x_wconf 93' lang='lat'><strong>,</strong></span> <span class='ocrx_word' id='word_1_492' title='bbox 2569 507 2698 580; x_wconf 70' lang='lat'><strong>26)?</strong></span> <span class='ocrx_word' id='word_1_493' title='bbox 2726 507 2824 576; x_wconf 86' lang='lat' dir='ltr'><strong>Qui</strong></span> <span class='ocrx_word' id='word_1_494' title='bbox 2847 517 3020 563; x_wconf 89' lang='lat' dir='ltr'><strong>autem</strong></span> <span class='ocrx_word' id='word_1_495' title='bbox 3050 524 3152 563; x_wconf 91' lang='lat' dir='ltr'><strong>non</strong></span> <span class='ocrx_word' id='word_1_496' title='bbox 3181 525 3367 579; x_wconf 89' lang='lat' dir='ltr'><strong>passus</strong></span> <span class='ocrx_word' id='word_1_497' title='bbox 3396 511 3553 566; x_wconf 88' lang='lat' dir='ltr'><strong>fuerit</strong></span> <span class='ocrx_word' id='word_1_498' title='bbox 3587 513 3764 570; x_wconf 87' lang='lat' dir='ltr'><strong>detri-</strong></span> 
     </span>
    </p>
   </div>
   <div class='ocr_carea' id='block_1_65' title="bbox 2173 600 3764 672">
    <p class='ocr_par' dir='ltr' id='par_1_65' title="bbox 2173 600 3764 672">
     <span class='ocr_line' id='line_1_65' title="bbox 2173 600 3764 672; baseline 0.004 -18"><span class='ocrx_word' id='word_1_499' title='bbox 2173 612 2408 656; x_wconf 87' lang='lat' dir='ltr'><strong>mentum</strong></span> <span class='ocrx_word' id='word_1_500' title='bbox 2437 600 2626 654; x_wconf 68' lang='lat' dir='ltr'><strong>animm</strong></span> <span class='ocrx_word' id='word_1_501' title='bbox 2655 616 2764 654; x_wconf 73' lang='lat' dir='ltr'><strong>sua:</strong></span> <span class='ocrx_word' id='word_1_502' title='bbox 2791 642 2806 665; x_wconf 92' lang='lat'><strong>,</strong></span> <span class='ocrx_word' id='word_1_503' title='bbox 2841 600 2953 670; x_wconf 71' lang='lat' dir='ltr'><strong>ipse</strong></span> <span class='ocrx_word' id='word_1_504' title='bbox 2979 601 3218 670; x_wconf 87' lang='lat' dir='ltr'><strong>regnabit</strong></span> <span class='ocrx_word' id='word_1_505' title='bbox 3249 616 3344 671; x_wconf 89' lang='lat' dir='ltr'><strong>pro</strong></span> <span class='ocrx_word' id='word_1_506' title='bbox 3370 601 3600 659; x_wconf 87' lang='lat' dir='ltr'><strong>Christo.</strong></span> <span class='ocrx_word' id='word_1_507' title='bbox 3625 607 3764 672; x_wconf 82' lang='lat' dir='ltr'><strong>Quis</strong></span> 
     </span>
    </p>
   </div>
   <div class='ocr_carea' id='block_1_66' title="bbox 2172 695 3763 770">
    <p class='ocr_par' dir='ltr' id='par_1_66' title="bbox 2172 695 3763 770">
     <span class='ocr_line' id='line_1_66' title="bbox 2172 695 3763 770; baseline 0.004 -22"><span class='ocrx_word' id='word_1_508' title='bbox 2172 707 2346 750; x_wconf 87' lang='lat' dir='ltr'><strong>autem</strong></span> <span class='ocrx_word' id='word_1_509' title='bbox 2374 696 2425 748; x_wconf 91' lang='lat' dir='ltr'><strong>in</strong></span> <span class='ocrx_word' id='word_1_510' title='bbox 2457 695 2560 750; x_wconf 87' lang='lat' dir='ltr'><strong>hoc</strong></span> <span class='ocrx_word' id='word_1_511' title='bbox 2587 695 2786 750; x_wconf 84' lang='lat' dir='ltr'><strong>mundo</strong></span> <span class='ocrx_word' id='word_1_512' title='bbox 2814 705 2995 765; x_wconf 77' lang='lat' dir='ltr'><strong>regnat</strong></span> <span class='ocrx_word' id='word_1_513' title='bbox 3018 698 3270 749; x_wconf 73' lang='lat' dir='ltr'><strong>securus?</strong></span> <span class='ocrx_word' id='word_1_514' title='bbox 3297 696 3402 751; x_wconf 85' lang='lat' dir='ltr'><strong>Fac</strong></span> <span class='ocrx_word' id='word_1_515' title='bbox 3426 699 3545 768; x_wconf 89' lang='lat' dir='ltr'><strong>quia</strong></span> <span class='ocrx_word' id='word_1_516' title='bbox 3573 709 3763 770; x_wconf 80' lang='lat' dir='ltr'><strong>regnat</strong></span> 
     </span>
    </p>
   </div>
   <div class='ocr_carea' id='block_1_67' title="bbox 2171 787 3202 858">
    <p class='ocr_par' dir='ltr' id='par_1_67' title="bbox 2171 787 3202 858">
     <span class='ocr_line' id='line_1_67' title="bbox 2171 787 3202 858; baseline 0 -16"><span class='ocrx_word' id='word_1_517' title='bbox 2171 803 2387 843; x_wconf 84' lang='lat' dir='ltr'><strong>seettrus</strong></span> <span class='ocrx_word' id='word_1_518' title='bbox 2405 805 2418 854; x_wconf 93' lang='lat'><strong>;</strong></span> <span class='ocrx_word' id='word_1_519' title='bbox 2439 787 2689 858; x_wconf 89' lang='lat' dir='ltr'><strong>numqttid</strong></span> <span class='ocrx_word' id='word_1_520' title='bbox 2718 798 2904 858; x_wconf 82' lang='lat' dir='ltr'><strong>regnat</strong></span> <span class='ocrx_word' id='word_1_521' title='bbox 2929 787 3202 842; x_wconf 75' lang='lat' dir='ltr'><strong>mternus?</strong></span> 
     </span>
    </p>
   </div>
   <div class='ocr_carea' id='block_1_68' title="bbox 2240 878 3759 951">
    <p class='ocr_par' dir='ltr' id='par_1_68' title="bbox 2240 878 3759 951">
     <span class='ocr_line' id='line_1_68' title="bbox 2240 878 3759 951; baseline 0.003 -17"><span class='ocrx_word' id='word_1_522' title='bbox 2240 878 2292 934; x_wconf 89' lang='lat'><strong>6.</strong></span> <span class='ocrx_word' id='word_1_523' title='bbox 2338 878 2596 933; x_wconf 83' lang='lat' dir='ltr'><strong>Immerito</strong></span> <span class='ocrx_word' id='word_1_524' title='bbox 2623 879 2774 932; x_wconf 83' lang='lat' dir='ltr'><strong>vitam</strong></span> <span class='ocrx_word' id='word_1_525' title='bbox 2815 879 2962 932; x_wconf 86' lang='lat' dir='ltr'><strong>istam</strong></span> <span class='ocrx_word' id='word_1_526' title='bbox 2985 880 3056 932; x_wconf 87' lang='lat' dir='ltr'><strong>sic</strong></span> <span class='ocrx_word' id='word_1_527' title='bbox 3082 880 3263 932; x_wconf 87' lang='lat' dir='ltr'><strong>amari.</strong></span> <span class='ocrx_word' id='word_1_528' title='bbox 3300 879 3428 936; x_wconf 85' lang='lat' dir='ltr'><strong>Illud</strong></span> <span class='ocrx_word' id='word_1_529' title='bbox 3458 881 3724 938; x_wconf 83' lang='lat' dir='ltr'><strong>advertite</strong></span> <span class='ocrx_word' id='word_1_530' title='bbox 3743 926 3759 951; x_wconf 89' lang='lat'><strong>,</strong></span> 
     </span>
    </p>
   </div>
   <div class='ocr_carea' id='block_1_69' title="bbox 2168 970 3762 1044">
    <p class='ocr_par' dir='ltr' id='par_1_69' title="bbox 2168 970 3762 1044">
     <span class='ocr_line' id='line_1_69' title="bbox 2168 970 3762 1044; baseline 0.004 -20"><span class='ocrx_word' id='word_1_531' title='bbox 2168 971 2306 1040; x_wconf 91' lang='lat' dir='ltr'><strong>quod</strong></span> <span class='ocrx_word' id='word_1_532' title='bbox 2333 971 2694 1042; x_wconf 85' lang='lat' dir='ltr'><strong>proponebam</strong></span> <span class='ocrx_word' id='word_1_533' title='bbox 2717 1013 2730 1036; x_wconf 92' lang='lat'><strong>,</strong></span> <span class='ocrx_word' id='word_1_534' title='bbox 2774 971 2958 1042; x_wconf 88' lang='lat' dir='ltr'><strong>quales</strong></span> <span class='ocrx_word' id='word_1_535' title='bbox 3003 979 3267 1026; x_wconf 83' lang='lat' dir='ltr'><strong>amatores</strong></span> <span class='ocrx_word' id='word_1_536' title='bbox 3299 970 3492 1028; x_wconf 88' lang='lat' dir='ltr'><strong>habeat</strong></span> <span class='ocrx_word' id='word_1_537' title='bbox 3520 990 3762 1044; x_wconf 70' lang='lat' dir='ltr'><strong>praesens</strong></span> 
     </span>
    </p>
   </div>
   <div class='ocr_carea' id='block_1_70' title="bbox 2169 1061 3764 1135">
    <p class='ocr_par' dir='ltr' id='par_1_70' title="bbox 2169 1061 3764 1135">
     <span class='ocr_line' id='line_1_70' title="bbox 2169 1061 3764 1135; baseline 0.004 -20"><span class='ocrx_word' id='word_1_538' title='bbox 2169 1063 2270 1115; x_wconf 80' lang='lat' dir='ltr'><strong>vita</strong></span> <span class='ocrx_word' id='word_1_539' title='bbox 2290 1101 2307 1129; x_wconf 95' lang='lat'><strong>,</strong></span> <span class='ocrx_word' id='word_1_540' title='bbox 2349 1063 2656 1132; x_wconf 87' lang='lat' dir='ltr'><strong>temporalis</strong></span> <span class='ocrx_word' id='word_1_541' title='bbox 2684 1063 2789 1117; x_wconf 88' lang='lat' dir='ltr'><strong>vita</strong></span> <span class='ocrx_word' id='word_1_542' title='bbox 2812 1104 2825 1127; x_wconf 93' lang='lat'><strong>,</strong></span> <span class='ocrx_word' id='word_1_543' title='bbox 2860 1062 3034 1116; x_wconf 86' lang='lat' dir='ltr'><strong>brevis</strong></span> <span class='ocrx_word' id='word_1_544' title='bbox 3061 1063 3195 1127; x_wconf 86' lang='lat' dir='ltr'><strong>vita,</strong></span> <span class='ocrx_word' id='word_1_545' title='bbox 3229 1061 3367 1118; x_wconf 78' lang='lat' dir='ltr'><strong>fmda</strong></span> <span class='ocrx_word' id='word_1_546' title='bbox 3408 1066 3509 1118; x_wconf 85' lang='lat' dir='ltr'><strong>vita</strong></span> <span class='ocrx_word' id='word_1_547' title='bbox 3528 1107 3542 1130; x_wconf 96' lang='lat'><strong>,</strong></span> <span class='ocrx_word' id='word_1_548' title='bbox 3571 1067 3764 1135; x_wconf 83' lang='lat' dir='ltr'><strong>quales</strong></span> 
     </span>
    </p>
   </div>
   <div class='ocr_carea' id='block_1_71' title="bbox 2170 1154 3766 1228">
    <p class='ocr_par' dir='ltr' id='par_1_71' title="bbox 2170 1154 3766 1228">
     <span class='ocr_line' id='line_1_71' title="bbox 2170 1154 3766 1228; baseline 0.004 -20"><span class='ocrx_word' id='word_1_549' title='bbox 2170 1156 2359 1211; x_wconf 86' lang='lat' dir='ltr'><strong>habeat</strong></span> <span class='ocrx_word' id='word_1_550' title='bbox 2387 1165 2669 1212; x_wconf 89' lang='lat' dir='ltr'><strong>amatores.</strong></span> <span class='ocrx_word' id='word_1_551' title='bbox 2711 1157 2797 1212; x_wconf 86' lang='lat' dir='ltr'><strong>Fit</strong></span> <span class='ocrx_word' id='word_1_552' title='bbox 2841 1157 3152 1226; x_wconf 89' lang='lat' dir='ltr'><strong>plerumque</strong></span> <span class='ocrx_word' id='word_1_553' title='bbox 3178 1154 3339 1213; x_wconf 87' lang='lat' dir='ltr'><strong>homo</strong></span> <span class='ocrx_word' id='word_1_554' title='bbox 3371 1167 3586 1228; x_wconf 88' lang='lat' dir='ltr'><strong>propter</strong></span> <span class='ocrx_word' id='word_1_555' title='bbox 3618 1159 3766 1214; x_wconf 88' lang='lat' dir='ltr'><strong>hanc</strong></span> 
     </span>
    </p>
   </div>
   <div class='ocr_carea' id='block_1_72' title="bbox 2169 1247 3766 1320">
    <p class='ocr_par' dir='ltr' id='par_1_72' title="bbox 2169 1247 3766 1320">
     <span class='ocr_line' id='line_1_72' title="bbox 2169 1247 3766 1320; baseline 0.004 -20"><span class='ocrx_word' id='word_1_556' title='bbox 2169 1249 2326 1302; x_wconf 85' lang='lat' dir='ltr'><strong>vitam</strong></span> <span class='ocrx_word' id='word_1_557' title='bbox 2371 1247 2572 1314; x_wconf 89' lang='lat' dir='ltr'><strong>nudus,</strong></span> <span class='ocrx_word' id='word_1_558' title='bbox 2599 1250 2889 1303; x_wconf 84' lang='lat' dir='ltr'><strong>mendicus.</strong></span> <span class='ocrx_word' id='word_1_559' title='bbox 2917 1248 3124 1314; x_wconf 81' lang='lat' dir='ltr'><strong>Qu:eris</strong></span> <span class='ocrx_word' id='word_1_560' title='bbox 3150 1249 3217 1303; x_wconf 89' lang='lat' dir='ltr'><strong>ab</strong></span> <span class='ocrx_word' id='word_1_561' title='bbox 3242 1265 3306 1305; x_wconf 89' lang='lat' dir='ltr'><strong>eo</strong></span> <span class='ocrx_word' id='word_1_562' title='bbox 3332 1251 3531 1320; x_wconf 87' lang='lat' dir='ltr'><strong>quare?</strong></span> <span class='ocrx_word' id='word_1_563' title='bbox 3557 1252 3645 1308; x_wconf 85' lang='lat' dir='ltr'><strong>Sic</strong></span> <span class='ocrx_word' id='word_1_564' title='bbox 3679 1268 3766 1307; x_wconf 84' lang='lat' dir='ltr'><strong>re-</strong></span> 
     </span>
    </p>
   </div>
   <div class='ocr_carea' id='block_1_73' title="bbox 2167 1341 3762 1415">
    <p class='ocr_par' dir='ltr' id='par_1_73' title="bbox 2167 1341 3762 1415">
     <span class='ocr_line' id='line_1_73' title="bbox 2167 1341 3762 1415; baseline 0.004 -21"><span class='ocrx_word' id='word_1_565' title='bbox 2167 1341 2392 1410; x_wconf 87' lang='lat' dir='ltr'><strong>spondet</strong></span> <span class='ocrx_word' id='word_1_566' title='bbox 2437 1359 2450 1394; x_wconf 90' lang='lat'><strong>:</strong></span> <span class='ocrx_word' id='word_1_567' title='bbox 2499 1341 2566 1398; x_wconf 89' lang='lat' dir='ltr'><strong>Ut</strong></span> <span class='ocrx_word' id='word_1_568' title='bbox 2619 1345 2870 1398; x_wconf 85' lang='lat' dir='ltr'><strong>viverem.</strong></span> <span class='ocrx_word' id='word_1_569' title='bbox 2904 1342 3037 1408; x_wconf 88' lang='lat' dir='ltr'><strong>Quid</strong></span> <span class='ocrx_word' id='word_1_570' title='bbox 3082 1344 3293 1410; x_wconf 87' lang='lat' dir='ltr'><strong>amasti,</strong></span> <span class='ocrx_word' id='word_1_571' title='bbox 3322 1344 3528 1415; x_wconf 89' lang='lat' dir='ltr'><strong>etquid</strong></span> <span class='ocrx_word' id='word_1_572' title='bbox 3564 1361 3762 1401; x_wconf 83' lang='lat' dir='ltr'><strong>amans</strong></span> 
     </span>
    </p>
   </div>
   <div class='ocr_carea' id='block_1_74' title="bbox 2165 1431 3764 1505">
    <p class='ocr_par' dir='ltr' id='par_1_74' title="bbox 2165 1431 3764 1505">
     <span class='ocr_line' id='line_1_74' title="bbox 2165 1431 3764 1505; baseline 0.003 -21"><span class='ocrx_word' id='word_1_573' title='bbox 2165 1447 2271 1499; x_wconf 92' lang='lat' dir='ltr'><strong>quo</strong></span> <span class='ocrx_word' id='word_1_574' title='bbox 2299 1434 2580 1500; x_wconf 84' lang='lat' dir='ltr'><strong>pervenisti</strong></span> <span class='ocrx_word' id='word_1_575' title='bbox 2610 1433 2632 1487; x_wconf 70' lang='grc' dir='ltr'><strong>’ἔ</strong></span> <span class='ocrx_word' id='word_1_576' title='bbox 2679 1431 2803 1503; x_wconf 90' lang='lat' dir='ltr'><strong>quid</strong></span> <span class='ocrx_word' id='word_1_577' title='bbox 2833 1434 3066 1486; x_wconf 90' lang='lat' dir='ltr'><strong>dicturus</strong></span> <span class='ocrx_word' id='word_1_578' title='bbox 3107 1448 3186 1497; x_wconf 88' lang='lat' dir='ltr'><strong>es,</strong></span> <span class='ocrx_word' id='word_1_579' title='bbox 3220 1436 3359 1488; x_wconf 91' lang='lat' dir='ltr'><strong>male</strong></span> <span class='ocrx_word' id='word_1_580' title='bbox 3404 1446 3590 1488; x_wconf 77' lang='lat' dir='ltr'><strong>amatae</strong></span> <span class='ocrx_word' id='word_1_581' title='bbox 3634 1451 3764 1505; x_wconf 85' lang='lat' dir='ltr'><strong>per-</strong></span> 
     </span>
    </p>
   </div>
   <div class='ocr_carea' id='block_1_75' title="bbox 2167 1524 3764 1594">
    <p class='ocr_par' dir='ltr' id='par_1_75' title="bbox 2167 1524 3764 1594">
     <span class='ocr_line' id='line_1_75' title="bbox 2167 1524 3764 1594; baseline 0.006 -21"><span class='ocrx_word' id='word_1_582' title='bbox 2167 1537 2319 1577; x_wconf 89' lang='lat' dir='ltr'><strong>verse</strong></span> <span class='ocrx_word' id='word_1_583' title='bbox 2366 1533 2570 1578; x_wconf 87' lang='lat' dir='ltr'><strong>amator</strong></span> <span class='ocrx_word' id='word_1_584' title='bbox 2613 1525 2636 1578; x_wconf 89' lang='lat'><strong>?</strong></span> <span class='ocrx_word' id='word_1_585' title='bbox 2684 1525 2808 1594; x_wconf 87' lang='lat' dir='ltr'><strong>quid</strong></span> <span class='ocrx_word' id='word_1_586' title='bbox 2861 1524 3097 1580; x_wconf 89' lang='lat' dir='ltr'><strong>dicturus</strong></span> <span class='ocrx_word' id='word_1_587' title='bbox 3137 1540 3196 1579; x_wconf 86' lang='lat' dir='ltr'><strong>es</strong></span> <span class='ocrx_word' id='word_1_588' title='bbox 3245 1526 3367 1579; x_wconf 89' lang='lat' dir='ltr'><strong>huic</strong></span> <span class='ocrx_word' id='word_1_589' title='bbox 3405 1537 3591 1581; x_wconf 68' lang='lat' dir='ltr'><strong>amattc</strong></span> <span class='ocrx_word' id='word_1_590' title='bbox 3634 1529 3764 1582; x_wconf 69' lang='lat' dir='ltr'><strong>vitae</strong></span> 
     </span>
    </p>
   </div>
   <div class='ocr_carea' id='block_1_76' title="bbox 2169 1614 3764 1687">
    <p class='ocr_par' dir='ltr' id='par_1_76' title="bbox 2169 1614 3764 1687">
     <span class='ocr_line' id='line_1_76' title="bbox 2169 1614 3764 1687; baseline 0.004 -21"><span class='ocrx_word' id='word_1_591' title='bbox 2169 1624 2269 1666; x_wconf 71' lang='lat' dir='ltr'><strong>tum</strong></span> <span class='ocrx_word' id='word_1_592' title='bbox 2299 1614 2322 1668; x_wconf 81' lang='lat'><strong>?</strong></span> <span class='ocrx_word' id='word_1_593' title='bbox 2348 1616 2460 1679; x_wconf 90' lang='lat' dir='ltr'><strong>Dic,</strong></span> <span class='ocrx_word' id='word_1_594' title='bbox 2493 1617 2782 1685; x_wconf 87' lang='lat' dir='ltr'><strong>alloquere,</strong></span> <span class='ocrx_word' id='word_1_595' title='bbox 2827 1616 3086 1682; x_wconf 89' lang='lat' dir='ltr'><strong>blandire,</strong></span> <span class='ocrx_word' id='word_1_596' title='bbox 3125 1618 3168 1670; x_wconf 92' lang='lat' dir='ltr'><strong>si</strong></span> <span class='ocrx_word' id='word_1_597' title='bbox 3203 1625 3371 1687; x_wconf 83' lang='lat' dir='ltr'><strong>potes.</strong></span> <span class='ocrx_word' id='word_1_598' title='bbox 3417 1617 3552 1684; x_wconf 90' lang='lat' dir='ltr'><strong>Quid</strong></span> <span class='ocrx_word' id='word_1_599' title='bbox 3578 1618 3764 1673; x_wconf 84' lang='lat' dir='ltr'><strong>dictu-</strong></span> 
     </span>
    </p>
   </div>
   <div class='ocr_carea' id='block_1_77' title="bbox 2167 1707 3760 1780">
    <p class='ocr_par' dir='ltr' id='par_1_77' title="bbox 2167 1707 3760 1780">
     <span class='ocr_line' id='line_1_77' title="bbox 2167 1707 3760 1780; baseline 0.003 -22"><span class='ocrx_word' id='word_1_600' title='bbox 2167 1721 2256 1759; x_wconf 89' lang='lat' dir='ltr'><strong>rus</strong></span> <span class='ocrx_word' id='word_1_601' title='bbox 2284 1721 2343 1761; x_wconf 88' lang='lat' dir='ltr'><strong>es</strong></span> <span class='ocrx_word' id='word_1_602' title='bbox 2381 1707 2405 1760; x_wconf 87' lang='lat'><strong>?</strong></span> <span class='ocrx_word' id='word_1_603' title='bbox 2450 1707 2529 1762; x_wconf 81' lang='lat' dir='ltr'><strong>Ad</strong></span> <span class='ocrx_word' id='word_1_604' title='bbox 2576 1708 2729 1762; x_wconf 91' lang='lat' dir='ltr'><strong>istam</strong></span> <span class='ocrx_word' id='word_1_605' title='bbox 2773 1707 3064 1762; x_wconf 89' lang='lat' dir='ltr'><strong>nuditatem</strong></span> <span class='ocrx_word' id='word_1_606' title='bbox 3114 1724 3200 1763; x_wconf 91' lang='lat' dir='ltr'><strong>me</strong></span> <span class='ocrx_word' id='word_1_607' title='bbox 3243 1708 3484 1778; x_wconf 83' lang='lat' dir='ltr'><strong>perduxit</strong></span> <span class='ocrx_word' id='word_1_608' title='bbox 3515 1709 3760 1780; x_wconf 83' lang='lat' dir='ltr'><strong>pulchri-</strong></span> 
     </span>
    </p>
   </div>
   <div class='ocr_carea' id='block_1_78' title="bbox 2167 1798 3758 1866">
    <p class='ocr_par' dir='ltr' id='par_1_78' title="bbox 2167 1798 3758 1866">
     <span class='ocr_line' id='line_1_78' title="bbox 2167 1798 3758 1866; baseline 0.002 -15"><span class='ocrx_word' id='word_1_609' title='bbox 2167 1798 2293 1852; x_wconf 89' lang='lat' dir='ltr'><strong>tudo</strong></span> <span class='ocrx_word' id='word_1_610' title='bbox 2319 1807 2422 1854; x_wconf 90' lang='lat' dir='ltr'><strong>tua.</strong></span> <span class='ocrx_word' id='word_1_611' title='bbox 2457 1801 2660 1856; x_wconf 89' lang='lat' dir='ltr'><strong>Clamat</strong></span> <span class='ocrx_word' id='word_1_612' title='bbox 2686 1801 2802 1866; x_wconf 88' lang='lat' dir='ltr'><strong>tibi,</strong></span> <span class='ocrx_word' id='word_1_613' title='bbox 2848 1801 3007 1856; x_wconf 69' lang='lat' dir='ltr'><strong>Foeda</strong></span> <span class='ocrx_word' id='word_1_614' title='bbox 3052 1817 3190 1863; x_wconf 90' lang='lat' dir='ltr'><strong>sum,</strong></span> <span class='ocrx_word' id='word_1_615' title='bbox 3231 1809 3285 1855; x_wconf 92' lang='lat' dir='ltr'><strong>ct</strong></span> <span class='ocrx_word' id='word_1_616' title='bbox 3321 1810 3373 1855; x_wconf 89' lang='lat' dir='ltr'><strong>tu</strong></span> <span class='ocrx_word' id='word_1_617' title='bbox 3401 1816 3548 1854; x_wconf 87' lang='lat' dir='ltr'><strong>amas</strong></span> <span class='ocrx_word' id='word_1_618' title='bbox 3575 1804 3597 1854; x_wconf 87' lang='lat'><strong>?</strong></span> <span class='ocrx_word' id='word_1_619' title='bbox 3628 1803 3758 1855; x_wconf 87' lang='lat' dir='ltr'><strong>Cla-</strong></span> 
     </span>
    </p>
   </div>
   <div class='ocr_carea' id='block_1_79' title="bbox 2166 1891 3758 1962">
    <p class='ocr_par' dir='ltr' id='par_1_79' title="bbox 2166 1891 3758 1962">
     <span class='ocr_line' id='line_1_79' title="bbox 2166 1891 3758 1962; baseline 0.001 -18"><span class='ocrx_word' id='word_1_620' title='bbox 2166 1898 2293 1954; x_wconf 86' lang='lat' dir='ltr'><strong>mat,</strong></span> <span class='ocrx_word' id='word_1_621' title='bbox 2327 1891 2463 1945; x_wconf 87' lang='lat' dir='ltr'><strong>Dura</strong></span> <span class='ocrx_word' id='word_1_622' title='bbox 2505 1908 2642 1957; x_wconf 91' lang='lat' dir='ltr'><strong>sum,</strong></span> <span class='ocrx_word' id='word_1_623' title='bbox 2671 1899 2725 1946; x_wconf 90' lang='lat' dir='ltr'><strong>et</strong></span> <span class='ocrx_word' id='word_1_624' title='bbox 2753 1901 2805 1946; x_wconf 93' lang='lat' dir='ltr'><strong>tu</strong></span> <span class='ocrx_word' id='word_1_625' title='bbox 2843 1892 3181 1962; x_wconf 87' lang='lat' dir='ltr'><strong>amplecteris</strong></span> <span class='ocrx_word' id='word_1_626' title='bbox 3207 1891 3230 1946; x_wconf 83' lang='lat'><strong>?</strong></span> <span class='ocrx_word' id='word_1_627' title='bbox 3258 1893 3484 1958; x_wconf 88' lang='lat' dir='ltr'><strong>Clamat,</strong></span> <span class='ocrx_word' id='word_1_628' title='bbox 3515 1892 3758 1946; x_wconf 80' lang='lat' dir='ltr'><strong>Volatira</strong></span> 
     </span>
    </p>
   </div>
   <div class='ocr_carea' id='block_1_80' title="bbox 2165 1983 3756 2053">
    <p class='ocr_par' dir='ltr' id='par_1_80' title="bbox 2165 1983 3756 2053">
     <span class='ocr_line' id='line_1_80' title="bbox 2165 1983 3756 2053; baseline 0.003 -19"><span class='ocrx_word' id='word_1_629' title='bbox 2165 1996 2299 2047; x_wconf 90' lang='lat' dir='ltr'><strong>sum,</strong></span> <span class='ocrx_word' id='word_1_630' title='bbox 2328 1991 2380 2035; x_wconf 81' lang='lat' dir='ltr'><strong>et</strong></span> <span class='ocrx_word' id='word_1_631' title='bbox 2411 1989 2464 2036; x_wconf 91' lang='lat' dir='ltr'><strong>tu</strong></span> <span class='ocrx_word' id='word_1_632' title='bbox 2493 1983 2644 2053; x_wconf 80' lang='lat' dir='ltr'><strong>sequi</strong></span> <span class='ocrx_word' id='word_1_633' title='bbox 2679 1985 2889 2037; x_wconf 90' lang='lat' dir='ltr'><strong>conaris</strong></span> <span class='ocrx_word' id='word_1_634' title='bbox 2918 1983 2941 2038; x_wconf 76' lang='grc' dir='ltr'><strong><em>τ</em></strong></span> <span class='ocrx_word' id='word_1_635' title='bbox 2968 1984 3104 2039; x_wconf 82' lang='lat' dir='ltr'><strong>Ecce</strong></span> <span class='ocrx_word' id='word_1_636' title='bbox 3127 1984 3411 2053; x_wconf 69' lang='lat' dir='ltr'><strong>respondet</strong></span> <span class='ocrx_word' id='word_1_637' title='bbox 3438 1985 3528 2038; x_wconf 91' lang='lat' dir='ltr'><strong>tibi</strong></span> <span class='ocrx_word' id='word_1_638' title='bbox 3576 1995 3756 2038; x_wconf 87' lang='lat' dir='ltr'><strong>amata</strong></span> 
     </span>
    </p>
   </div>
   <div class='ocr_carea' id='block_1_81' title="bbox 2167 2073 3752 2145">
    <p class='ocr_par' dir='ltr' id='par_1_81' title="bbox 2167 2073 3752 2145">
     <span class='ocr_line' id='line_1_81' title="bbox 2167 2073 3752 2145; baseline -0.001 -17"><span class='ocrx_word' id='word_1_639' title='bbox 2167 2083 2274 2140; x_wconf 88' lang='lat' dir='ltr'><strong>tua,</strong></span> <span class='ocrx_word' id='word_1_640' title='bbox 2305 2073 2420 2129; x_wconf 82' lang='lat' dir='ltr'><strong>Non</strong></span> <span class='ocrx_word' id='word_1_641' title='bbox 2450 2083 2622 2130; x_wconf 89' lang='lat' dir='ltr'><strong>tecum</strong></span> <span class='ocrx_word' id='word_1_642' title='bbox 2666 2076 2818 2130; x_wconf 87' lang='lat' dir='ltr'><strong>stabo</strong></span> <span class='ocrx_word' id='word_1_643' title='bbox 2860 2091 2874 2130; x_wconf 87' lang='lat'><strong>:</strong></span> <span class='ocrx_word' id='word_1_644' title='bbox 2922 2075 3020 2131; x_wconf 93' lang='lat' dir='ltr'><strong>etsi</strong></span> <span class='ocrx_word' id='word_1_645' title='bbox 3065 2082 3240 2130; x_wconf 89' lang='lat' dir='ltr'><strong>tecum</strong></span> <span class='ocrx_word' id='word_1_646' title='bbox 3267 2075 3590 2145; x_wconf 90' lang='lat' dir='ltr'><strong>aliquantum</strong></span> <span class='ocrx_word' id='word_1_647' title='bbox 3632 2091 3752 2141; x_wconf 85' lang='lat' dir='ltr'><strong>ero,</strong></span> 
     </span>
    </p>
   </div>
   <div class='ocr_carea' id='block_1_82' title="bbox 2164 2167 3753 2239">
    <p class='ocr_par' dir='ltr' id='par_1_82' title="bbox 2164 2167 3753 2239">
     <span class='ocr_line' id='line_1_82' title="bbox 2164 2167 3753 2239; baseline 0.003 -19"><span class='ocrx_word' id='word_1_648' title='bbox 2164 2183 2268 2220; x_wconf 85' lang='lat' dir='ltr'><strong>non</strong></span> <span class='ocrx_word' id='word_1_649' title='bbox 2302 2176 2471 2222; x_wconf 87' lang='lat' dir='ltr'><strong>tecum</strong></span> <span class='ocrx_word' id='word_1_650' title='bbox 2513 2168 2858 2239; x_wconf 83' lang='lat' dir='ltr'><strong>permanebo.</strong></span> <span class='ocrx_word' id='word_1_651' title='bbox 2888 2167 3096 2223; x_wconf 81' lang='lat' dir='ltr'><strong>Nudare</strong></span> <span class='ocrx_word' id='word_1_652' title='bbox 3141 2177 3192 2223; x_wconf 90' lang='lat' dir='ltr'><strong>te</strong></span> <span class='ocrx_word' id='word_1_653' title='bbox 3238 2169 3405 2237; x_wconf 90' lang='lat' dir='ltr'><strong>potui,</strong></span> <span class='ocrx_word' id='word_1_654' title='bbox 3438 2168 3594 2223; x_wconf 90' lang='lat' dir='ltr'><strong>beare</strong></span> <span class='ocrx_word' id='word_1_655' title='bbox 3642 2183 3753 2224; x_wconf 73' lang='lat' dir='ltr'><strong>non</strong></span> 
     </span>
    </p>
   </div>
   <div class='ocr_carea' id='block_1_83' title="bbox 2165 2259 2329 2328">
    <p class='ocr_par' dir='ltr' id='par_1_83' title="bbox 2165 2259 2329 2328">
     <span class='ocr_line' id='line_1_83' title="bbox 2165 2259 2329 2328; baseline 0 -17"><span class='ocrx_word' id='word_1_656' title='bbox 2165 2259 2329 2328; x_wconf 92' lang='lat' dir='ltr'><strong>potui.</strong></span> 
     </span>
    </p>
   </div>
   <div class='ocr_carea' id='block_1_84' title="bbox 2232 2349 3749 2421">
    <p class='ocr_par' dir='ltr' id='par_1_84' title="bbox 2232 2349 3749 2421">
     <span class='ocr_line' id='line_1_84' title="bbox 2232 2349 3749 2421; baseline 0.001 -18"><span class='ocrx_word' id='word_1_657' title='bbox 2232 2349 2457 2405; x_wconf 82' lang='lat' dir='ltr'><strong>CAPUT</strong></span> <span class='ocrx_word' id='word_1_658' title='bbox 2482 2349 2614 2406; x_wconf 87' lang='lat' dir='ltr'><strong>VIII.</strong></span> <span class='ocrx_word' id='word_1_659' title='bbox 2645 2381 2715 2390; x_wconf 97' lang='lat'><strong>—</strong></span> <span class='ocrx_word' id='word_1_660' title='bbox 2743 2351 2795 2405; x_wconf 91' lang='lat'><strong>7.</strong></span> <span class='ocrx_word' id='word_1_661' title='bbox 2834 2349 2949 2406; x_wconf 82' lang='lat' dir='ltr'><strong>Vita</strong></span> <span class='ocrx_word' id='word_1_662' title='bbox 2967 2362 3154 2406; x_wconf 76' lang='lat' dir='ltr'><strong>wterua</strong></span> <span class='ocrx_word' id='word_1_663' title='bbox 3182 2351 3319 2404; x_wconf 80' lang='lat' dir='ltr'><strong>Deus</strong></span> <span class='ocrx_word' id='word_1_664' title='bbox 3348 2359 3456 2417; x_wconf 80' lang='lat' dir='ltr'><strong>est;</strong></span> <span class='ocrx_word' id='word_1_665' title='bbox 3482 2351 3582 2404; x_wconf 82' lang='lat' dir='ltr'><strong>vita</strong></span> <span class='ocrx_word' id='word_1_666' title='bbox 3613 2367 3749 2421; x_wconf 71' lang='lat' dir='ltr'><strong>pre-</strong></span> 
     </span>
    </p>
   </div>
   <div class='ocr_carea' id='block_1_85' title="bbox 2163 2443 3749 2517">
    <p class='ocr_par' dir='ltr' id='par_1_85' title="bbox 2163 2443 3749 2517">
     <span class='ocr_line' id='line_1_85' title="bbox 2163 2443 3749 2517; baseline 0.003 -22"><span class='ocrx_word' id='word_1_667' title='bbox 2163 2459 2295 2508; x_wconf 84' lang='lat' dir='ltr'><strong>sens,</strong></span> <span class='ocrx_word' id='word_1_668' title='bbox 2326 2460 2499 2512; x_wconf 85' lang='lat' dir='ltr'><strong>vapor.</strong></span> <span class='ocrx_word' id='word_1_669' title='bbox 2532 2443 2670 2513; x_wconf 84' lang='lat' dir='ltr'><strong>Ergo</strong></span> <span class='ocrx_word' id='word_1_670' title='bbox 2709 2445 2958 2515; x_wconf 87' lang='lat' dir='ltr'><strong>quoniam</strong></span> <span class='ocrx_word' id='word_1_671' title='bbox 2989 2444 3275 2500; x_wconf 87' lang='lat' dir='ltr'><strong>Christiani</strong></span> <span class='ocrx_word' id='word_1_672' title='bbox 3305 2462 3489 2500; x_wconf 90' lang='lat' dir='ltr'><strong>sumus</strong></span> <span class='ocrx_word' id='word_1_673' title='bbox 3509 2488 3522 2508; x_wconf 87' lang='lat'><em>.</em></span> <span class='ocrx_word' id='word_1_674' title='bbox 3552 2447 3749 2517; x_wconf 87' lang='lat' dir='ltr'><strong>implo-</strong></span> 
     </span>
    </p>
   </div>
   <div class='ocr_carea' id='block_1_86' title="bbox 2165 2535 3751 2604">
    <p class='ocr_par' dir='ltr' id='par_1_86' title="bbox 2165 2535 3751 2604">
     <span class='ocr_line' id='line_1_86' title="bbox 2165 2535 3751 2604; baseline 0.003 -15"><span class='ocrx_word' id='word_1_675' title='bbox 2165 2545 2280 2590; x_wconf 86' lang='lat' dir='ltr'><strong>rato</strong></span> <span class='ocrx_word' id='word_1_676' title='bbox 2320 2535 2584 2604; x_wconf 87' lang='lat' dir='ltr'><strong>adjutorio</strong></span> <span class='ocrx_word' id='word_1_677' title='bbox 2615 2537 2820 2591; x_wconf 87' lang='lat' dir='ltr'><strong>Domini</strong></span> <span class='ocrx_word' id='word_1_678' title='bbox 2848 2537 2942 2592; x_wconf 86' lang='lat' dir='ltr'><strong>Dei</strong></span> <span class='ocrx_word' id='word_1_679' title='bbox 2971 2539 3135 2591; x_wconf 88' lang='lat' dir='ltr'><strong>nostri</strong></span> <span class='ocrx_word' id='word_1_680' title='bbox 3167 2537 3424 2592; x_wconf 82' lang='lat' dir='ltr'><strong>adversus</strong></span> <span class='ocrx_word' id='word_1_681' title='bbox 3467 2537 3751 2593; x_wconf 81' lang='lat' dir='ltr'><strong>blanditias</strong></span> 
     </span>
    </p>
   </div>
   <div class='ocr_carea' id='block_1_87' title="bbox 2164 2626 3746 2699">
    <p class='ocr_par' dir='ltr' id='par_1_87' title="bbox 2164 2626 3746 2699">
     <span class='ocr_line' id='line_1_87' title="bbox 2164 2626 3746 2699; baseline 0.004 -21"><span class='ocrx_word' id='word_1_682' title='bbox 2164 2626 2301 2680; x_wconf 83' lang='lat' dir='ltr'><strong>male</strong></span> <span class='ocrx_word' id='word_1_683' title='bbox 2354 2636 2573 2690; x_wconf 68' lang='lat' dir='ltr'><strong>amatae,</strong></span> <span class='ocrx_word' id='word_1_684' title='bbox 2616 2641 2856 2683; x_wconf 87' lang='lat' dir='ltr'><strong>amemus</strong></span> <span class='ocrx_word' id='word_1_685' title='bbox 2901 2629 3040 2682; x_wconf 89' lang='lat' dir='ltr'><strong>illius</strong></span> <span class='ocrx_word' id='word_1_686' title='bbox 3089 2628 3537 2698; x_wconf 87' lang='lat' dir='ltr'><strong>pulchritudinem</strong></span> <span class='ocrx_word' id='word_1_687' title='bbox 3586 2631 3746 2699; x_wconf 68' lang='lat' dir='ltr'><strong>vitae,</strong></span> 
     </span>
    </p>
   </div>
   <div class='ocr_carea' id='block_1_88' title="bbox 2161 2720 3752 2787">
    <p class='ocr_par' dir='ltr' id='par_1_88' title="bbox 2161 2720 3752 2787">
     <span class='ocr_line' id='line_1_88' title="bbox 2161 2720 3752 2787; baseline 0.005 -17"><span class='ocrx_word' id='word_1_688' title='bbox 2161 2734 2318 2787; x_wconf 88' lang='lat' dir='ltr'><strong>quam</strong></span> <span class='ocrx_word' id='word_1_689' title='bbox 2349 2733 2448 2774; x_wconf 88' lang='lat' dir='ltr'><strong>nec</strong></span> <span class='ocrx_word' id='word_1_690' title='bbox 2475 2720 2662 2775; x_wconf 84' lang='lat' dir='ltr'><strong>oculus</strong></span> <span class='ocrx_word' id='word_1_691' title='bbox 2698 2720 2856 2787; x_wconf 90' lang='lat' dir='ltr'><strong>vidit,</strong></span> <span class='ocrx_word' id='word_1_692' title='bbox 2887 2736 2984 2775; x_wconf 90' lang='lat' dir='ltr'><strong>nec</strong></span> <span class='ocrx_word' id='word_1_693' title='bbox 3010 2722 3155 2776; x_wconf 85' lang='lat' dir='ltr'><strong>auris</strong></span> <span class='ocrx_word' id='word_1_694' title='bbox 3180 2722 3410 2787; x_wconf 89' lang='lat' dir='ltr'><strong>audivit,</strong></span> <span class='ocrx_word' id='word_1_695' title='bbox 3442 2738 3541 2778; x_wconf 88' lang='lat' dir='ltr'><strong>nec</strong></span> <span class='ocrx_word' id='word_1_696' title='bbox 3571 2723 3620 2777; x_wconf 92' lang='lat' dir='ltr'><strong>in</strong></span> <span class='ocrx_word' id='word_1_697' title='bbox 3651 2737 3752 2778; x_wconf 88' lang='lat' dir='ltr'><strong>cor</strong></span> 
     </span>
    </p>
   </div>
   <div class='ocr_carea' id='block_1_89' title="bbox 2162 2807 3751 2884">
    <p class='ocr_par' dir='ltr' id='par_1_89' title="bbox 2162 2807 3751 2884">
     <span class='ocr_line' id='line_1_89' title="bbox 2162 2807 3751 2884; baseline 0.005 -24"><span class='ocrx_word' id='word_1_698' title='bbox 2162 2807 2394 2864; x_wconf 88' lang='lat' dir='ltr'><strong>hominis</strong></span> <span class='ocrx_word' id='word_1_699' title='bbox 2417 2808 2676 2864; x_wconf 88' lang='lat' dir='ltr'><strong>ascendit.</strong></span> <span class='ocrx_word' id='word_1_700' title='bbox 2703 2809 2848 2864; x_wconf 85' lang='lat' dir='ltr'><strong>lianc</strong></span> <span class='ocrx_word' id='word_1_701' title='bbox 2867 2811 3009 2865; x_wconf 88' lang='lat' dir='ltr'><strong>enim</strong></span> <span class='ocrx_word' id='word_1_702' title='bbox 3036 2813 3348 2880; x_wconf 78' lang='lat' dir='ltr'><strong>przeparavit</strong></span> <span class='ocrx_word' id='word_1_703' title='bbox 3366 2812 3506 2867; x_wconf 87' lang='lat' dir='ltr'><strong>Deus</strong></span> <span class='ocrx_word' id='word_1_704' title='bbox 3522 2813 3751 2884; x_wconf 80' lang='lat' dir='ltr'><strong>diligen-</strong></span> 
     </span>
    </p>
   </div>
   <div class='ocr_carea' id='block_1_90' title="bbox 2162 2901 3749 2975">
    <p class='ocr_par' dir='ltr' id='par_1_90' title="bbox 2162 2901 3749 2975">
     <span class='ocr_line' id='line_1_90' title="bbox 2162 2901 3749 2975; baseline 0.002 -18"><span class='ocrx_word' id='word_1_705' title='bbox 2162 2904 2300 2957; x_wconf 88' lang='lat' dir='ltr'><strong>tibus</strong></span> <span class='ocrx_word' id='word_1_706' title='bbox 2325 2918 2383 2956; x_wconf 89' lang='lat' dir='ltr'><strong>se</strong></span> <span class='ocrx_word' id='word_1_707' title='bbox 2418 2901 2460 2975; x_wconf 93' lang='lat' dir='ltr'><strong>(l</strong></span> <span class='ocrx_word' id='word_1_708' title='bbox 2487 2901 2603 2957; x_wconf 84' lang='lat' dir='ltr'><strong>Cor.</strong></span> <span class='ocrx_word' id='word_1_709' title='bbox 2629 2918 2686 2968; x_wconf 89' lang='grc' dir='ltr'><strong>ιι,</strong></span> <span class='ocrx_word' id='word_1_710' title='bbox 2713 2902 2803 2972; x_wconf 77' lang='lat'><strong>9);</strong></span> <span class='ocrx_word' id='word_1_711' title='bbox 2831 2913 2886 2958; x_wconf 92' lang='lat' dir='ltr'><strong>et</strong></span> <span class='ocrx_word' id='word_1_712' title='bbox 2921 2904 3031 2972; x_wconf 86' lang='lat' dir='ltr'><strong>ipsa</strong></span> <span class='ocrx_word' id='word_1_713' title='bbox 3063 2905 3167 2958; x_wconf 84' lang='lat' dir='ltr'><strong>vita</strong></span> <span class='ocrx_word' id='word_1_714' title='bbox 3198 2905 3311 2975; x_wconf 90' lang='lat' dir='ltr'><strong>ipse</strong></span> <span class='ocrx_word' id='word_1_715' title='bbox 3342 2905 3480 2960; x_wconf 89' lang='lat' dir='ltr'><strong>Deus</strong></span> <span class='ocrx_word' id='word_1_716' title='bbox 3507 2917 3603 2961; x_wconf 89' lang='lat' dir='ltr'><strong>est.</strong></span> <span class='ocrx_word' id='word_1_717' title='bbox 3640 2908 3749 2960; x_wconf 80' lang='lat' dir='ltr'><strong>Ac-</strong></span> 
     </span>
    </p>
   </div>
   <div class='ocr_carea' id='block_1_91' title="bbox 2161 2995 3748 3064">
    <p class='ocr_par' dir='ltr' id='par_1_91' title="bbox 2161 2995 3748 3064">
     <span class='ocr_line' id='line_1_91' title="bbox 2161 2995 3748 3064; baseline 0.003 -17"><span class='ocrx_word' id='word_1_718' title='bbox 2161 2995 2458 3060; x_wconf 85' lang='lat' dir='ltr'><strong>clamastis,</strong></span> <span class='ocrx_word' id='word_1_719' title='bbox 2483 2995 2808 3064; x_wconf 88' lang='lat' dir='ltr'><strong>suspirastis.</strong></span> <span class='ocrx_word' id='word_1_720' title='bbox 2855 2996 3108 3050; x_wconf 82' lang='lat' dir='ltr'><strong>Amemus</strong></span> <span class='ocrx_word' id='word_1_721' title='bbox 3137 2997 3273 3052; x_wconf 83' lang='lat' dir='ltr'><strong>hanc</strong></span> <span class='ocrx_word' id='word_1_722' title='bbox 3312 2995 3535 3052; x_wconf 80' lang='lat' dir='ltr'><strong>fortiter.</strong></span> <span class='ocrx_word' id='word_1_723' title='bbox 3572 2998 3748 3053; x_wconf 88' lang='lat' dir='ltr'><strong>Donet</strong></span> 
     </span>
    </p>
   </div>
   <div class='ocr_carea' id='block_1_92' title="bbox 2163 3087 3742 3160">
    <p class='ocr_par' dir='ltr' id='par_1_92' title="bbox 2163 3087 3742 3160">
     <span class='ocr_line' id='line_1_92' title="bbox 2163 3087 3742 3160; baseline 0.004 -19"><span class='ocrx_word' id='word_1_724' title='bbox 2163 3089 2419 3142; x_wconf 87' lang='lat' dir='ltr'><strong>Dominus</strong></span> <span class='ocrx_word' id='word_1_725' title='bbox 2445 3099 2502 3141; x_wconf 91' lang='lat' dir='ltr'><strong>ut</strong></span> <span class='ocrx_word' id='word_1_726' title='bbox 2520 3103 2779 3145; x_wconf 78' lang='lat' dir='ltr'><strong>amemus.</strong></span> <span class='ocrx_word' id='word_1_727' title='bbox 2806 3087 2884 3143; x_wconf 89' lang='lat' dir='ltr'><strong>Illi</strong></span> <span class='ocrx_word' id='word_1_728' title='bbox 2908 3089 3168 3146; x_wconf 86' lang='lat' dir='ltr'><strong>lacrvmas</strong></span> <span class='ocrx_word' id='word_1_729' title='bbox 3198 3091 3415 3160; x_wconf 88' lang='lat' dir='ltr'><strong>probae</strong></span> <span class='ocrx_word' id='word_1_730' title='bbox 3442 3109 3544 3146; x_wconf 87' lang='lat' dir='ltr'><strong>non</strong></span> <span class='ocrx_word' id='word_1_731' title='bbox 3568 3094 3742 3149; x_wconf 78' lang='lat' dir='ltr'><strong>solum</strong></span> 
     </span>
    </p>
   </div>
   <div class='ocr_carea' id='block_1_93' title="bbox 2158 3179 3746 3252">
    <p class='ocr_par' dir='ltr' id='par_1_93' title="bbox 2158 3179 3746 3252">
     <span class='ocr_line' id='line_1_93' title="bbox 2158 3179 3746 3252; baseline 0.006 -20"><span class='ocrx_word' id='word_1_732' title='bbox 2158 3179 2518 3248; x_wconf 90' lang='lat' dir='ltr'><strong>adipiscenda,</strong></span> <span class='ocrx_word' id='word_1_733' title='bbox 2543 3180 2637 3235; x_wconf 88' lang='lat' dir='ltr'><strong>sed</strong></span> <span class='ocrx_word' id='word_1_734' title='bbox 2663 3181 2822 3234; x_wconf 89' lang='lat' dir='ltr'><strong>etiam</strong></span> <span class='ocrx_word' id='word_1_735' title='bbox 2850 3179 3113 3251; x_wconf 85' lang='lat' dir='ltr'><strong>diligenda</strong></span> <span class='ocrx_word' id='word_1_736' title='bbox 3146 3182 3444 3238; x_wconf 87' lang='lat' dir='ltr'><strong>fundamus.</strong></span> <span class='ocrx_word' id='word_1_737' title='bbox 3468 3185 3602 3252; x_wconf 84' lang='lat' dir='ltr'><strong>Quid</strong></span> <span class='ocrx_word' id='word_1_738' title='bbox 3628 3201 3746 3241; x_wconf 91' lang='lat' dir='ltr'><strong>mo-</strong></span> 
     </span>
    </p>
   </div>
   <div class='ocr_carea' id='block_1_94' title="bbox 2159 3271 3743 3346">
    <p class='ocr_par' dir='ltr' id='par_1_94' title="bbox 2159 3271 3743 3346">
     <span class='ocr_line' id='line_1_94' title="bbox 2159 3271 3743 3346; baseline 0.004 -22"><span class='ocrx_word' id='word_1_739' title='bbox 2159 3271 2319 3325; x_wconf 90' lang='lat' dir='ltr'><strong>nituri</strong></span> <span class='ocrx_word' id='word_1_740' title='bbox 2363 3286 2582 3338; x_wconf 88' lang='lat' dir='ltr'><strong>sumus,</strong></span> <span class='ocrx_word' id='word_1_741' title='bbox 2610 3271 2736 3342; x_wconf 89' lang='lat' dir='ltr'><strong>quid</strong></span> <span class='ocrx_word' id='word_1_742' title='bbox 2786 3273 3240 3331; x_wconf 77' lang='lat' dir='ltr'><strong>demonstraturi?</strong></span> <span class='ocrx_word' id='word_1_743' title='bbox 3267 3273 3531 3346; x_wconf 78' lang='lat' dir='ltr'><strong>Numquid</strong></span> <span class='ocrx_word' id='word_1_744' title='bbox 3575 3275 3743 3331; x_wconf 88' lang='lat' dir='ltr'><strong>libros</strong></span> 
     </span>
    </p>
   </div>
   <div class='ocr_carea' id='block_1_95' title="bbox 2158 3364 3739 3438">
    <p class='ocr_par' dir='ltr' id='par_1_95' title="bbox 2158 3364 3739 3438">
     <span class='ocr_line' id='line_1_95' title="bbox 2158 3364 3739 3438; baseline 0.005 -22"><span class='ocrx_word' id='word_1_745' title='bbox 2158 3366 2464 3430; x_wconf 87' lang='lat' dir='ltr'><strong>rccitamus,</strong></span> <span class='ocrx_word' id='word_1_746' title='bbox 2492 3371 2550 3418; x_wconf 83' lang='lat' dir='ltr'><strong>ut</strong></span> <span class='ocrx_word' id='word_1_747' title='bbox 2572 3364 2914 3420; x_wconf 84' lang='lat' dir='ltr'><strong>ostendamus</strong></span> <span class='ocrx_word' id='word_1_748' title='bbox 2934 3379 3088 3434; x_wconf 88' lang='lat' dir='ltr'><strong>quam</strong></span> <span class='ocrx_word' id='word_1_749' title='bbox 3117 3367 3185 3420; x_wconf 92' lang='lat' dir='ltr'><strong>sit</strong></span> <span class='ocrx_word' id='word_1_750' title='bbox 3214 3367 3312 3422; x_wconf 87' lang='lat' dir='ltr'><strong>ista</strong></span> <span class='ocrx_word' id='word_1_751' title='bbox 3336 3367 3556 3434; x_wconf 86' lang='lat' dir='ltr'><strong>incerta,</strong></span> <span class='ocrx_word' id='word_1_752' title='bbox 3577 3384 3739 3438; x_wconf 81' lang='lat' dir='ltr'><strong>quam</strong></span> 
     </span>
    </p>
   </div>
   <div class='ocr_carea' id='block_1_96' title="bbox 2158 3455 3742 3531">
    <p class='ocr_par' dir='ltr' id='par_1_96' title="bbox 2158 3455 3742 3531">
     <span class='ocr_line' id='line_1_96' title="bbox 2158 3455 3742 3531; baseline 0.005 -23"><span class='ocrx_word' id='word_1_753' title='bbox 2158 3455 2476 3520; x_wconf 86' lang='lat' dir='ltr'><strong>transitoria,</strong></span> <span class='ocrx_word' id='word_1_754' title='bbox 2511 3472 2668 3526; x_wconf 87' lang='lat' dir='ltr'><strong>quant</strong></span> <span class='ocrx_word' id='word_1_755' title='bbox 2701 3471 2835 3527; x_wconf 89' lang='lat' dir='ltr'><strong>pene</strong></span> <span class='ocrx_word' id='word_1_756' title='bbox 2862 3457 3024 3521; x_wconf 83' lang='lat' dir='ltr'><strong>nulla,</strong></span> <span class='ocrx_word' id='word_1_757' title='bbox 3073 3472 3231 3528; x_wconf 85' lang='lat' dir='ltr'><strong>quam</strong></span> <span class='ocrx_word' id='word_1_758' title='bbox 3271 3474 3456 3514; x_wconf 82' lang='lat' dir='ltr'><strong>verum</strong></span> <span class='ocrx_word' id='word_1_759' title='bbox 3503 3462 3569 3515; x_wconf 87' lang='lat' dir='ltr'><strong>sit</strong></span> <span class='ocrx_word' id='word_1_760' title='bbox 3597 3461 3742 3531; x_wconf 86' lang='lat' dir='ltr'><strong>quod</strong></span> 
     </span>
    </p>
   </div>
   <div class='ocr_carea' id='block_1_97' title="bbox 2156 3547 3743 3624">
    <p class='ocr_par' dir='ltr' id='par_1_97' title="bbox 2156 3547 3743 3624">
     <span class='ocr_line' id='line_1_97' title="bbox 2156 3547 3743 3624; baseline 0.003 -24"><span class='ocrx_word' id='word_1_761' title='bbox 2156 3547 2408 3624; x_wconf 80' lang='lat' dir='ltr'><strong>scriptum</strong></span> <span class='ocrx_word' id='word_1_762' title='bbox 2435 3557 2536 3609; x_wconf 86' lang='lat' dir='ltr'><strong>est,</strong></span> <span class='ocrx_word' id='word_1_763' title='bbox 2573 3548 2699 3613; x_wconf 67' lang='lat' dir='ltr'><strong>Quae</strong></span> <span class='ocrx_word' id='word_1_764' title='bbox 2727 3549 2856 3602; x_wconf 78' lang='lat' dir='ltr'><strong>enim</strong></span> <span class='ocrx_word' id='word_1_765' title='bbox 2885 3559 2958 3603; x_wconf 87' lang='lat' dir='ltr'><strong>est</strong></span> <span class='ocrx_word' id='word_1_766' title='bbox 2990 3551 3093 3603; x_wconf 71' lang='lat' dir='ltr'><strong>vita</strong></span> <span class='ocrx_word' id='word_1_767' title='bbox 3138 3551 3339 3604; x_wconf 71' lang='lat' dir='ltr'><strong>castra?</strong></span> <span class='ocrx_word' id='word_1_768' title='bbox 3375 3550 3542 3622; x_wconf 70' lang='grc' dir='ltr'><strong>γηρω-</strong></span> <span class='ocrx_word' id='word_1_769' title='bbox 3577 3561 3648 3606; x_wconf 73' lang='lat' dir='ltr'><strong>est</strong></span> <span class='ocrx_word' id='word_1_770' title='bbox 3669 3553 3743 3606; x_wconf 71' lang='lat' dir='ltr'><strong>ad</strong></span> 
     </span>
    </p>
   </div>
   <div class='ocr_carea' id='block_1_98' title="bbox 2156 3639 3727 3713">
    <p class='ocr_par' dir='ltr' id='par_1_98' title="bbox 2156 3639 3727 3713">
     <span class='ocr_line' id='line_1_98' title="bbox 2156 3639 3727 3713; baseline 0.005 -23"><span class='ocrx_word' id='word_1_771' title='bbox 2156 3640 2407 3694; x_wconf 73' lang='lat' dir='ltr'><strong>modicum</strong></span> <span class='ocrx_word' id='word_1_772' title='bbox 2442 3655 2742 3709; x_wconf 73' lang='lat' dir='ltr'><strong>apparens;</strong></span> <span class='ocrx_word' id='word_1_773' title='bbox 2789 3639 3026 3709; x_wconf 77' lang='lat' dir='ltr'><strong>deinceps</strong></span> <span class='ocrx_word' id='word_1_774' title='bbox 3067 3642 3481 3696; x_wconf 69' lang='lat' dir='ltr'><strong>exterminabitur</strong></span> <span class='ocrx_word' id='word_1_775' title='bbox 3519 3643 3727 3713; x_wconf 76' lang='lat' dir='ltr'><strong>(Jacobi</strong></span> 
     </span>
    </p>
   </div>
   <div class='ocr_carea' id='block_1_99' title="bbox 2157 3729 3741 3802">
    <p class='ocr_par' dir='ltr' id='par_1_99' title="bbox 2157 3729 3741 3802">
     <span class='ocr_line' id='line_1_99' title="bbox 2157 3729 3741 3802; baseline 0.004 -20"><span class='ocrx_word' id='word_1_776' title='bbox 2157 3744 2230 3793; x_wconf 90' lang='lat' dir='ltr'><strong>tv,</strong></span> <span class='ocrx_word' id='word_1_777' title='bbox 2263 3729 2373 3800; x_wconf 72' lang='grc'><strong>15).</strong></span> <span class='ocrx_word' id='word_1_778' title='bbox 2404 3729 2625 3784; x_wconf 87' lang='lat' dir='ltr'><strong>Vivebat</strong></span> <span class='ocrx_word' id='word_1_779' title='bbox 2674 3729 2806 3792; x_wconf 88' lang='lat' dir='ltr'><strong>heri,</strong></span> <span class='ocrx_word' id='word_1_780' title='bbox 2835 3746 2942 3784; x_wconf 91' lang='lat' dir='ltr'><strong>non</strong></span> <span class='ocrx_word' id='word_1_781' title='bbox 2971 3743 3053 3785; x_wconf 90' lang='lat' dir='ltr'><strong>est</strong></span> <span class='ocrx_word' id='word_1_782' title='bbox 3084 3732 3279 3787; x_wconf 89' lang='lat' dir='ltr'><strong>hodie:</strong></span> <span class='ocrx_word' id='word_1_783' title='bbox 3313 3734 3467 3802; x_wconf 76' lang='lat' dir='ltr'><strong>patilo</strong></span> <span class='ocrx_word' id='word_1_784' title='bbox 3494 3743 3618 3788; x_wconf 89' lang='lat' dir='ltr'><strong>ante</strong></span> <span class='ocrx_word' id='word_1_785' title='bbox 3660 3735 3741 3789; x_wconf 81' lang='lat' dir='ltr'><strong>vi-</strong></span> 
     </span>
    </p>
   </div>
   <div class='ocr_carea' id='block_1_100' title="bbox 2155 3820 3742 3892">
    <p class='ocr_par' dir='ltr' id='par_1_100' title="bbox 2155 3820 3742 3892">
     <span class='ocr_line' id='line_1_100' title="bbox 2155 3820 3742 3892; baseline 0.003 -17"><span class='ocrx_word' id='word_1_786' title='bbox 2155 3820 2400 3886; x_wconf 86' lang='lat' dir='ltr'><strong>debatur,</strong></span> <span class='ocrx_word' id='word_1_787' title='bbox 2431 3821 2592 3876; x_wconf 91' lang='lat' dir='ltr'><strong>modo</strong></span> <span class='ocrx_word' id='word_1_788' title='bbox 2622 3837 2730 3877; x_wconf 88' lang='lat' dir='ltr'><strong>non</strong></span> <span class='ocrx_word' id='word_1_789' title='bbox 2755 3831 2839 3878; x_wconf 90' lang='lat' dir='ltr'><strong>est</strong></span> <span class='ocrx_word' id='word_1_790' title='bbox 2886 3823 2974 3892; x_wconf 91' lang='lat' dir='ltr'><strong>qui</strong></span> <span class='ocrx_word' id='word_1_791' title='bbox 2999 3822 3297 3878; x_wconf 85' lang='lat' dir='ltr'><strong>videbatur.</strong></span> <span class='ocrx_word' id='word_1_792' title='bbox 3330 3825 3618 3880; x_wconf 85' lang='lat' dir='ltr'><strong>Deducitur</strong></span> <span class='ocrx_word' id='word_1_793' title='bbox 3642 3827 3742 3880; x_wconf 86' lang='lat' dir='ltr'><strong>ho-</strong></span> 
     </span>
    </p>
   </div>
   <div class='ocr_carea' id='block_1_101' title="bbox 2155 3912 3738 3982">
    <p class='ocr_par' dir='ltr' id='par_1_101' title="bbox 2155 3912 3738 3982">
     <span class='ocr_line' id='line_1_101' title="bbox 2155 3912 3738 3982; baseline 0.004 -16"><span class='ocrx_word' id='word_1_794' title='bbox 2155 3928 2242 3968; x_wconf 90' lang='lat' dir='ltr'><strong>mo</strong></span> <span class='ocrx_word' id='word_1_795' title='bbox 2271 3912 2336 3967; x_wconf 92' lang='lat' dir='ltr'><strong>ad</strong></span> <span class='ocrx_word' id='word_1_796' title='bbox 2361 3913 2661 3982; x_wconf 88' lang='lat' dir='ltr'><strong>sepulcrum</strong></span> <span class='ocrx_word' id='word_1_797' title='bbox 2693 3931 2706 3968; x_wconf 91' lang='lat'>:</span> <span class='ocrx_word' id='word_1_798' title='bbox 2737 3915 2957 3968; x_wconf 85' lang='lat' dir='ltr'><strong>redeunt</strong></span> <span class='ocrx_word' id='word_1_799' title='bbox 2980 3915 3176 3976; x_wconf 84' lang='lat' dir='ltr'><strong>tristes,</strong></span> <span class='ocrx_word' id='word_1_800' title='bbox 3206 3915 3313 3970; x_wconf 89' lang='lat' dir='ltr'><strong>cito</strong></span> <span class='ocrx_word' id='word_1_801' title='bbox 3339 3915 3738 3972; x_wconf 81' lang='lat' dir='ltr'><strong>obliviscentes.</strong></span> 
     </span>
    </p>
   </div>
   <div class='ocr_carea' id='block_1_102' title="bbox 2155 4004 3738 4078">
    <p class='ocr_par' dir='ltr' id='par_1_102' title="bbox 2155 4004 3738 4078">
     <span class='ocr_line' id='line_1_102' title="bbox 2155 4004 3738 4078; baseline 0.004 -20"><span class='ocrx_word' id='word_1_802' title='bbox 2155 4004 2357 4060; x_wconf 85' lang='lat' dir='ltr'><strong>Dicitur</strong></span> <span class='ocrx_word' id='word_1_803' title='bbox 2383 4021 2538 4076; x_wconf 88' lang='lat' dir='ltr'><strong>quam</strong></span> <span class='ocrx_word' id='word_1_804' title='bbox 2562 4005 2694 4060; x_wconf 88' lang='lat' dir='ltr'><strong>nihil</strong></span> <span class='ocrx_word' id='word_1_805' title='bbox 2721 4015 2803 4061; x_wconf 87' lang='lat' dir='ltr'><strong>est</strong></span> <span class='ocrx_word' id='word_1_806' title='bbox 2824 4005 2984 4062; x_wconf 90' lang='lat' dir='ltr'><strong>homo</strong></span> <span class='ocrx_word' id='word_1_807' title='bbox 3015 4025 3028 4061; x_wconf 91' lang='lat'><strong>:</strong></span> <span class='ocrx_word' id='word_1_808' title='bbox 3055 4006 3230 4061; x_wconf 87' lang='lat' dir='ltr'><strong>ethoc</strong></span> <span class='ocrx_word' id='word_1_809' title='bbox 3255 4007 3381 4063; x_wconf 88' lang='lat' dir='ltr'><strong>dicit</strong></span> <span class='ocrx_word' id='word_1_810' title='bbox 3403 4008 3517 4078; x_wconf 80' lang='lat' dir='ltr'><strong>ipse</strong></span> <span class='ocrx_word' id='word_1_811' title='bbox 3543 4009 3738 4073; x_wconf 87' lang='lat' dir='ltr'><strong>homo;</strong></span> 
     </span>
    </p>
   </div>
   <div class='ocr_carea' id='block_1_103' title="bbox 2155 4097 3742 4174">
    <p class='ocr_par' dir='ltr' id='par_1_103' title="bbox 2155 4097 3742 4174">
     <span class='ocr_line' id='line_1_103' title="bbox 2155 4097 3742 4174; baseline 0.006 -23"><span class='ocrx_word' id='word_1_812' title='bbox 2155 4107 2207 4151; x_wconf 92' lang='lat' dir='ltr'><strong>et</strong></span> <span class='ocrx_word' id='word_1_813' title='bbox 2234 4112 2336 4152; x_wconf 90' lang='lat' dir='ltr'><strong>non</strong></span> <span class='ocrx_word' id='word_1_814' title='bbox 2367 4097 2590 4169; x_wconf 79' lang='lat' dir='ltr'><strong>corrigit</strong></span> <span class='ocrx_word' id='word_1_815' title='bbox 2616 4113 2674 4153; x_wconf 92' lang='lat' dir='ltr'><strong>se</strong></span> <span class='ocrx_word' id='word_1_816' title='bbox 2705 4097 2885 4164; x_wconf 87' lang='lat' dir='ltr'><strong>homo,</strong></span> <span class='ocrx_word' id='word_1_817' title='bbox 2911 4108 2967 4154; x_wconf 89' lang='lat' dir='ltr'><strong>ut</strong></span> <span class='ocrx_word' id='word_1_818' title='bbox 2993 4113 3097 4154; x_wconf 90' lang='lat' dir='ltr'><strong>non</strong></span> <span class='ocrx_word' id='word_1_819' title='bbox 3125 4100 3280 4166; x_wconf 89' lang='lat' dir='ltr'><strong>nihil,</strong></span> <span class='ocrx_word' id='word_1_820' title='bbox 3319 4100 3412 4156; x_wconf 86' lang='lat' dir='ltr'><strong>sed</strong></span> <span class='ocrx_word' id='word_1_821' title='bbox 3442 4102 3638 4174; x_wconf 85' lang='lat' dir='ltr'><strong>aliquid</strong></span> <span class='ocrx_word' id='word_1_822' title='bbox 3667 4105 3742 4160; x_wconf 76' lang='lat' dir='ltr'><strong>sit</strong></span> 
     </span>
    </p>
   </div>
   <div class='ocr_carea' id='block_1_104' title="bbox 2157 4187 3740 4263">
    <p class='ocr_par' dir='ltr' id='par_1_104' title="bbox 2157 4187 3740 4263">
     <span class='ocr_line' id='line_1_104' title="bbox 2157 4187 3740 4263; baseline 0.006 -22"><span class='ocrx_word' id='word_1_823' title='bbox 2157 4187 2335 4244; x_wconf 85' lang='lat' dir='ltr'><strong>homo.</strong></span> <span class='ocrx_word' id='word_1_824' title='bbox 2364 4189 2529 4260; x_wconf 72' lang='lat' dir='ltr'><strong>Hujus</strong></span> <span class='ocrx_word' id='word_1_825' title='bbox 2554 4205 2683 4260; x_wconf 80' lang='lat' dir='ltr'><strong>ergo</strong></span> <span class='ocrx_word' id='word_1_826' title='bbox 2708 4201 2973 4247; x_wconf 85' lang='lat' dir='ltr'><strong>amatores</strong></span> <span class='ocrx_word' id='word_1_827' title='bbox 2999 4200 3265 4263; x_wconf 87' lang='lat' dir='ltr'><strong>martyres</strong></span> <span class='ocrx_word' id='word_1_828' title='bbox 3290 4193 3522 4260; x_wconf 84' lang='lat' dir='ltr'><strong>fuerunt,</strong></span> <span class='ocrx_word' id='word_1_829' title='bbox 3554 4206 3608 4251; x_wconf 91' lang='lat' dir='ltr'><strong>et</strong></span> <span class='ocrx_word' id='word_1_830' title='bbox 3640 4196 3740 4250; x_wconf 81' lang='lat' dir='ltr'><strong>hu—</strong></span> 
     </span>
    </p>
   </div>
   <div class='ocr_carea' id='block_1_105' title="bbox 2149 4280 3734 4355">
    <p class='ocr_par' dir='ltr' id='par_1_105' title="bbox 2149 4280 3734 4355">
     <span class='ocr_line' id='line_1_105' title="bbox 2149 4280 3734 4355; baseline 0.006 -23"><span class='ocrx_word' id='word_1_831' title='bbox 2149 4280 2236 4350; x_wconf 89' lang='lat' dir='ltr'><strong>jus</strong></span> <span class='ocrx_word' id='word_1_832' title='bbox 2265 4282 2384 4335; x_wconf 73' lang='lat' dir='ltr'><strong>vitae</strong></span> <span class='ocrx_word' id='word_1_833' title='bbox 2409 4282 2762 4352; x_wconf 77' lang='lat' dir='ltr'><strong>acquisitores</strong></span> <span class='ocrx_word' id='word_1_834' title='bbox 2799 4290 2942 4338; x_wconf 85' lang='lat' dir='ltr'><strong>sunt.</strong></span> <span class='ocrx_word' id='word_1_835' title='bbox 2991 4282 3197 4338; x_wconf 77' lang='lat' dir='ltr'><strong>Habent</strong></span> <span class='ocrx_word' id='word_1_836' title='bbox 3224 4285 3367 4355; x_wconf 92' lang='lat' dir='ltr'><strong>quod</strong></span> <span class='ocrx_word' id='word_1_837' title='bbox 3401 4296 3734 4352; x_wconf 81' lang='lat' dir='ltr'><strong>amaverunt,</strong></span> 
     </span>
    </p>
   </div>
   <div class='ocr_carea' id='block_1_106' title="bbox 2157 4372 3738 4432">
    <p class='ocr_par' dir='ltr' id='par_1_106' title="bbox 2157 4372 3738 4432">
     <span class='ocr_line' id='line_1_106' title="bbox 2157 4372 3738 4432; baseline 0.004 -7"><span class='ocrx_word' id='word_1_838' title='bbox 2157 4372 2370 4426; x_wconf 88' lang='lat' dir='ltr'><strong>uberius</strong></span> <span class='ocrx_word' id='word_1_839' title='bbox 2399 4372 2669 4428; x_wconf 87' lang='lat' dir='ltr'><strong>habebunt</strong></span> <span class='ocrx_word' id='word_1_840' title='bbox 2698 4374 2751 4427; x_wconf 88' lang='lat' dir='ltr'><strong>in</strong></span> <span class='ocrx_word' id='word_1_841' title='bbox 2787 4374 3176 4432; x_wconf 81' lang='lat' dir='ltr'><strong>resurrectione</strong></span> <span class='ocrx_word' id='word_1_842' title='bbox 3223 4385 3575 4431; x_wconf 86' lang='lat' dir='ltr'><strong>mortuorum.</strong></span> <span class='ocrx_word' id='word_1_843' title='bbox 3625 4377 3738 4432; x_wconf 84' lang='lat' dir='ltr'><strong>Hoc</strong></span> 
     </span>
    </p>
   </div>
   <div class='ocr_carea' id='block_1_107' title="bbox 2153 4463 3736 4534">
    <p class='ocr_par' dir='ltr' id='par_1_107' title="bbox 2153 4463 3736 4534">
     <span class='ocr_line' id='line_1_107' title="bbox 2153 4463 3736 4534; baseline 0.004 -19"><span class='ocrx_word' id='word_1_844' title='bbox 2153 4477 2280 4532; x_wconf 86' lang='lat' dir='ltr'><strong>ergo</strong></span> <span class='ocrx_word' id='word_1_845' title='bbox 2307 4463 2404 4517; x_wconf 89' lang='lat' dir='ltr'><strong>iter</strong></span> <span class='ocrx_word' id='word_1_846' title='bbox 2421 4463 2574 4518; x_wconf 91' lang='lat' dir='ltr'><strong>nobis</strong></span> <span class='ocrx_word' id='word_1_847' title='bbox 2591 4465 2796 4534; x_wconf 74' lang='lat' dir='ltr'><strong>magnis</strong></span> <span class='ocrx_word' id='word_1_848' title='bbox 2822 4465 2930 4519; x_wconf 89' lang='lat' dir='ltr'><strong>suis</strong></span> <span class='ocrx_word' id='word_1_849' title='bbox 2955 4465 3286 4533; x_wconf 86' lang='lat' dir='ltr'><strong>passiouibus</strong></span> <span class='ocrx_word' id='word_1_850' title='bbox 3307 4478 3736 4522; x_wconf 86' lang='lat' dir='ltr'><strong>constraverunt.</strong></span> 
     </span>
    </p>
   </div>
   <div class='ocr_carea' id='block_1_108' title="bbox 2223 4553 3739 4629">
    <p class='ocr_par' dir='ltr' id='par_1_108' title="bbox 2223 4553 3739 4629">
     <span class='ocr_line' id='line_1_108' title="bbox 2223 4553 3739 4629; baseline 0.003 -19"><span class='ocrx_word' id='word_1_851' title='bbox 2223 4554 2448 4612; x_wconf 76' lang='lat' dir='ltr'><strong>CAPUT</strong></span> <span class='ocrx_word' id='word_1_852' title='bbox 2478 4553 2568 4610; x_wconf 77' lang='lat' dir='ltr'><strong>IX.</strong></span> <span class='ocrx_word' id='word_1_853' title='bbox 2589 4586 2654 4596; x_wconf 88' lang='lat'><strong>—</strong></span> <span class='ocrx_word' id='word_1_854' title='bbox 2675 4555 2727 4610; x_wconf 86' lang='lat'><strong>8.</strong></span> <span class='ocrx_word' id='word_1_855' title='bbox 2752 4554 3053 4612; x_wconf 77' lang='lat' dir='ltr'><strong>Laurentius</strong></span> <span class='ocrx_word' id='word_1_856' title='bbox 3077 4573 3196 4625; x_wconf 80' lang='lat' dir='ltr'><strong>opes</strong></span> <span class='ocrx_word' id='word_1_857' title='bbox 3227 4557 3470 4613; x_wconf 73' lang='lat' dir='ltr'><strong>Ecclesia:</strong></span> <span class='ocrx_word' id='word_1_858' title='bbox 3491 4561 3739 4629; x_wconf 70' lang='lat' dir='ltr'><strong>qurerruta&#39;</strong></span> 
     </span>
    </p>
   </div>
   <div class='ocr_carea' id='block_1_109' title="bbox 2151 4647 3742 4716">
    <p class='ocr_par' dir='ltr' id='par_1_109' title="bbox 2151 4647 3742 4716">
     <span class='ocr_line' id='line_1_109' title="bbox 2151 4647 3742 4716; baseline 0.003 -16"><span class='ocrx_word' id='word_1_859' title='bbox 2151 4663 2236 4700; x_wconf 85' lang='lat' dir='ltr'><strong>cas</strong></span> <span class='ocrx_word' id='word_1_860' title='bbox 2258 4647 2560 4716; x_wconf 82' lang='lat' dir='ltr'><strong>persecutori</strong></span> <span class='ocrx_word' id='word_1_861' title='bbox 2588 4647 2759 4715; x_wconf 76' lang='lat' dir='ltr'><strong>quales</strong></span> <span class='ocrx_word' id='word_1_862' title='bbox 2788 4648 3001 4716; x_wconf 80' lang='lat' dir='ltr'><strong>profert.</strong></span> <span class='ocrx_word' id='word_1_863' title='bbox 3029 4648 3256 4704; x_wconf 84' lang='lat' dir='ltr'><strong>Sanctus</strong></span> <span class='ocrx_word' id='word_1_864' title='bbox 3293 4648 3612 4706; x_wconf 85' lang='lat' dir='ltr'><strong>Laurentius</strong></span> <span class='ocrx_word' id='word_1_865' title='bbox 3651 4668 3742 4704; x_wconf 83' lang='lat' dir='ltr'><strong>ar-</strong></span> 
     </span>
    </p>
   </div>
   <div class='ocr_carea' id='block_1_110' title="bbox 2152 4736 3738 4810">
    <p class='ocr_par' dir='ltr' id='par_1_110' title="bbox 2152 4736 3738 4810">
     <span class='ocr_line' id='line_1_110' title="bbox 2152 4736 3738 4810; baseline 0.005 -20"><span class='ocrx_word' id='word_1_866' title='bbox 2152 4736 2496 4791; x_wconf 89' lang='lat' dir='ltr'><strong>chidiaconus</strong></span> <span class='ocrx_word' id='word_1_867' title='bbox 2523 4736 2638 4790; x_wconf 85' lang='lat' dir='ltr'><strong>fuit.</strong></span> <span class='ocrx_word' id='word_1_868' title='bbox 2669 4737 2809 4806; x_wconf 86' lang='lat' dir='ltr'><strong>Opes</strong></span> <span class='ocrx_word' id='word_1_869' title='bbox 2849 4737 3102 4793; x_wconf 77' lang='lat' dir='ltr'><strong>Ecclesia:</strong></span> <span class='ocrx_word' id='word_1_870' title='bbox 3129 4740 3198 4793; x_wconf 91' lang='lat' dir='ltr'><strong>ab</strong></span> <span class='ocrx_word' id='word_1_871' title='bbox 3219 4740 3308 4793; x_wconf 90' lang='lat' dir='ltr'><strong>illo</strong></span> <span class='ocrx_word' id='word_1_872' title='bbox 3332 4754 3362 4794; x_wconf 85' lang='lat' dir='ltr'><strong>a</strong></span> <span class='ocrx_word' id='word_1_873' title='bbox 3392 4752 3738 4810; x_wconf 80' lang='lat' dir='ltr'><strong>persecutore</strong></span> 
     </span>
    </p>
   </div>
   <div class='ocr_carea' id='block_1_111' title="bbox 2150 4827 3738 4902">
    <p class='ocr_par' dir='ltr' id='par_1_111' title="bbox 2150 4827 3738 4902">
     <span class='ocr_line' id='line_1_111' title="bbox 2150 4827 3738 4902; baseline 0.004 -21"><span class='ocrx_word' id='word_1_874' title='bbox 2150 4827 2546 4894; x_wconf 77' lang='lat' dir='ltr'><strong>utnerebantttr,</strong></span> <span class='ocrx_word' id='word_1_875' title='bbox 2570 4829 2702 4883; x_wconf 86' lang='lat' dir='ltr'><strong>sicut</strong></span> <span class='ocrx_word' id='word_1_876' title='bbox 2745 4829 3000 4895; x_wconf 86' lang='lat' dir='ltr'><strong>traditur;</strong></span> <span class='ocrx_word' id='word_1_877' title='bbox 3027 4830 3169 4886; x_wconf 85' lang='lat' dir='ltr'><strong>unde</strong></span> <span class='ocrx_word' id='word_1_878' title='bbox 3203 4839 3309 4885; x_wconf 88' lang='lat' dir='ltr'><strong>tam</strong></span> <span class='ocrx_word' id='word_1_879' title='bbox 3337 4833 3497 4887; x_wconf 79' lang='lat' dir='ltr'><strong>multa</strong></span> <span class='ocrx_word' id='word_1_880' title='bbox 3546 4849 3738 4902; x_wconf 49' lang='lat' dir='ltr'><strong>passus</strong></span> 
     </span>
    </p>
   </div>
   <div class='ocr_carea' id='block_1_112' title="bbox 2149 4920 3737 4992">
    <p class='ocr_par' dir='ltr' id='par_1_112' title="bbox 2149 4920 3737 4992">
     <span class='ocr_line' id='line_1_112' title="bbox 2149 4920 3737 4992; baseline 0.001 -16"><span class='ocrx_word' id='word_1_881' title='bbox 2149 4932 2253 4988; x_wconf 88' lang='lat' dir='ltr'><strong>est,</strong></span> <span class='ocrx_word' id='word_1_882' title='bbox 2276 4935 2394 4992; x_wconf 65' lang='lat' dir='ltr'><strong>quin</strong></span> <span class='ocrx_word' id='word_1_883' title='bbox 2415 4920 2635 4976; x_wconf 89' lang='lat' dir='ltr'><strong>horrent</strong></span> <span class='ocrx_word' id='word_1_884' title='bbox 2655 4920 2844 4976; x_wconf 90' lang='lat' dir='ltr'><strong>audiri.</strong></span> <span class='ocrx_word' id='word_1_885' title='bbox 2869 4921 3154 4991; x_wconf 81' lang='lat' dir='ltr'><strong>Impositus</strong></span> <span class='ocrx_word' id='word_1_886' title='bbox 3171 4923 3466 4988; x_wconf 59' lang='lat' dir='ltr'><strong>craticula},</strong></span> <span class='ocrx_word' id='word_1_887' title='bbox 3485 4924 3737 4978; x_wconf 82' lang='lat' dir='ltr'><strong>omnibus</strong></span> 
     </span>
    </p>
   </div>
   <div class='ocr_carea' id='block_1_113' title="bbox 2151 5015 3736 5085">
    <p class='ocr_par' dir='ltr' id='par_1_113' title="bbox 2151 5015 3736 5085">
     <span class='ocr_line' id='line_1_113' title="bbox 2151 5015 3736 5085; baseline 0.001 -15"><span class='ocrx_word' id='word_1_888' title='bbox 2151 5015 2402 5072; x_wconf 85' lang='lat' dir='ltr'><strong>membris</strong></span> <span class='ocrx_word' id='word_1_889' title='bbox 2439 5015 2659 5070; x_wconf 89' lang='lat' dir='ltr'><strong>adustus</strong></span> <span class='ocrx_word' id='word_1_890' title='bbox 2679 5025 2788 5080; x_wconf 87' lang='lat' dir='ltr'><strong>est,</strong></span> <span class='ocrx_word' id='word_1_891' title='bbox 2815 5016 2988 5085; x_wconf 64' lang='lat' dir='ltr'><strong>poenis</strong></span> <span class='ocrx_word' id='word_1_892' title='bbox 3026 5018 3372 5074; x_wconf 78' lang='lat' dir='ltr'><strong>atrocissimis</strong></span> <span class='ocrx_word' id='word_1_893' title='bbox 3395 5015 3736 5072; x_wconf 67' lang='lat' dir='ltr'><strong>ﬂammarum</strong></span> 
     </span>
    </p>
   </div>
   <div class='ocr_carea' id='block_1_114' title="bbox 2149 5107 3735 5179">
    <p class='ocr_par' dir='ltr' id='par_1_114' title="bbox 2149 5107 3735 5179">
     <span class='ocr_line' id='line_1_114' title="bbox 2149 5107 3735 5179; baseline 0.001 -18"><span class='ocrx_word' id='word_1_894' title='bbox 2149 5107 2483 5162; x_wconf 83' lang='lat' dir='ltr'><strong>excruciatus</strong></span> <span class='ocrx_word' id='word_1_895' title='bbox 2512 5117 2594 5163; x_wconf 88' lang='lat' dir='ltr'><strong>est</strong></span> <span class='ocrx_word' id='word_1_896' title='bbox 2617 5125 2630 5160; x_wconf 86' lang='lat'><strong>:</strong></span> <span class='ocrx_word' id='word_1_897' title='bbox 2655 5109 2872 5164; x_wconf 88' lang='lat' dir='ltr'><strong>vincens</strong></span> <span class='ocrx_word' id='word_1_898' title='bbox 2904 5118 3079 5165; x_wconf 84' lang='lat' dir='ltr'><strong>tamen</strong></span> <span class='ocrx_word' id='word_1_899' title='bbox 3110 5124 3296 5165; x_wconf 88' lang='lat' dir='ltr'><strong>omnes</strong></span> <span class='ocrx_word' id='word_1_900' title='bbox 3333 5110 3576 5179; x_wconf 84' lang='lat' dir='ltr'><strong>corporis</strong></span> <span class='ocrx_word' id='word_1_901' title='bbox 3613 5125 3735 5163; x_wconf 81' lang='lat' dir='ltr'><strong>mo-</strong></span> 
     </span>
    </p>
   </div>
   <div class='ocr_carea' id='block_1_115' title="bbox 2150 5199 3732 5273">
    <p class='ocr_par' dir='ltr' id='par_1_115' title="bbox 2150 5199 3732 5273">
     <span class='ocr_line' id='line_1_115' title="bbox 2150 5199 3732 5273; baseline 0.004 -21"><span class='ocrx_word' id='word_1_902' title='bbox 2150 5199 2330 5255; x_wconf 88' lang='lat' dir='ltr'><strong>lestias</strong></span> <span class='ocrx_word' id='word_1_903' title='bbox 2370 5215 2563 5270; x_wconf 83' lang='lat' dir='ltr'><strong>magno</strong></span> <span class='ocrx_word' id='word_1_904' title='bbox 2607 5200 2799 5256; x_wconf 84' lang='lat' dir='ltr'><strong>robore</strong></span> <span class='ocrx_word' id='word_1_905' title='bbox 2841 5201 3135 5265; x_wconf 79' lang='lat' dir='ltr'><strong>charitatis,</strong></span> <span class='ocrx_word' id='word_1_906' title='bbox 3166 5202 3452 5271; x_wconf 74' lang='lat' dir='ltr'><strong>adiuvante</strong></span> <span class='ocrx_word' id='word_1_907' title='bbox 3495 5203 3589 5258; x_wconf 78' lang='lat' dir='ltr'><strong>illo</strong></span> <span class='ocrx_word' id='word_1_908' title='bbox 3637 5202 3732 5273; x_wconf 86' lang='lat' dir='ltr'><strong>qui</strong></span> 
     </span>
    </p>
   </div>
   <div class='ocr_carea' id='block_1_116' title="bbox 2153 5291 3735 5365">
    <p class='ocr_par' dir='ltr' id='par_1_116' title="bbox 2153 5291 3735 5365">
     <span class='ocr_line' id='line_1_116' title="bbox 2153 5291 3735 5365; baseline 0.003 -19"><span class='ocrx_word' id='word_1_909' title='bbox 2153 5293 2307 5347; x_wconf 85' lang='lat' dir='ltr'><strong>taleut</strong></span> <span class='ocrx_word' id='word_1_910' title='bbox 2336 5293 2551 5348; x_wconf 88' lang='lat' dir='ltr'><strong>fecerat.</strong></span> <span class='ocrx_word' id='word_1_911' title='bbox 2586 5291 2760 5362; x_wconf 82' lang='lat' dir='ltr'><strong>Ipsius</strong></span> <span class='ocrx_word' id='word_1_912' title='bbox 2783 5294 2915 5348; x_wconf 86' lang='lat' dir='ltr'><strong>enim</strong></span> <span class='ocrx_word' id='word_1_913' title='bbox 2935 5312 3106 5348; x_wconf 85' lang='lat' dir='ltr'><strong>sumus</strong></span> <span class='ocrx_word' id='word_1_914' title='bbox 3134 5295 3425 5365; x_wconf 78' lang='lat' dir='ltr'><strong>ﬁgmentum</strong></span> <span class='ocrx_word' id='word_1_915' title='bbox 3447 5338 3459 5359; x_wconf 87' lang='lat'><strong>,</strong></span> <span class='ocrx_word' id='word_1_916' title='bbox 3491 5297 3642 5350; x_wconf 69' lang='lat' dir='ltr'><strong>creati</strong></span> <span class='ocrx_word' id='word_1_917' title='bbox 3678 5297 3735 5350; x_wconf 80' lang='lat' dir='ltr'><strong>in</strong></span> 
     </span>
    </p>
   </div>
   <div class='ocr_carea' id='block_1_117' title="bbox 2151 5383 3733 5457">
    <p class='ocr_par' dir='ltr' id='par_1_117' title="bbox 2151 5383 3733 5457">
     <span class='ocr_line' id='line_1_117' title="bbox 2151 5383 3733 5457; baseline 0.004 -20"><span class='ocrx_word' id='word_1_918' title='bbox 2151 5383 2350 5438; x_wconf 80' lang='lat' dir='ltr'><strong>Christo</strong></span> <span class='ocrx_word' id='word_1_919' title='bbox 2379 5383 2505 5440; x_wconf 69' lang='lat' dir='ltr'><strong>Iesu</strong></span> <span class='ocrx_word' id='word_1_920' title='bbox 2532 5385 2585 5440; x_wconf 82' lang='lat' dir='ltr'><strong>in</strong></span> <span class='ocrx_word' id='word_1_921' title='bbox 2611 5387 2843 5455; x_wconf 74' lang='lat' dir='ltr'><strong>operibus</strong></span> <span class='ocrx_word' id='word_1_922' title='bbox 2877 5386 3046 5451; x_wconf 78' lang='lat' dir='ltr'><strong>benis,</strong></span> <span class='ocrx_word' id='word_1_923' title='bbox 3070 5403 3186 5456; x_wconf 73' lang='lat' dir='ltr'><strong>qua:</strong></span> <span class='ocrx_word' id='word_1_924' title='bbox 3225 5391 3526 5457; x_wconf 63' lang='lat' dir='ltr'><strong>preparavit</strong></span> <span class='ocrx_word' id='word_1_925' title='bbox 3558 5387 3733 5456; x_wconf 73' lang='lat' dir='ltr'><strong>Dm.</strong></span> 
     </span>
    </p>
   </div>
   <div class='ocr_carea' id='block_1_118' title="bbox 2149 5476 3735 5550">
    <p class='ocr_par' dir='ltr' id='par_1_118' title="bbox 2149 5476 3735 5550">
     <span class='ocr_line' id='line_1_118' title="bbox 2149 5476 3735 5550; baseline 0.005 -22"><span class='ocrx_word' id='word_1_926' title='bbox 2149 5486 2202 5528; x_wconf 90' lang='lat' dir='ltr'><strong>ut</strong></span> <span class='ocrx_word' id='word_1_927' title='bbox 2244 5477 2296 5530; x_wconf 86' lang='lat' dir='ltr'><strong>in</strong></span> <span class='ocrx_word' id='word_1_928' title='bbox 2342 5476 2444 5530; x_wconf 87' lang='lat' dir='ltr'><strong>illis</strong></span> <span class='ocrx_word' id='word_1_929' title='bbox 2492 5478 2802 5532; x_wconf 86' lang='lat' dir='ltr'><strong>ambulemus</strong></span> <span class='ocrx_word' id='word_1_930' title='bbox 2843 5477 3055 5550; x_wconf 69' lang='lat' dir='ltr'><strong>(Ep/tes.</strong></span> <span class='ocrx_word' id='word_1_931' title='bbox 3099 5495 3165 5543; x_wconf 89' lang='lat' dir='ltr'><strong>tt,</strong></span> <span class='ocrx_word' id='word_1_932' title='bbox 3198 5480 3306 5550; x_wconf 79' lang='grc'><strong>10).</strong></span> <span class='ocrx_word' id='word_1_933' title='bbox 3339 5479 3404 5536; x_wconf 89' lang='lat' dir='ltr'><strong>Ut</strong></span> <span class='ocrx_word' id='word_1_934' title='bbox 3433 5490 3608 5536; x_wconf 78' lang='lat' dir='ltr'><strong>autem</strong></span> <span class='ocrx_word' id='word_1_935' title='bbox 3640 5497 3735 5536; x_wconf 78' lang='lat' dir='ltr'><strong>ac-</strong></span> 
     </span>
    </p>
   </div>
   <div class='ocr_carea' id='block_1_119' title="bbox 2151 5570 3736 5640">
    <p class='ocr_par' dir='ltr' id='par_1_119' title="bbox 2151 5570 3736 5640">
     <span class='ocr_line' id='line_1_119' title="bbox 2151 5570 3736 5640; baseline 0.005 -17"><span class='ocrx_word' id='word_1_936' title='bbox 2151 5570 2400 5624; x_wconf 85' lang='lat' dir='ltr'><strong>cenderet</strong></span> <span class='ocrx_word' id='word_1_937' title='bbox 2426 5571 2476 5625; x_wconf 93' lang='lat' dir='ltr'><strong>in</strong></span> <span class='ocrx_word' id='word_1_938' title='bbox 2517 5572 2649 5625; x_wconf 91' lang='lat' dir='ltr'><strong>iram</strong></span> <span class='ocrx_word' id='word_1_939' title='bbox 2678 5583 3074 5640; x_wconf 89' lang='lat' dir='ltr'><strong>persecutorem</strong></span> <span class='ocrx_word' id='word_1_940' title='bbox 3104 5573 3206 5629; x_wconf 89' lang='lat' dir='ltr'><strong>hoc</strong></span> <span class='ocrx_word' id='word_1_941' title='bbox 3251 5573 3393 5639; x_wconf 81' lang='lat' dir='ltr'><strong>fecit,</strong></span> <span class='ocrx_word' id='word_1_942' title='bbox 3430 5592 3534 5630; x_wconf 76' lang='lat' dir='ltr'><strong>non</strong></span> <span class='ocrx_word' id='word_1_943' title='bbox 3583 5575 3736 5631; x_wconf 72' lang='lat' dir='ltr'><strong>illum</strong></span> 
     </span>
    </p>
   </div>
   <div class='ocr_carea' id='block_1_120' title="bbox 2150 5665 3734 5738">
    <p class='ocr_par' dir='ltr' id='par_1_120' title="bbox 2150 5665 3734 5738">
     <span class='ocr_line' id='line_1_120' title="bbox 2150 5665 3734 5738; baseline 0.003 -20"><span class='ocrx_word' id='word_1_944' title='bbox 2150 5665 2332 5718; x_wconf 71' lang='lat' dir='ltr'><strong>volens</strong></span> <span class='ocrx_word' id='word_1_945' title='bbox 2363 5665 2553 5731; x_wconf 85' lang='lat' dir='ltr'><strong>irasci,</strong></span> <span class='ocrx_word' id='word_1_946' title='bbox 2588 5665 2680 5720; x_wconf 87' lang='lat' dir='ltr'><strong>sed</strong></span> <span class='ocrx_word' id='word_1_947' title='bbox 2707 5681 2854 5720; x_wconf 92' lang='lat' dir='ltr'><strong>suam</strong></span> <span class='ocrx_word' id='word_1_948' title='bbox 2888 5665 3045 5722; x_wconf 80' lang='lat' dir='ltr'><strong>fidem</strong></span> <span class='ocrx_word' id='word_1_949' title='bbox 3073 5667 3292 5738; x_wconf 88' lang='lat' dir='ltr'><strong>cupiens</strong></span> <span class='ocrx_word' id='word_1_950' title='bbox 3325 5669 3550 5738; x_wconf 78' lang='lat' dir='ltr'><strong>posteris</strong></span> <span class='ocrx_word' id='word_1_951' title='bbox 3583 5684 3734 5722; x_wconf 78' lang='lat' dir='ltr'><strong>com-</strong></span> 
     </span>
    </p>
   </div>
   <div class='ocr_carea' id='block_1_121' title="bbox 2153 5756 3736 5827">
    <p class='ocr_par' dir='ltr' id='par_1_121' title="bbox 2153 5756 3736 5827">
     <span class='ocr_line' id='line_1_121' title="bbox 2153 5756 3736 5827; baseline 0.005 -17"><span class='ocrx_word' id='word_1_952' title='bbox 2153 5756 2426 5820; x_wconf 85' lang='lat' dir='ltr'><strong>ttteudare,</strong></span> <span class='ocrx_word' id='word_1_953' title='bbox 2443 5768 2492 5811; x_wconf 87' lang='lat' dir='ltr'><strong>et</strong></span> <span class='ocrx_word' id='word_1_954' title='bbox 2510 5772 2667 5827; x_wconf 89' lang='lat' dir='ltr'><strong>quam</strong></span> <span class='ocrx_word' id='word_1_955' title='bbox 2689 5772 2910 5815; x_wconf 86' lang='lat' dir='ltr'><strong>securus</strong></span> <span class='ocrx_word' id='word_1_956' title='bbox 2927 5769 3224 5816; x_wconf 76' lang='lat' dir='ltr'><strong>moreretur</strong></span> <span class='ocrx_word' id='word_1_957' title='bbox 3235 5760 3550 5817; x_wconf 75' lang='lat' dir='ltr'><strong>ostendere:</strong></span> <span class='ocrx_word' id='word_1_958' title='bbox 3568 5779 3587 5814; x_wconf 75' lang='grc' dir='ltr'><strong>ι</strong></span> <span class='ocrx_word' id='word_1_959' title='bbox 3607 5761 3736 5817; x_wconf 77' lang='lat' dir='ltr'><strong>Per-</strong></span> 
     </span>
    </p>
   </div>
  </div>
