  <div class='ocr_page' id='page_1' title='image "/cluster/home/n/w/nwhite01/storage/ocr_20150623/38/hvd.32044015706294/700.png"; bbox 0 0 4036 6462; ppageno 0'>
   <div class='ocr_carea' id='block_1_1' title="bbox 334 338 476 404">
    <p class='ocr_par' dir='ltr' id='par_1_1' title="bbox 334 338 476 404">
     <span class='ocr_line' id='line_1_1' title="bbox 334 338 476 404; baseline 0.028 -4"><span class='ocrx_word' id='word_1_1' title='bbox 334 338 476 404; x_wconf 65' lang='lat' dir='ltr'><strong>im</strong></span> 
     </span>
    </p>
   </div>
   <div class='ocr_carea' id='block_1_2' title="bbox 336 459 1918 532">
    <p class='ocr_par' dir='ltr' id='par_1_2' title="bbox 336 459 1918 532">
     <span class='ocr_line' id='line_1_2' title="bbox 336 459 1918 532; baseline -0.001 -18"><span class='ocrx_word' id='word_1_2' title='bbox 336 481 357 514; x_wconf 77' lang='grc' dir='ltr'><strong>ι</strong></span> <span class='ocrx_word' id='word_1_3' title='bbox 380 470 560 532; x_wconf 64' lang='lat' dir='ltr'><strong>3am,»</strong></span> <span class='ocrx_word' id='word_1_4' title='bbox 579 460 767 531; x_wconf 92' lang='lat' dir='ltr'><strong>inquit,</strong></span> <span class='ocrx_word' id='word_1_5' title='bbox 803 479 822 515; x_wconf 78' lang='grc' dir='ltr'><strong>ι</strong></span> <span class='ocrx_word' id='word_1_6' title='bbox 846 475 1055 518; x_wconf 86' lang='lat' dir='ltr'><strong>mecum</strong></span> <span class='ocrx_word' id='word_1_7' title='bbox 1072 459 1334 525; x_wconf 83' lang='lat' dir='ltr'><strong>vehicula,</strong></span> <span class='ocrx_word' id='word_1_8' title='bbox 1358 460 1409 520; x_wconf 92' lang='lat' dir='ltr'><strong>in</strong></span> <span class='ocrx_word' id='word_1_9' title='bbox 1432 459 1622 530; x_wconf 81' lang='lat' dir='ltr'><strong>quibus</strong></span> <span class='ocrx_word' id='word_1_10' title='bbox 1642 465 1918 529; x_wconf 85' lang='lat' dir='ltr'><strong>apportem</strong></span> 
     </span>
    </p>
   </div>
   <div class='ocr_carea' id='block_1_3' title="bbox 337 552 1918 626">
    <p class='ocr_par' dir='ltr' id='par_1_3' title="bbox 337 552 1918 626">
     <span class='ocr_line' id='line_1_3' title="bbox 337 552 1918 626; baseline -0.001 -19"><span class='ocrx_word' id='word_1_11' title='bbox 337 575 356 607; x_wconf 73' lang='grc' dir='ltr'><strong>ι</strong></span> <span class='ocrx_word' id='word_1_12' title='bbox 385 572 514 626; x_wconf 89' lang='lat' dir='ltr'><strong>opes</strong></span> <span class='ocrx_word' id='word_1_13' title='bbox 555 555 830 611; x_wconf 61' lang='lat' dir='ltr'><strong>Ecclesiae.</strong></span> <span class='ocrx_word' id='word_1_14' title='bbox 860 575 879 610; x_wconf 78' lang='grc' dir='ltr'><strong>ι</strong></span> <span class='ocrx_word' id='word_1_15' title='bbox 914 555 1070 610; x_wconf 79' lang='lat' dir='ltr'><strong>Missa</strong></span> <span class='ocrx_word' id='word_1_16' title='bbox 1115 562 1244 611; x_wconf 88' lang='lat' dir='ltr'><strong>sunt</strong></span> <span class='ocrx_word' id='word_1_17' title='bbox 1278 553 1517 609; x_wconf 85' lang='lat' dir='ltr'><strong>vehicula</strong></span> <span class='ocrx_word' id='word_1_18' title='bbox 1539 593 1556 621; x_wconf 92' lang='lat'><strong>,</strong></span> <span class='ocrx_word' id='word_1_19' title='bbox 1587 552 1829 608; x_wconf 79' lang='lat' dir='ltr'><strong>oneravit</strong></span> <span class='ocrx_word' id='word_1_20' title='bbox 1856 565 1918 606; x_wconf 88' lang='lat' dir='ltr'><strong>ea</strong></span> 
     </span>
    </p>
   </div>
   <div class='ocr_carea' id='block_1_4' title="bbox 333 644 1921 718">
    <p class='ocr_par' dir='ltr' id='par_1_4' title="bbox 333 644 1921 718">
     <span class='ocr_line' id='line_1_4' title="bbox 333 644 1921 718; baseline -0.004 -15"><span class='ocrx_word' id='word_1_21' title='bbox 333 649 677 718; x_wconf 86' lang='lat' dir='ltr'><strong>pauperibus,</strong></span> <span class='ocrx_word' id='word_1_22' title='bbox 695 657 748 702; x_wconf 90' lang='lat' dir='ltr'><strong>et</strong></span> <span class='ocrx_word' id='word_1_23' title='bbox 768 647 943 703; x_wconf 85' lang='lat' dir='ltr'><strong>redire</strong></span> <span class='ocrx_word' id='word_1_24' title='bbox 957 647 1133 718; x_wconf 87' lang='lat' dir='ltr'><strong>jussit,</strong></span> <span class='ocrx_word' id='word_1_25' title='bbox 1151 647 1362 702; x_wconf 80' lang='lat' dir='ltr'><strong>dicens:</strong></span> <span class='ocrx_word' id='word_1_26' title='bbox 1385 664 1405 698; x_wconf 78' lang='grc' dir='ltr'><strong>σ</strong></span> <span class='ocrx_word' id='word_1_27' title='bbox 1426 645 1518 700; x_wconf 76' lang='lat' dir='ltr'><strong>lla:</strong></span> <span class='ocrx_word' id='word_1_28' title='bbox 1534 654 1658 699; x_wconf 93' lang='lat' dir='ltr'><strong>sunt</strong></span> <span class='ocrx_word' id='word_1_29' title='bbox 1679 659 1808 714; x_wconf 89' lang='lat' dir='ltr'><strong>opes</strong></span> <span class='ocrx_word' id='word_1_30' title='bbox 1831 644 1921 698; x_wconf 85' lang='lat' dir='ltr'><strong>Ec-</strong></span> 
     </span>
    </p>
   </div>
   <div class='ocr_carea' id='block_1_5' title="bbox 337 737 1924 807">
    <p class='ocr_par' dir='ltr' id='par_1_5' title="bbox 337 737 1924 807">
     <span class='ocr_line' id='line_1_5' title="bbox 337 737 1924 807; baseline 0.001 -16"><span class='ocrx_word' id='word_1_31' title='bbox 337 758 356 791; x_wconf 76' lang='grc' dir='ltr'><strong>ι</strong></span> <span class='ocrx_word' id='word_1_32' title='bbox 380 740 578 795; x_wconf 68' lang='grc' dir='ltr'><strong>οιεθίευ.</strong></span> <span class='ocrx_word' id='word_1_33' title='bbox 601 758 620 792; x_wconf 75' lang='grc' dir='ltr'><strong>ι</strong></span> <span class='ocrx_word' id='word_1_34' title='bbox 662 738 730 794; x_wconf 86' lang='lat' dir='ltr'><strong>Et</strong></span> <span class='ocrx_word' id='word_1_35' title='bbox 759 755 943 795; x_wconf 87' lang='lat' dir='ltr'><strong>verum</strong></span> <span class='ocrx_word' id='word_1_36' title='bbox 969 750 1086 806; x_wconf 90' lang='lat' dir='ltr'><strong>est,</strong></span> <span class='ocrx_word' id='word_1_37' title='bbox 1125 737 1353 794; x_wconf 78' lang='lat' dir='ltr'><strong>fratres:</strong></span> <span class='ocrx_word' id='word_1_38' title='bbox 1389 752 1592 807; x_wconf 69' lang='lat' dir='ltr'><strong>magna:</strong></span> <span class='ocrx_word' id='word_1_39' title='bbox 1630 751 1760 806; x_wconf 89' lang='lat' dir='ltr'><strong>opes</strong></span> <span class='ocrx_word' id='word_1_40' title='bbox 1798 743 1924 792; x_wconf 85' lang='lat' dir='ltr'><strong>sunt</strong></span> 
     </span>
    </p>
   </div>
   <div class='ocr_carea' id='block_1_6' title="bbox 331 828 1921 900">
    <p class='ocr_par' dir='ltr' id='par_1_6' title="bbox 331 828 1921 900">
     <span class='ocr_line' id='line_1_6' title="bbox 331 828 1921 900; baseline -0.004 -14"><span class='ocrx_word' id='word_1_41' title='bbox 331 831 792 897; x_wconf 87' lang='lat' dir='ltr'><strong>Christianorum,</strong></span> <span class='ocrx_word' id='word_1_42' title='bbox 825 829 1172 886; x_wconf 73' lang='lat' dir='ltr'><strong>necessitates</strong></span> <span class='ocrx_word' id='word_1_43' title='bbox 1215 829 1518 899; x_wconf 77' lang='lat' dir='ltr'><strong>egentium;</strong></span> <span class='ocrx_word' id='word_1_44' title='bbox 1564 830 1608 886; x_wconf 88' lang='lat' dir='ltr'><strong>si</strong></span> <span class='ocrx_word' id='word_1_45' title='bbox 1654 828 1921 900; x_wconf 78' lang='lat' dir='ltr'><strong>intelliga—</strong></span> 
     </span>
    </p>
   </div>
   <div class='ocr_carea' id='block_1_7' title="bbox 333 919 1924 990">
    <p class='ocr_par' dir='ltr' id='par_1_7' title="bbox 333 919 1924 990">
     <span class='ocr_line' id='line_1_7' title="bbox 333 919 1924 990; baseline -0.001 -15"><span class='ocrx_word' id='word_1_46' title='bbox 333 937 458 977; x_wconf 89' lang='lat' dir='ltr'><strong>mus</strong></span> <span class='ocrx_word' id='word_1_47' title='bbox 488 921 574 976; x_wconf 89' lang='lat' dir='ltr'><strong>ubi</strong></span> <span class='ocrx_word' id='word_1_48' title='bbox 599 923 891 978; x_wconf 84' lang='lat' dir='ltr'><strong>debeamus</strong></span> <span class='ocrx_word' id='word_1_49' title='bbox 919 935 1134 976; x_wconf 88' lang='lat' dir='ltr'><strong>servare</strong></span> <span class='ocrx_word' id='word_1_50' title='bbox 1163 920 1304 990; x_wconf 89' lang='lat' dir='ltr'><strong>quod</strong></span> <span class='ocrx_word' id='word_1_51' title='bbox 1333 919 1612 976; x_wconf 82' lang='lat' dir='ltr'><strong>habemus.</strong></span> <span class='ocrx_word' id='word_1_52' title='bbox 1647 921 1781 974; x_wconf 91' lang='lat' dir='ltr'><strong>Ante</strong></span> <span class='ocrx_word' id='word_1_53' title='bbox 1825 933 1924 976; x_wconf 91' lang='lat' dir='ltr'><strong>nos</strong></span> 
     </span>
    </p>
   </div>
   <div class='ocr_carea' id='block_1_8' title="bbox 333 1011 1920 1084">
    <p class='ocr_par' dir='ltr' id='par_1_8' title="bbox 333 1011 1920 1084">
     <span class='ocr_line' id='line_1_8' title="bbox 333 1011 1920 1084; baseline -0.003 -16"><span class='ocrx_word' id='word_1_54' title='bbox 333 1022 462 1070; x_wconf 88' lang='lat' dir='ltr'><strong>sunt</strong></span> <span class='ocrx_word' id='word_1_55' title='bbox 505 1024 724 1084; x_wconf 72' lang='lat' dir='ltr'><strong>egentes</strong></span> <span class='ocrx_word' id='word_1_56' title='bbox 760 1031 772 1066; x_wconf 90' lang='lat'><strong>:</strong></span> <span class='ocrx_word' id='word_1_57' title='bbox 813 1012 882 1070; x_wconf 85' lang='lat' dir='ltr'><strong>ibi</strong></span> <span class='ocrx_word' id='word_1_58' title='bbox 929 1013 974 1066; x_wconf 90' lang='lat' dir='ltr'><strong>si</strong></span> <span class='ocrx_word' id='word_1_59' title='bbox 1022 1012 1438 1078; x_wconf 82' lang='lat' dir='ltr'><strong>servaverimus,</strong></span> <span class='ocrx_word' id='word_1_60' title='bbox 1469 1026 1574 1066; x_wconf 91' lang='lat' dir='ltr'><strong>non</strong></span> <span class='ocrx_word' id='word_1_61' title='bbox 1616 1011 1920 1081; x_wconf 83' lang='lat' dir='ltr'><strong>perdemus.</strong></span> 
     </span>
    </p>
   </div>
   <div class='ocr_carea' id='block_1_9' title="bbox 334 1101 1923 1174">
    <p class='ocr_par' dir='ltr' id='par_1_9' title="bbox 334 1101 1923 1174">
     <span class='ocr_line' id='line_1_9' title="bbox 334 1101 1923 1174; baseline -0.003 -16"><span class='ocrx_word' id='word_1_62' title='bbox 334 1105 453 1158; x_wconf 86' lang='lat' dir='ltr'><strong>Non</strong></span> <span class='ocrx_word' id='word_1_63' title='bbox 485 1106 736 1160; x_wconf 84' lang='lat' dir='ltr'><strong>timemus</strong></span> <span class='ocrx_word' id='word_1_64' title='bbox 775 1119 842 1158; x_wconf 89' lang='lat' dir='ltr'><strong>ne</strong></span> <span class='ocrx_word' id='word_1_65' title='bbox 883 1103 1075 1174; x_wconf 81' lang='lat' dir='ltr'><strong>aliquis</strong></span> <span class='ocrx_word' id='word_1_66' title='bbox 1115 1102 1303 1160; x_wconf 87' lang='lat' dir='ltr'><strong>tollat:</strong></span> <span class='ocrx_word' id='word_1_67' title='bbox 1334 1102 1424 1157; x_wconf 90' lang='lat' dir='ltr'><strong>ille</strong></span> <span class='ocrx_word' id='word_1_68' title='bbox 1465 1102 1606 1158; x_wconf 90' lang='lat' dir='ltr'><strong>enim</strong></span> <span class='ocrx_word' id='word_1_69' title='bbox 1646 1102 1736 1174; x_wconf 89' lang='lat' dir='ltr'><strong>qui</strong></span> <span class='ocrx_word' id='word_1_70' title='bbox 1779 1101 1923 1156; x_wconf 82' lang='lat' dir='ltr'><strong>dedit</strong></span> 
     </span>
    </p>
   </div>
   <div class='ocr_carea' id='block_1_10' title="bbox 331 1193 1921 1264">
    <p class='ocr_par' dir='ltr' id='par_1_10' title="bbox 331 1193 1921 1264">
     <span class='ocr_line' id='line_1_10' title="bbox 331 1193 1921 1264; baseline -0.003 -15"><span class='ocrx_word' id='word_1_71' title='bbox 331 1207 532 1252; x_wconf 81' lang='lat' dir='ltr'><strong>servat.</strong></span> <span class='ocrx_word' id='word_1_72' title='bbox 561 1195 668 1251; x_wconf 88' lang='lat' dir='ltr'><strong>Nee</strong></span> <span class='ocrx_word' id='word_1_73' title='bbox 696 1195 972 1251; x_wconf 91' lang='lat' dir='ltr'><strong>meliorem</strong></span> <span class='ocrx_word' id='word_1_74' title='bbox 1014 1209 1298 1264; x_wconf 85' lang='lat' dir='ltr'><strong>possumus</strong></span> <span class='ocrx_word' id='word_1_75' title='bbox 1326 1193 1564 1248; x_wconf 85' lang='lat' dir='ltr'><strong>invenire</strong></span> <span class='ocrx_word' id='word_1_76' title='bbox 1605 1193 1921 1260; x_wconf 90' lang='lat' dir='ltr'><strong>custodem,</strong></span> 
     </span>
    </p>
   </div>
   <div class='ocr_carea' id='block_1_11' title="bbox 331 1287 1175 1358">
    <p class='ocr_par' dir='ltr' id='par_1_11' title="bbox 331 1287 1175 1358">
     <span class='ocr_line' id='line_1_11' title="bbox 331 1287 1175 1358; baseline -0.004 -16"><span class='ocrx_word' id='word_1_77' title='bbox 331 1305 432 1344; x_wconf 86' lang='lat' dir='ltr'><strong>nec</strong></span> <span class='ocrx_word' id='word_1_78' title='bbox 461 1289 754 1345; x_wconf 87' lang='lat' dir='ltr'><strong>ﬁdeliorem</strong></span> <span class='ocrx_word' id='word_1_79' title='bbox 781 1287 1175 1358; x_wconf 90' lang='lat' dir='ltr'><strong>promissorem.</strong></span> 
     </span>
    </p>
   </div>
   <div class='ocr_carea' id='block_1_12' title="bbox 404 1377 1923 1451">
    <p class='ocr_par' dir='ltr' id='par_1_12' title="bbox 404 1377 1923 1451">
     <span class='ocr_line' id='line_1_12' title="bbox 404 1377 1923 1451; baseline -0.001 -15"><span class='ocrx_word' id='word_1_80' title='bbox 404 1381 631 1438; x_wconf 78' lang='lat' dir='ltr'><strong>CAPUT</strong></span> <span class='ocrx_word' id='word_1_81' title='bbox 671 1380 812 1435; x_wconf 80' lang='lat' dir='ltr'><strong>X.—</strong></span> <span class='ocrx_word' id='word_1_82' title='bbox 839 1381 893 1437; x_wconf 89' lang='lat'><strong>9.</strong></span> <span class='ocrx_word' id='word_1_83' title='bbox 925 1379 1176 1451; x_wconf 72' lang='lat' dir='ltr'><strong>Martyres</strong></span> <span class='ocrx_word' id='word_1_84' title='bbox 1212 1377 1464 1434; x_wconf 80' lang='lat' dir='ltr'><strong>imitandi.</strong></span> <span class='ocrx_word' id='word_1_85' title='bbox 1490 1379 1600 1434; x_wconf 86' lang='lat' dir='ltr'><strong>lloc</strong></span> <span class='ocrx_word' id='word_1_86' title='bbox 1623 1394 1750 1450; x_wconf 80' lang='lat' dir='ltr'><strong>ergo</strong></span> <span class='ocrx_word' id='word_1_87' title='bbox 1780 1379 1923 1450; x_wconf 81' lang='lat' dir='ltr'><strong>cogi-</strong></span> 
     </span>
    </p>
   </div>
   <div class='ocr_carea' id='block_1_13' title="bbox 333 1471 1921 1546">
    <p class='ocr_par' dir='ltr' id='par_1_13' title="bbox 333 1471 1921 1546">
     <span class='ocr_line' id='line_1_13' title="bbox 333 1471 1921 1546; baseline 0.001 -19"><span class='ocrx_word' id='word_1_88' title='bbox 333 1483 509 1529; x_wconf 85' lang='lat' dir='ltr'><strong>tantes</strong></span> <span class='ocrx_word' id='word_1_89' title='bbox 537 1475 758 1545; x_wconf 72' lang='lat' dir='ltr'><strong>impigre</strong></span> <span class='ocrx_word' id='word_1_90' title='bbox 790 1483 1054 1546; x_wconf 80' lang='lat' dir='ltr'><strong>martyres</strong></span> <span class='ocrx_word' id='word_1_91' title='bbox 1083 1473 1374 1538; x_wconf 83' lang='lat' dir='ltr'><strong>imitemur,</strong></span> <span class='ocrx_word' id='word_1_92' title='bbox 1403 1472 1449 1526; x_wconf 89' lang='lat' dir='ltr'><strong>si</strong></span> <span class='ocrx_word' id='word_1_93' title='bbox 1482 1471 1730 1527; x_wconf 89' lang='lat' dir='ltr'><strong>volumus</strong></span> <span class='ocrx_word' id='word_1_94' title='bbox 1767 1472 1921 1528; x_wconf 86' lang='lat' dir='ltr'><strong>nobis</strong></span> 
     </span>
    </p>
   </div>
   <div class='ocr_carea' id='block_1_14' title="bbox 332 1565 1922 1638">
    <p class='ocr_par' dir='ltr' id='par_1_14' title="bbox 332 1565 1922 1638">
     <span class='ocr_line' id='line_1_14' title="bbox 332 1565 1922 1638; baseline -0.001 -16"><span class='ocrx_word' id='word_1_95' title='bbox 332 1565 588 1638; x_wconf 85' lang='lat' dir='ltr'><strong>prodesse</strong></span> <span class='ocrx_word' id='word_1_96' title='bbox 633 1567 1038 1633; x_wconf 85' lang='lat' dir='ltr'><strong>solemnitates,</strong></span> <span class='ocrx_word' id='word_1_97' title='bbox 1085 1581 1218 1637; x_wconf 89' lang='lat' dir='ltr'><strong>quas</strong></span> <span class='ocrx_word' id='word_1_98' title='bbox 1279 1566 1632 1622; x_wconf 79' lang='lat' dir='ltr'><strong>celebramus.</strong></span> <span class='ocrx_word' id='word_1_99' title='bbox 1697 1567 1922 1635; x_wconf 87' lang='lat' dir='ltr'><strong>Semper</strong></span> 
     </span>
    </p>
   </div>
   <div class='ocr_carea' id='block_1_15' title="bbox 332 1658 1915 1730">
    <p class='ocr_par' dir='ltr' id='par_1_15' title="bbox 332 1658 1915 1730">
     <span class='ocr_line' id='line_1_15' title="bbox 332 1658 1915 1730; baseline 0 -17"><span class='ocrx_word' id='word_1_100' title='bbox 332 1659 450 1715; x_wconf 74' lang='lat' dir='ltr'><strong>hazc</strong></span> <span class='ocrx_word' id='word_1_101' title='bbox 499 1659 909 1726; x_wconf 84' lang='lat' dir='ltr'><strong>admonuimus,</strong></span> <span class='ocrx_word' id='word_1_102' title='bbox 964 1658 1190 1725; x_wconf 81' lang='lat' dir='ltr'><strong>fratres,</strong></span> <span class='ocrx_word' id='word_1_103' title='bbox 1237 1675 1509 1730; x_wconf 86' lang='lat' dir='ltr'><strong>nunquam</strong></span> <span class='ocrx_word' id='word_1_104' title='bbox 1555 1659 1915 1723; x_wconf 80' lang='lat' dir='ltr'><strong>cessavimus,</strong></span> 
     </span>
    </p>
   </div>
   <div class='ocr_carea' id='block_1_16' title="bbox 331 1751 1918 1822">
    <p class='ocr_par' dir='ltr' id='par_1_16' title="bbox 331 1751 1918 1822">
     <span class='ocr_line' id='line_1_16' title="bbox 331 1751 1918 1822; baseline 0.001 -17"><span class='ocrx_word' id='word_1_105' title='bbox 331 1769 600 1822; x_wconf 87' lang='lat' dir='ltr'><strong>nunquam</strong></span> <span class='ocrx_word' id='word_1_106' title='bbox 667 1753 944 1808; x_wconf 88' lang='lat' dir='ltr'><strong>tacuimus.</strong></span> <span class='ocrx_word' id='word_1_107' title='bbox 1014 1751 1130 1806; x_wconf 82' lang='lat' dir='ltr'><strong>Vita</strong></span> <span class='ocrx_word' id='word_1_108' title='bbox 1199 1760 1396 1806; x_wconf 67' lang='lat' dir='ltr'><strong>interna</strong></span> <span class='ocrx_word' id='word_1_109' title='bbox 1465 1751 1731 1819; x_wconf 80' lang='lat' dir='ltr'><strong>diligenda</strong></span> <span class='ocrx_word' id='word_1_110' title='bbox 1795 1759 1918 1818; x_wconf 92' lang='lat' dir='ltr'><strong>est,</strong></span> 
     </span>
    </p>
   </div>
   <div class='ocr_carea' id='block_1_17' title="bbox 330 1841 1922 1913">
    <p class='ocr_par' dir='ltr' id='par_1_17' title="bbox 330 1841 1922 1913">
     <span class='ocr_line' id='line_1_17' title="bbox 330 1841 1922 1913; baseline 0 -17"><span class='ocrx_word' id='word_1_111' title='bbox 330 1858 571 1913; x_wconf 70' lang='lat' dir='ltr'><strong>prmsens</strong></span> <span class='ocrx_word' id='word_1_112' title='bbox 599 1843 985 1898; x_wconf 89' lang='lat' dir='ltr'><strong>contemnenda</strong></span> <span class='ocrx_word' id='word_1_113' title='bbox 1029 1851 1131 1910; x_wconf 91' lang='lat' dir='ltr'><strong>cst,</strong></span> <span class='ocrx_word' id='word_1_114' title='bbox 1181 1841 1318 1897; x_wconf 90' lang='lat' dir='ltr'><strong>bene</strong></span> <span class='ocrx_word' id='word_1_115' title='bbox 1358 1841 1641 1897; x_wconf 90' lang='lat' dir='ltr'><strong>vivendum</strong></span> <span class='ocrx_word' id='word_1_116' title='bbox 1669 1852 1788 1909; x_wconf 91' lang='lat' dir='ltr'><strong>est,</strong></span> <span class='ocrx_word' id='word_1_117' title='bbox 1822 1841 1922 1896; x_wconf 89' lang='lat' dir='ltr'><strong>bo-</strong></span> 
     </span>
    </p>
   </div>
   <div class='ocr_carea' id='block_1_18' title="bbox 332 1932 1916 2004">
    <p class='ocr_par' dir='ltr' id='par_1_18' title="bbox 332 1932 1916 2004">
     <span class='ocr_line' id='line_1_18' title="bbox 332 1932 1916 2004; baseline -0.001 -16"><span class='ocrx_word' id='word_1_118' title='bbox 332 1951 460 1990; x_wconf 90' lang='lat' dir='ltr'><strong>num</strong></span> <span class='ocrx_word' id='word_1_119' title='bbox 507 1934 828 2004; x_wconf 70' lang='lat' dir='ltr'><strong>sperandum</strong></span> <span class='ocrx_word' id='word_1_120' title='bbox 855 1945 957 1988; x_wconf 85' lang='lat' dir='ltr'><strong>est.</strong></span> <span class='ocrx_word' id='word_1_121' title='bbox 993 1932 1272 1988; x_wconf 78' lang='lat' dir='ltr'><strong>Mutandus</strong></span> <span class='ocrx_word' id='word_1_122' title='bbox 1315 1941 1429 1994; x_wconf 89' lang='lat' dir='ltr'><strong>est,</strong></span> <span class='ocrx_word' id='word_1_123' title='bbox 1458 1934 1549 2004; x_wconf 92' lang='lat' dir='ltr'><strong>qui</strong></span> <span class='ocrx_word' id='word_1_124' title='bbox 1576 1933 1747 1988; x_wconf 87' lang='lat' dir='ltr'><strong>malus</strong></span> <span class='ocrx_word' id='word_1_125' title='bbox 1771 1941 1916 2000; x_wconf 86' lang='lat' dir='ltr'><strong>erat;</strong></span> 
     </span>
    </p>
   </div>
   <div class='ocr_carea' id='block_1_19' title="bbox 329 2024 1919 2094">
    <p class='ocr_par' dir='ltr' id='par_1_19' title="bbox 329 2024 1919 2094">
     <span class='ocr_line' id='line_1_19' title="bbox 329 2024 1919 2094; baseline 0 -16"><span class='ocrx_word' id='word_1_126' title='bbox 329 2024 930 2080; x_wconf 89' lang='lat' dir='ltr'><strong>mutatusinstruendus</strong></span> <span class='ocrx_word' id='word_1_127' title='bbox 961 2034 1074 2091; x_wconf 81' lang='lat' dir='ltr'><strong>est;</strong></span> <span class='ocrx_word' id='word_1_128' title='bbox 1123 2026 1411 2079; x_wconf 89' lang='lat' dir='ltr'><strong>instructus</strong></span> <span class='ocrx_word' id='word_1_129' title='bbox 1457 2039 1804 2094; x_wconf 87' lang='lat' dir='ltr'><strong>perseverare</strong></span> <span class='ocrx_word' id='word_1_130' title='bbox 1831 2024 1919 2078; x_wconf 80' lang='lat' dir='ltr'><strong>de-</strong></span> 
     </span>
    </p>
   </div>
   <div class='ocr_carea' id='block_1_20' title="bbox 329 2116 1918 2187">
    <p class='ocr_par' dir='ltr' id='par_1_20' title="bbox 329 2116 1918 2187">
     <span class='ocr_line' id='line_1_20' title="bbox 329 2116 1918 2187; baseline 0.001 -17"><span class='ocrx_word' id='word_1_131' title='bbox 329 2117 437 2172; x_wconf 89' lang='lat' dir='ltr'><strong>bet.</strong></span> <span class='ocrx_word' id='word_1_132' title='bbox 465 2117 564 2185; x_wconf 80' lang='lat' dir='ltr'><strong>Qui</strong></span> <span class='ocrx_word' id='word_1_133' title='bbox 590 2119 722 2172; x_wconf 86' lang='lat' dir='ltr'><strong>enim</strong></span> <span class='ocrx_word' id='word_1_134' title='bbox 752 2118 1138 2187; x_wconf 72' lang='lat' dir='ltr'><strong>perseveraverit</strong></span> <span class='ocrx_word' id='word_1_135' title='bbox 1173 2133 1328 2186; x_wconf 82' lang='lat' dir='ltr'><strong>usque</strong></span> <span class='ocrx_word' id='word_1_136' title='bbox 1351 2116 1404 2170; x_wconf 88' lang='lat' dir='ltr'><strong>in</strong></span> <span class='ocrx_word' id='word_1_137' title='bbox 1433 2117 1606 2186; x_wconf 73' lang='lat' dir='ltr'><strong>ﬁnem,</strong></span> <span class='ocrx_word' id='word_1_138' title='bbox 1639 2117 1722 2170; x_wconf 88' lang='lat' dir='ltr'><strong>hic</strong></span> <span class='ocrx_word' id='word_1_139' title='bbox 1749 2117 1918 2171; x_wconf 82' lang='lat' dir='ltr'><strong>salvus</strong></span> 
     </span>
    </p>
   </div>
   <div class='ocr_carea' id='block_1_21' title="bbox 325 2209 1276 2280">
    <p class='ocr_par' dir='ltr' id='par_1_21' title="bbox 325 2209 1276 2280">
     <span class='ocr_line' id='line_1_21' title="bbox 325 2209 1276 2280; baseline -0.002 -16"><span class='ocrx_word' id='word_1_140' title='bbox 325 2211 420 2264; x_wconf 87' lang='lat' dir='ltr'><strong>erit</strong></span> <span class='ocrx_word' id='word_1_141' title='bbox 448 2209 658 2278; x_wconf 84' lang='lat' dir='ltr'><strong>(Matth.</strong></span> <span class='ocrx_word' id='word_1_142' title='bbox 690 2227 747 2276; x_wconf 71' lang='grc' dir='ltr'>ι,</span> <span class='ocrx_word' id='word_1_143' title='bbox 774 2211 874 2275; x_wconf 70' lang='lat'><strong>22;</strong></span> <span class='ocrx_word' id='word_1_144' title='bbox 901 2220 948 2265; x_wconf 89' lang='lat' dir='ltr'><strong>et</strong></span> <span class='ocrx_word' id='word_1_145' title='bbox 981 2227 1133 2277; x_wconf 73' lang='lat' dir='ltr'><strong>xxrv,</strong></span> <span class='ocrx_word' id='word_1_146' title='bbox 1165 2210 1276 2280; x_wconf 77' lang='lat' dir='ltr'><strong>l3).</strong></span> 
     </span>
    </p>
   </div>
   <div class='ocr_carea' id='block_1_22' title="bbox 397 2300 1916 2357">
    <p class='ocr_par' dir='ltr' id='par_1_22' title="bbox 397 2300 1916 2357">
     <span class='ocr_line' id='line_1_22' title="bbox 397 2300 1916 2357; baseline -0.001 0"><span class='ocrx_word' id='word_1_147' title='bbox 397 2301 626 2357; x_wconf 83' lang='lat' dir='ltr'><strong>CAPUT</strong></span> <span class='ocrx_word' id='word_1_148' title='bbox 665 2301 835 2356; x_wconf 81' lang='lat' dir='ltr'><strong>XL—</strong></span> <span class='ocrx_word' id='word_1_149' title='bbox 865 2302 947 2356; x_wconf 85' lang='lat' dir='ltr'><strong>l0.</strong></span> <span class='ocrx_word' id='word_1_150' title='bbox 981 2301 1171 2356; x_wconf 76' lang='lat' dir='ltr'><strong>Sweire</strong></span> <span class='ocrx_word' id='word_1_151' title='bbox 1214 2301 1266 2355; x_wconf 88' lang='lat' dir='ltr'><strong>in</strong></span> <span class='ocrx_word' id='word_1_152' title='bbox 1313 2301 1473 2355; x_wconf 86' lang='lat' dir='ltr'><strong>malos</strong></span> <span class='ocrx_word' id='word_1_153' title='bbox 1514 2318 1615 2355; x_wconf 91' lang='lat' dir='ltr'><strong>non</strong></span> <span class='ocrx_word' id='word_1_154' title='bbox 1644 2301 1778 2355; x_wconf 86' lang='lat' dir='ltr'><strong>licet.</strong></span> <span class='ocrx_word' id='word_1_155' title='bbox 1808 2300 1916 2356; x_wconf 88' lang='lat' dir='ltr'><strong>Sed</strong></span> 
     </span>
    </p>
   </div>
   <div class='ocr_carea' id='block_1_23' title="bbox 326 2389 1915 2462">
    <p class='ocr_par' dir='ltr' id='par_1_23' title="bbox 326 2389 1915 2462">
     <span class='ocr_line' id='line_1_23' title="bbox 326 2389 1915 2462; baseline -0.001 -15"><span class='ocrx_word' id='word_1_156' title='bbox 326 2392 512 2449; x_wconf 90' lang='lat' dir='ltr'><strong>dicunt</strong></span> <span class='ocrx_word' id='word_1_157' title='bbox 536 2393 690 2448; x_wconf 88' lang='lat' dir='ltr'><strong>multi</strong></span> <span class='ocrx_word' id='word_1_158' title='bbox 721 2393 844 2446; x_wconf 87' lang='lat' dir='ltr'><strong>mali</strong></span> <span class='ocrx_word' id='word_1_159' title='bbox 877 2393 1044 2447; x_wconf 88' lang='lat' dir='ltr'><strong>multa</strong></span> <span class='ocrx_word' id='word_1_160' title='bbox 1073 2393 1230 2447; x_wconf 89' lang='lat' dir='ltr'><strong>mala.</strong></span> <span class='ocrx_word' id='word_1_161' title='bbox 1263 2391 1328 2447; x_wconf 90' lang='lat' dir='ltr'><strong>Et</strong></span> <span class='ocrx_word' id='word_1_162' title='bbox 1355 2389 1480 2462; x_wconf 89' lang='lat' dir='ltr'><strong>quid</strong></span> <span class='ocrx_word' id='word_1_163' title='bbox 1509 2392 1679 2446; x_wconf 90' lang='lat' dir='ltr'><strong>velles</strong></span> <span class='ocrx_word' id='word_1_164' title='bbox 1708 2391 1806 2446; x_wconf 88' lang='lat' dir='ltr'><strong>tu?</strong></span> <span class='ocrx_word' id='word_1_165' title='bbox 1833 2393 1915 2447; x_wconf 89' lang='lat' dir='ltr'><strong>An</strong></span> 
     </span>
    </p>
   </div>
   <div class='ocr_carea' id='block_1_24' title="bbox 322 2482 1915 2554">
    <p class='ocr_par' dir='ltr' id='par_1_24' title="bbox 322 2482 1915 2554">
     <span class='ocr_line' id='line_1_24' title="bbox 322 2482 1915 2554; baseline 0.001 -17"><span class='ocrx_word' id='word_1_166' title='bbox 322 2499 351 2537; x_wconf 91' lang='lat' dir='ltr'><strong>a</strong></span> <span class='ocrx_word' id='word_1_167' title='bbox 376 2485 531 2540; x_wconf 86' lang='lat' dir='ltr'><strong>malis</strong></span> <span class='ocrx_word' id='word_1_168' title='bbox 553 2484 727 2538; x_wconf 88' lang='lat' dir='ltr'><strong>bona?</strong></span> <span class='ocrx_word' id='word_1_169' title='bbox 749 2484 861 2538; x_wconf 83' lang='lat' dir='ltr'><strong>Noli</strong></span> <span class='ocrx_word' id='word_1_170' title='bbox 881 2499 1121 2554; x_wconf 62' lang='lat' dir='ltr'><strong>quairerc</strong></span> <span class='ocrx_word' id='word_1_171' title='bbox 1136 2499 1287 2537; x_wconf 90' lang='lat' dir='ltr'><strong>uvam</strong></span> <span class='ocrx_word' id='word_1_172' title='bbox 1317 2484 1369 2538; x_wconf 90' lang='lat' dir='ltr'><strong>in</strong></span> <span class='ocrx_word' id='word_1_173' title='bbox 1387 2482 1555 2552; x_wconf 89' lang='lat' dir='ltr'><strong>spinis</strong></span> <span class='ocrx_word' id='word_1_174' title='bbox 1578 2499 1591 2536; x_wconf 88' lang='lat'><strong>:</strong></span> <span class='ocrx_word' id='word_1_175' title='bbox 1618 2482 1915 2552; x_wconf 91' lang='lat' dir='ltr'><strong>prohibitus</strong></span> 
     </span>
    </p>
   </div>
   <div class='ocr_carea' id='block_1_25' title="bbox 322 2574 1913 2647">
    <p class='ocr_par' dir='ltr' id='par_1_25' title="bbox 322 2574 1913 2647">
     <span class='ocr_line' id='line_1_25' title="bbox 322 2574 1913 2647; baseline 0 -16"><span class='ocrx_word' id='word_1_176' title='bbox 322 2592 404 2643; x_wconf 86' lang='lat' dir='ltr'><strong>es,</strong></span> <span class='ocrx_word' id='word_1_177' title='bbox 433 2576 515 2631; x_wconf 79' lang='lat' dir='ltr'><strong>Ea:</strong></span> <span class='ocrx_word' id='word_1_178' title='bbox 542 2576 851 2631; x_wconf 83' lang='lat' dir='ltr'><strong>abundantia</strong></span> <span class='ocrx_word' id='word_1_179' title='bbox 876 2577 1042 2630; x_wconf 82' lang='lat' dir='ltr'><strong>cordis</strong></span> <span class='ocrx_word' id='word_1_180' title='bbox 1068 2593 1123 2630; x_wconf 87' lang='lat' dir='ltr'><strong>os</strong></span> <span class='ocrx_word' id='word_1_181' title='bbox 1145 2576 1366 2644; x_wconf 80' lang='lat' dir='ltr'><strong>loquitur</strong></span> <span class='ocrx_word' id='word_1_182' title='bbox 1399 2574 1550 2646; x_wconf 78' lang='lat' dir='ltr'><strong>(Luc.</strong></span> <span class='ocrx_word' id='word_1_183' title='bbox 1585 2591 1656 2642; x_wconf 74' lang='lat' dir='ltr'><strong>v1,</strong></span> <span class='ocrx_word' id='word_1_184' title='bbox 1699 2574 1816 2647; x_wconf 69' lang='grc'><strong>45).</strong></span> <span class='ocrx_word' id='word_1_185' title='bbox 1858 2575 1913 2631; x_wconf 87' lang='lat' dir='ltr'><strong>Si</strong></span> 
     </span>
    </p>
   </div>
   <div class='ocr_carea' id='block_1_26' title="bbox 321 2667 1915 2738">
    <p class='ocr_par' dir='ltr' id='par_1_26' title="bbox 321 2667 1915 2738">
     <span class='ocr_line' id='line_1_26' title="bbox 321 2667 1915 2738; baseline 0 -16"><span class='ocrx_word' id='word_1_186' title='bbox 321 2668 523 2737; x_wconf 91' lang='lat' dir='ltr'><strong>aliquid</strong></span> <span class='ocrx_word' id='word_1_187' title='bbox 555 2679 739 2738; x_wconf 89' lang='lat' dir='ltr'><strong>poles,</strong></span> <span class='ocrx_word' id='word_1_188' title='bbox 764 2668 806 2721; x_wconf 91' lang='lat' dir='ltr'><strong>si</strong></span> <span class='ocrx_word' id='word_1_189' title='bbox 843 2676 896 2721; x_wconf 89' lang='lat' dir='ltr'><strong>tu</strong></span> <span class='ocrx_word' id='word_1_190' title='bbox 922 2667 1032 2736; x_wconf 89' lang='lat' dir='ltr'><strong>jam</strong></span> <span class='ocrx_word' id='word_1_191' title='bbox 1066 2683 1170 2722; x_wconf 91' lang='lat' dir='ltr'><strong>non</strong></span> <span class='ocrx_word' id='word_1_192' title='bbox 1215 2682 1273 2722; x_wconf 91' lang='lat' dir='ltr'><strong>es</strong></span> <span class='ocrx_word' id='word_1_193' title='bbox 1303 2667 1496 2734; x_wconf 89' lang='lat' dir='ltr'><strong>malus,</strong></span> <span class='ocrx_word' id='word_1_194' title='bbox 1531 2676 1654 2737; x_wconf 87' lang='lat' dir='ltr'><strong>opta</strong></span> <span class='ocrx_word' id='word_1_195' title='bbox 1681 2667 1825 2722; x_wconf 90' lang='lat' dir='ltr'><strong>malo</strong></span> <span class='ocrx_word' id='word_1_196' title='bbox 1857 2676 1915 2722; x_wconf 90' lang='lat' dir='ltr'><strong>ut</strong></span> 
     </span>
    </p>
   </div>
   <div class='ocr_carea' id='block_1_27' title="bbox 320 2759 1911 2826">
    <p class='ocr_par' dir='ltr' id='par_1_27' title="bbox 320 2759 1911 2826">
     <span class='ocr_line' id='line_1_27' title="bbox 320 2759 1911 2826; baseline -0.001 -12"><span class='ocrx_word' id='word_1_197' title='bbox 320 2760 392 2814; x_wconf 87' lang='lat' dir='ltr'><strong>sit</strong></span> <span class='ocrx_word' id='word_1_198' title='bbox 421 2760 611 2814; x_wconf 90' lang='lat' dir='ltr'><strong>bonus.</strong></span> <span class='ocrx_word' id='word_1_199' title='bbox 636 2759 775 2826; x_wconf 87' lang='lat' dir='ltr'><strong>Quid</strong></span> <span class='ocrx_word' id='word_1_200' title='bbox 808 2760 966 2813; x_wconf 65' lang='lat' dir='ltr'><strong>saevis</strong></span> <span class='ocrx_word' id='word_1_201' title='bbox 990 2759 1042 2812; x_wconf 92' lang='lat' dir='ltr'><strong>in</strong></span> <span class='ocrx_word' id='word_1_202' title='bbox 1069 2759 1279 2813; x_wconf 89' lang='lat' dir='ltr'><strong>malos?</strong></span> <span class='ocrx_word' id='word_1_203' title='bbox 1311 2759 1441 2825; x_wconf 87' lang='lat' dir='ltr'><strong>Quia</strong></span> <span class='ocrx_word' id='word_1_204' title='bbox 1481 2759 1604 2812; x_wconf 86' lang='lat' dir='ltr'><strong>mali</strong></span> <span class='ocrx_word' id='word_1_205' title='bbox 1633 2767 1794 2825; x_wconf 88' lang='lat' dir='ltr'><strong>sunt,</strong></span> <span class='ocrx_word' id='word_1_206' title='bbox 1829 2759 1911 2813; x_wconf 82' lang='lat' dir='ltr'><strong>iu-</strong></span> 
     </span>
    </p>
   </div>
   <div class='ocr_carea' id='block_1_28' title="bbox 319 2849 1905 2922">
    <p class='ocr_par' dir='ltr' id='par_1_28' title="bbox 319 2849 1905 2922">
     <span class='ocr_line' id='line_1_28' title="bbox 319 2849 1905 2922; baseline -0.001 -17"><span class='ocrx_word' id='word_1_207' title='bbox 319 2852 461 2922; x_wconf 89' lang='lat' dir='ltr'><strong>quis.</strong></span> <span class='ocrx_word' id='word_1_208' title='bbox 495 2851 658 2906; x_wconf 85' lang='lat' dir='ltr'><strong>Addis</strong></span> <span class='ocrx_word' id='word_1_209' title='bbox 688 2861 738 2907; x_wconf 90' lang='lat' dir='ltr'><strong>te</strong></span> <span class='ocrx_word' id='word_1_210' title='bbox 779 2852 904 2918; x_wconf 91' lang='lat' dir='ltr'><strong>illis,</strong></span> <span class='ocrx_word' id='word_1_211' title='bbox 933 2850 1202 2906; x_wconf 65' lang='lat' dir='ltr'><strong>sarviendo</strong></span> <span class='ocrx_word' id='word_1_212' title='bbox 1231 2852 1282 2905; x_wconf 92' lang='lat' dir='ltr'><strong>in</strong></span> <span class='ocrx_word' id='word_1_213' title='bbox 1311 2850 1451 2904; x_wconf 92' lang='lat' dir='ltr'><strong>illos.</strong></span> <span class='ocrx_word' id='word_1_214' title='bbox 1475 2849 1769 2905; x_wconf 90' lang='lat' dir='ltr'><strong>Consilium</strong></span> <span class='ocrx_word' id='word_1_215' title='bbox 1801 2849 1905 2904; x_wconf 92' lang='lat' dir='ltr'><strong>do:</strong></span> 
     </span>
    </p>
   </div>
   <div class='ocr_carea' id='block_1_29' title="bbox 318 2940 1911 3013">
    <p class='ocr_par' dir='ltr' id='par_1_29' title="bbox 318 2940 1911 3013">
     <span class='ocr_line' id='line_1_29' title="bbox 318 2940 1911 3013; baseline -0.001 -17"><span class='ocrx_word' id='word_1_216' title='bbox 318 2941 568 3013; x_wconf 82' lang='lat' dir='ltr'><strong>displicet</strong></span> <span class='ocrx_word' id='word_1_217' title='bbox 594 2942 685 2996; x_wconf 89' lang='lat' dir='ltr'><strong>tibi</strong></span> <span class='ocrx_word' id='word_1_218' title='bbox 731 2943 923 3007; x_wconf 84' lang='lat' dir='ltr'><strong>malus,</strong></span> <span class='ocrx_word' id='word_1_219' title='bbox 976 2957 1081 2996; x_wconf 92' lang='lat' dir='ltr'><strong>non</strong></span> <span class='ocrx_word' id='word_1_220' title='bbox 1110 2942 1218 2996; x_wconf 90' lang='lat' dir='ltr'><strong>sint</strong></span> <span class='ocrx_word' id='word_1_221' title='bbox 1255 2941 1382 2995; x_wconf 90' lang='lat' dir='ltr'><strong>duo.</strong></span> <span class='ocrx_word' id='word_1_222' title='bbox 1419 2940 1806 3010; x_wconf 77' lang='lat' dir='ltr'><strong>Reprehendis,</strong></span> <span class='ocrx_word' id='word_1_223' title='bbox 1857 2949 1911 2994; x_wconf 88' lang='lat' dir='ltr'><strong>et</strong></span> 
     </span>
    </p>
   </div>
   <div class='ocr_carea' id='block_1_30' title="bbox 317 3029 1908 3102">
    <p class='ocr_par' dir='ltr' id='par_1_30' title="bbox 317 3029 1908 3102">
     <span class='ocr_line' id='line_1_30' title="bbox 317 3029 1908 3102; baseline -0.001 -17"><span class='ocrx_word' id='word_1_224' title='bbox 317 3032 661 3102; x_wconf 79' lang='lat' dir='ltr'><strong>adjungeris?</strong></span> <span class='ocrx_word' id='word_1_225' title='bbox 691 3047 854 3102; x_wconf 76' lang='lat' dir='ltr'><strong>auges</strong></span> <span class='ocrx_word' id='word_1_226' title='bbox 872 3033 987 3100; x_wconf 89' lang='lat' dir='ltr'><strong>ejus</strong></span> <span class='ocrx_word' id='word_1_227' title='bbox 1019 3047 1323 3095; x_wconf 88' lang='lat' dir='ltr'><strong>numerum,</strong></span> <span class='ocrx_word' id='word_1_228' title='bbox 1355 3046 1512 3099; x_wconf 90' lang='lat' dir='ltr'><strong>quem</strong></span> <span class='ocrx_word' id='word_1_229' title='bbox 1541 3029 1908 3084; x_wconf 89' lang='lat' dir='ltr'><strong>condemnas?</strong></span> 
     </span>
    </p>
   </div>
   <div class='ocr_carea' id='block_1_31' title="bbox 319 3122 1909 3180">
    <p class='ocr_par' dir='ltr' id='par_1_31' title="bbox 319 3122 1909 3180">
     <span class='ocr_line' id='line_1_31' title="bbox 319 3122 1909 3180; baseline -0.003 -2"><span class='ocrx_word' id='word_1_230' title='bbox 319 3125 397 3179; x_wconf 91' lang='lat' dir='ltr'><strong>De</strong></span> <span class='ocrx_word' id='word_1_231' title='bbox 425 3125 564 3178; x_wconf 89' lang='lat' dir='ltr'><strong>malo</strong></span> <span class='ocrx_word' id='word_1_232' title='bbox 597 3125 676 3179; x_wconf 91' lang='lat' dir='ltr'><strong>vis</strong></span> <span class='ocrx_word' id='word_1_233' title='bbox 707 3125 919 3180; x_wconf 84' lang='lat' dir='ltr'><strong>vincere</strong></span> <span class='ocrx_word' id='word_1_234' title='bbox 951 3124 1183 3177; x_wconf 88' lang='lat' dir='ltr'><strong>malum?</strong></span> <span class='ocrx_word' id='word_1_235' title='bbox 1213 3122 1281 3176; x_wconf 88' lang='lat' dir='ltr'><strong>de</strong></span> <span class='ocrx_word' id='word_1_236' title='bbox 1314 3122 1514 3176; x_wconf 89' lang='lat' dir='ltr'><strong>malitia</strong></span> <span class='ocrx_word' id='word_1_237' title='bbox 1554 3123 1768 3176; x_wconf 88' lang='lat' dir='ltr'><strong>vincere</strong></span> <span class='ocrx_word' id='word_1_238' title='bbox 1796 3137 1909 3175; x_wconf 87' lang='lat' dir='ltr'><strong>ma-</strong></span> 
     </span>
    </p>
   </div>
   <div class='ocr_carea' id='block_1_32' title="bbox 318 3207 1906 3279">
    <p class='ocr_par' dir='ltr' id='par_1_32' title="bbox 318 3207 1906 3279">
     <span class='ocr_line' id='line_1_32' title="bbox 318 3207 1906 3279; baseline -0.001 -10"><span class='ocrx_word' id='word_1_239' title='bbox 318 3215 528 3270; x_wconf 89' lang='lat' dir='ltr'><strong>litiam?</strong></span> <span class='ocrx_word' id='word_1_240' title='bbox 565 3214 736 3269; x_wconf 85' lang='lat' dir='ltr'><strong>Erunt</strong></span> <span class='ocrx_word' id='word_1_241' title='bbox 783 3214 900 3268; x_wconf 69' lang='lat' dir='ltr'><strong>dna:</strong></span> <span class='ocrx_word' id='word_1_242' title='bbox 944 3215 1180 3279; x_wconf 62' lang='lat' dir='ltr'><strong>malitiae,</strong></span> <span class='ocrx_word' id='word_1_243' title='bbox 1224 3215 1394 3270; x_wconf 64' lang='lat' dir='ltr'><strong>ambae</strong></span> <span class='ocrx_word' id='word_1_244' title='bbox 1444 3214 1738 3268; x_wconf 70' lang='lat' dir='ltr'><strong>vincendae.</strong></span> <span class='ocrx_word' id='word_1_245' title='bbox 1794 3207 1906 3268; x_wconf 82' lang='lat' dir='ltr'><strong>Non</strong></span> 
     </span>
    </p>
   </div>
   <div class='ocr_carea' id='block_1_33' title="bbox 320 3304 1908 3378">
    <p class='ocr_par' dir='ltr' id='par_1_33' title="bbox 320 3304 1908 3378">
     <span class='ocr_line' id='line_1_33' title="bbox 320 3304 1908 3378; baseline 0.001 -19"><span class='ocrx_word' id='word_1_246' title='bbox 320 3307 474 3361; x_wconf 84' lang='lat' dir='ltr'><strong>audis</strong></span> <span class='ocrx_word' id='word_1_247' title='bbox 520 3308 798 3361; x_wconf 85' lang='lat' dir='ltr'><strong>consilium</strong></span> <span class='ocrx_word' id='word_1_248' title='bbox 848 3307 1054 3362; x_wconf 86' lang='lat' dir='ltr'><strong>Domini</strong></span> <span class='ocrx_word' id='word_1_249' title='bbox 1112 3307 1185 3360; x_wconf 90' lang='lat' dir='ltr'><strong>tui</strong></span> <span class='ocrx_word' id='word_1_250' title='bbox 1245 3322 1340 3376; x_wconf 91' lang='lat' dir='ltr'><strong>per</strong></span> <span class='ocrx_word' id='word_1_251' title='bbox 1388 3307 1744 3378; x_wconf 85' lang='lat' dir='ltr'><strong>Apostolum:</strong></span> <span class='ocrx_word' id='word_1_252' title='bbox 1780 3304 1908 3360; x_wconf 86' lang='lat' dir='ltr'><strong>Noli</strong></span> 
     </span>
    </p>
   </div>
   <div class='ocr_carea' id='block_1_34' title="bbox 315 3397 1908 3470">
    <p class='ocr_par' dir='ltr' id='par_1_34' title="bbox 315 3397 1908 3470">
     <span class='ocr_line' id='line_1_34' title="bbox 315 3397 1908 3470; baseline 0.001 -19"><span class='ocrx_word' id='word_1_253' title='bbox 315 3399 446 3452; x_wconf 78' lang='lat' dir='ltr'><strong>vinci</strong></span> <span class='ocrx_word' id='word_1_254' title='bbox 476 3417 506 3452; x_wconf 90' lang='lat' dir='ltr'><strong>a</strong></span> <span class='ocrx_word' id='word_1_255' title='bbox 529 3401 680 3463; x_wconf 83' lang='lat' dir='ltr'><strong>malo,</strong></span> <span class='ocrx_word' id='word_1_256' title='bbox 711 3399 798 3452; x_wconf 87' lang='lat' dir='ltr'><strong>sed</strong></span> <span class='ocrx_word' id='word_1_257' title='bbox 825 3400 964 3452; x_wconf 86' lang='lat' dir='ltr'><strong>vince</strong></span> <span class='ocrx_word' id='word_1_258' title='bbox 993 3400 1043 3452; x_wconf 90' lang='lat' dir='ltr'><strong>in</strong></span> <span class='ocrx_word' id='word_1_259' title='bbox 1070 3398 1198 3452; x_wconf 91' lang='lat' dir='ltr'><strong>bono</strong></span> <span class='ocrx_word' id='word_1_260' title='bbox 1228 3397 1416 3452; x_wconf 84' lang='lat' dir='ltr'><strong>malum</strong></span> <span class='ocrx_word' id='word_1_261' title='bbox 1448 3397 1624 3470; x_wconf 82' lang='lat' dir='ltr'><strong>(Rom.</strong></span> <span class='ocrx_word' id='word_1_262' title='bbox 1656 3415 1746 3465; x_wconf 83' lang='lat' dir='ltr'><strong>xu,</strong></span> <span class='ocrx_word' id='word_1_263' title='bbox 1771 3397 1908 3468; x_wconf 72' lang='lat'><strong>2|)?</strong></span> 
     </span>
    </p>
   </div>
   <div class='ocr_carea' id='block_1_35' title="bbox 315 3488 1906 3560">
    <p class='ocr_par' dir='ltr' id='par_1_35' title="bbox 315 3488 1906 3560">
     <span class='ocr_line' id='line_1_35' title="bbox 315 3488 1906 3560; baseline -0.001 -17"><span class='ocrx_word' id='word_1_264' title='bbox 315 3489 479 3546; x_wconf 81' lang='lat' dir='ltr'><strong>Forte</strong></span> <span class='ocrx_word' id='word_1_265' title='bbox 512 3491 598 3545; x_wconf 92' lang='lat' dir='ltr'><strong>ille</strong></span> <span class='ocrx_word' id='word_1_266' title='bbox 627 3488 774 3560; x_wconf 84' lang='lat' dir='ltr'><strong>pejor</strong></span> <span class='ocrx_word' id='word_1_267' title='bbox 795 3499 910 3544; x_wconf 85' lang='lat' dir='ltr'><strong>est:</strong></span> <span class='ocrx_word' id='word_1_268' title='bbox 936 3505 1056 3543; x_wconf 91' lang='lat' dir='ltr'><strong>cum</strong></span> <span class='ocrx_word' id='word_1_269' title='bbox 1081 3500 1134 3543; x_wconf 90' lang='lat' dir='ltr'><strong>et</strong></span> <span class='ocrx_word' id='word_1_270' title='bbox 1164 3497 1218 3544; x_wconf 85' lang='lat' dir='ltr'><strong>tu</strong></span> <span class='ocrx_word' id='word_1_271' title='bbox 1247 3489 1321 3542; x_wconf 85' lang='lat' dir='ltr'><strong>sis</strong></span> <span class='ocrx_word' id='word_1_272' title='bbox 1344 3490 1535 3554; x_wconf 84' lang='lat' dir='ltr'><strong>malus,</strong></span> <span class='ocrx_word' id='word_1_273' title='bbox 1586 3489 1692 3542; x_wconf 91' lang='lat' dir='ltr'><strong>duo</strong></span> <span class='ocrx_word' id='word_1_274' title='bbox 1727 3498 1906 3543; x_wconf 90' lang='lat' dir='ltr'><strong>tamen</strong></span> 
     </span>
    </p>
   </div>
   <div class='ocr_carea' id='block_1_36' title="bbox 314 3573 1905 3649">
    <p class='ocr_par' dir='ltr' id='par_1_36' title="bbox 314 3573 1905 3649">
     <span class='ocr_line' id='line_1_36' title="bbox 314 3573 1905 3649; baseline -0.001 -15"><span class='ocrx_word' id='word_1_275' title='bbox 314 3581 442 3634; x_wconf 88' lang='lat' dir='ltr'><strong>mali</strong></span> <span class='ocrx_word' id='word_1_276' title='bbox 475 3582 515 3634; x_wconf 69' lang='grc' dir='ltr'><strong>ί.</strong></span> <span class='ocrx_word' id='word_1_277' title='bbox 565 3573 678 3649; x_wconf 74' lang='lat' dir='ltr'><strong>Ego</strong></span> <span class='ocrx_word' id='word_1_278' title='bbox 725 3579 915 3633; x_wconf 78' lang='lat' dir='ltr'><strong>vellem</strong></span> <span class='ocrx_word' id='word_1_279' title='bbox 961 3589 1015 3632; x_wconf 88' lang='lat' dir='ltr'><strong>ut</strong></span> <span class='ocrx_word' id='word_1_280' title='bbox 1055 3579 1134 3632; x_wconf 75' lang='lat' dir='ltr'><strong>vel</strong></span> <span class='ocrx_word' id='word_1_281' title='bbox 1187 3595 1319 3631; x_wconf 82' lang='lat' dir='ltr'><strong>unus</strong></span> <span class='ocrx_word' id='word_1_282' title='bbox 1365 3587 1508 3633; x_wconf 85' lang='lat' dir='ltr'><strong>esset</strong></span> <span class='ocrx_word' id='word_1_283' title='bbox 1554 3578 1743 3631; x_wconf 89' lang='lat' dir='ltr'><strong>bonus.</strong></span> <span class='ocrx_word' id='word_1_284' title='bbox 1807 3579 1905 3633; x_wconf 92' lang='lat' dir='ltr'><strong>Po-</strong></span> 
     </span>
    </p>
   </div>
   <div class='ocr_carea' id='block_1_37' title="bbox 316 3669 1906 3741">
    <p class='ocr_par' dir='ltr' id='par_1_37' title="bbox 316 3669 1906 3741">
     <span class='ocr_line' id='line_1_37' title="bbox 316 3669 1906 3741; baseline -0.001 -14"><span class='ocrx_word' id='word_1_285' title='bbox 316 3681 520 3727; x_wconf 89' lang='lat' dir='ltr'><strong>stremo</strong></span> <span class='ocrx_word' id='word_1_286' title='bbox 548 3672 698 3725; x_wconf 78' lang='lat' dir='ltr'><strong>smvit</strong></span> <span class='ocrx_word' id='word_1_287' title='bbox 742 3686 909 3740; x_wconf 89' lang='lat' dir='ltr'><strong>usque</strong></span> <span class='ocrx_word' id='word_1_288' title='bbox 950 3671 1015 3725; x_wconf 91' lang='lat' dir='ltr'><strong>ad</strong></span> <span class='ocrx_word' id='word_1_289' title='bbox 1052 3680 1300 3724; x_wconf 87' lang='lat' dir='ltr'><strong>mortem.</strong></span> <span class='ocrx_word' id='word_1_290' title='bbox 1343 3669 1478 3738; x_wconf 85' lang='lat' dir='ltr'><strong>Quid</strong></span> <span class='ocrx_word' id='word_1_291' title='bbox 1513 3678 1565 3724; x_wconf 85' lang='lat' dir='ltr'><strong>et</strong></span> <span class='ocrx_word' id='word_1_292' title='bbox 1616 3680 1735 3741; x_wconf 89' lang='lat' dir='ltr'><strong>post</strong></span> <span class='ocrx_word' id='word_1_293' title='bbox 1766 3687 1906 3726; x_wconf 84' lang='lat' dir='ltr'><strong>mor-</strong></span> 
     </span>
    </p>
   </div>
   <div class='ocr_carea' id='block_1_38' title="bbox 314 3752 1908 3834">
    <p class='ocr_par' dir='ltr' id='par_1_38' title="bbox 314 3752 1908 3834">
     <span class='ocr_line' id='line_1_38' title="bbox 314 3752 1908 3834; baseline 0 -16"><span class='ocrx_word' id='word_1_294' title='bbox 314 3773 458 3828; x_wconf 89' lang='lat' dir='ltr'><strong>tem,</strong></span> <span class='ocrx_word' id='word_1_295' title='bbox 496 3764 582 3818; x_wconf 89' lang='lat' dir='ltr'><strong>ubi</strong></span> <span class='ocrx_word' id='word_1_296' title='bbox 607 3765 673 3816; x_wconf 91' lang='lat' dir='ltr'><strong>ad</strong></span> <span class='ocrx_word' id='word_1_297' title='bbox 704 3764 853 3816; x_wconf 90' lang='lat' dir='ltr'><strong>illum</strong></span> <span class='ocrx_word' id='word_1_298' title='bbox 878 3763 1072 3818; x_wconf 89' lang='lat' dir='ltr'><strong>malum</strong></span> <span class='ocrx_word' id='word_1_299' title='bbox 1097 3763 1206 3832; x_wconf 88' lang='lat' dir='ltr'><strong>jam</strong></span> <span class='ocrx_word' id='word_1_300' title='bbox 1239 3778 1342 3816; x_wconf 87' lang='lat' dir='ltr'><strong>non</strong></span> <span class='ocrx_word' id='word_1_301' title='bbox 1374 3766 1615 3832; x_wconf 84' lang='lat' dir='ltr'><strong>pervenit</strong></span> <span class='ocrx_word' id='word_1_302' title='bbox 1650 3779 1825 3834; x_wconf 69' lang='lat' dir='ltr'><strong>pretia,</strong></span> <span class='ocrx_word' id='word_1_303' title='bbox 1853 3752 1908 3820; x_wconf 75' lang='lat' dir='ltr'><strong>et</strong></span> 
     </span>
    </p>
   </div>
   <div class='ocr_carea' id='block_1_39' title="bbox 315 3853 1900 3927">
    <p class='ocr_par' dir='ltr' id='par_1_39' title="bbox 315 3853 1900 3927">
     <span class='ocr_line' id='line_1_39' title="bbox 315 3853 1900 3927; baseline 0.002 -19"><span class='ocrx_word' id='word_1_304' title='bbox 315 3855 536 3909; x_wconf 78' lang='lat' dir='ltr'><strong>alterius</strong></span> <span class='ocrx_word' id='word_1_305' title='bbox 560 3855 683 3909; x_wconf 89' lang='lat' dir='ltr'><strong>mali</strong></span> <span class='ocrx_word' id='word_1_306' title='bbox 715 3862 820 3908; x_wconf 87' lang='lat' dir='ltr'><strong>tota</strong></span> <span class='ocrx_word' id='word_1_307' title='bbox 847 3866 1126 3910; x_wconf 85' lang='lat' dir='ltr'><strong>exercetur</strong></span> <span class='ocrx_word' id='word_1_308' title='bbox 1148 3853 1380 3909; x_wconf 84' lang='lat' dir='ltr'><strong>malitia?</strong></span> <span class='ocrx_word' id='word_1_309' title='bbox 1402 3855 1513 3910; x_wconf 91' lang='lat' dir='ltr'><strong>lloc</strong></span> <span class='ocrx_word' id='word_1_310' title='bbox 1537 3857 1770 3911; x_wconf 84' lang='lat' dir='ltr'><strong>insanire</strong></span> <span class='ocrx_word' id='word_1_311' title='bbox 1796 3866 1900 3927; x_wconf 86' lang='lat' dir='ltr'><strong>est,</strong></span> 
     </span>
    </p>
   </div>
   <div class='ocr_carea' id='block_1_40' title="bbox 315 3948 1104 4021">
    <p class='ocr_par' dir='ltr' id='par_1_40' title="bbox 315 3948 1104 4021">
     <span class='ocr_line' id='line_1_40' title="bbox 315 3948 1104 4021; baseline 0.003 -16"><span class='ocrx_word' id='word_1_312' title='bbox 315 3965 422 4006; x_wconf 92' lang='lat' dir='ltr'><strong>non</strong></span> <span class='ocrx_word' id='word_1_313' title='bbox 456 3949 723 4004; x_wconf 90' lang='lat' dir='ltr'><strong>vindicare</strong></span> <span class='ocrx_word' id='word_1_314' title='bbox 752 3948 824 4021; x_wconf 91' lang='lat' dir='ltr'><strong>(a)</strong></span> <span class='ocrx_word' id='word_1_315' title='bbox 837 3992 850 4003; x_wconf 93' lang='lat'><strong>.</strong></span> <span class='ocrx_word' id='word_1_316' title='bbox 1101 3999 1104 4007; x_wconf 98' lang='lat'><strong>.</strong></span> 
     </span>
    </p>
   </div>
   <div class='ocr_carea' id='block_1_41' title="bbox 387 4037 1904 4112">
    <p class='ocr_par' dir='ltr' id='par_1_41' title="bbox 387 4037 1904 4112">
     <span class='ocr_line' id='line_1_41' title="bbox 387 4037 1904 4112; baseline 0 -17"><span class='ocrx_word' id='word_1_317' title='bbox 387 4038 611 4095; x_wconf 84' lang='lat' dir='ltr'><strong>CAPUT</strong></span> <span class='ocrx_word' id='word_1_318' title='bbox 652 4039 940 4094; x_wconf 79' lang='lat' dir='ltr'><strong>Xll.—-H.</strong></span> <span class='ocrx_word' id='word_1_319' title='bbox 977 4037 1254 4094; x_wconf 84' lang='lat' dir='ltr'><strong>Prohibere</strong></span> <span class='ocrx_word' id='word_1_320' title='bbox 1277 4055 1396 4094; x_wconf 88' lang='lat' dir='ltr'><strong>suos</strong></span> <span class='ocrx_word' id='word_1_321' title='bbox 1438 4041 1643 4112; x_wconf 85' lang='lat' dir='ltr'><strong>quisque</strong></span> <span class='ocrx_word' id='word_1_322' title='bbox 1680 4038 1904 4095; x_wconf 84' lang='lat' dir='ltr'><strong>subditos</strong></span> 
     </span>
    </p>
   </div>
   <div class='ocr_carea' id='block_1_42' title="bbox 317 4131 1904 4200">
    <p class='ocr_par' dir='ltr' id='par_1_42' title="bbox 317 4131 1904 4200">
     <span class='ocr_line' id='line_1_42' title="bbox 317 4131 1904 4200; baseline 0.001 -14"><span class='ocrx_word' id='word_1_323' title='bbox 317 4131 479 4198; x_wconf 85' lang='lat' dir='ltr'><strong>debet,</strong></span> <span class='ocrx_word' id='word_1_324' title='bbox 505 4150 566 4186; x_wconf 90' lang='lat' dir='ltr'><strong>ne</strong></span> <span class='ocrx_word' id='word_1_325' title='bbox 579 4133 724 4186; x_wconf 86' lang='lat' dir='ltr'><strong>malis</strong></span> <span class='ocrx_word' id='word_1_326' title='bbox 747 4141 973 4186; x_wconf 85' lang='lat' dir='ltr'><strong>noceant.</strong></span> <span class='ocrx_word' id='word_1_327' title='bbox 994 4131 1128 4200; x_wconf 87' lang='lat' dir='ltr'><strong>Quid</strong></span> <span class='ocrx_word' id='word_1_328' title='bbox 1157 4132 1305 4186; x_wconf 85' lang='lat' dir='ltr'><strong>vobis</strong></span> <span class='ocrx_word' id='word_1_329' title='bbox 1327 4132 1521 4198; x_wconf 84' lang='lat' dir='ltr'><strong>dicam,</strong></span> <span class='ocrx_word' id='word_1_330' title='bbox 1553 4131 1744 4188; x_wconf 74' lang='lat' dir='ltr'><strong>fratres</strong></span> <span class='ocrx_word' id='word_1_331' title='bbox 1763 4134 1904 4189; x_wconf 86' lang='lat' dir='ltr'><strong>mei?</strong></span> 
     </span>
    </p>
   </div>
   <div class='ocr_carea' id='block_1_43' title="bbox 315 4224 1904 4297">
    <p class='ocr_par' dir='ltr' id='par_1_43' title="bbox 315 4224 1904 4297">
     <span class='ocr_line' id='line_1_43' title="bbox 315 4224 1904 4297; baseline 0.001 -17"><span class='ocrx_word' id='word_1_332' title='bbox 315 4225 442 4297; x_wconf 90' lang='lat' dir='ltr'><strong>quid</strong></span> <span class='ocrx_word' id='word_1_333' title='bbox 457 4225 603 4281; x_wconf 89' lang='lat' dir='ltr'><strong>vobis</strong></span> <span class='ocrx_word' id='word_1_334' title='bbox 618 4227 809 4293; x_wconf 90' lang='lat' dir='ltr'><strong>dicam,</strong></span> <span class='ocrx_word' id='word_1_335' title='bbox 821 4225 932 4280; x_wconf 84' lang='lat' dir='ltr'><strong>Non</strong></span> <span class='ocrx_word' id='word_1_336' title='bbox 948 4225 1096 4280; x_wconf 87' lang='lat' dir='ltr'><strong>vobis</strong></span> <span class='ocrx_word' id='word_1_337' title='bbox 1112 4224 1352 4296; x_wconf 84' lang='lat' dir='ltr'><strong>placeant</strong></span> <span class='ocrx_word' id='word_1_338' title='bbox 1367 4226 1519 4280; x_wconf 86' lang='lat' dir='ltr'><strong>tales?</strong></span> <span class='ocrx_word' id='word_1_339' title='bbox 1538 4226 1682 4282; x_wconf 88' lang='lat' dir='ltr'><strong>ltane</strong></span> <span class='ocrx_word' id='word_1_340' title='bbox 1699 4243 1824 4281; x_wconf 84' lang='lat' dir='ltr'><strong>vero</strong></span> <span class='ocrx_word' id='word_1_341' title='bbox 1838 4227 1904 4282; x_wconf 90' lang='lat' dir='ltr'><strong>de</strong></span> 
     </span>
    </p>
   </div>
   <div class='ocr_carea' id='block_1_44' title="bbox 315 4317 1904 4388">
    <p class='ocr_par' dir='ltr' id='par_1_44' title="bbox 315 4317 1904 4388">
     <span class='ocr_line' id='line_1_44' title="bbox 315 4317 1904 4388; baseline -0.001 -17"><span class='ocrx_word' id='word_1_342' title='bbox 315 4317 469 4372; x_wconf 82' lang='lat' dir='ltr'><strong>vobis</strong></span> <span class='ocrx_word' id='word_1_343' title='bbox 485 4332 742 4372; x_wconf 86' lang='lat' dir='ltr'><strong>sensurus</strong></span> <span class='ocrx_word' id='word_1_344' title='bbox 754 4333 891 4379; x_wconf 90' lang='lat' dir='ltr'><strong>sum,</strong></span> <span class='ocrx_word' id='word_1_345' title='bbox 908 4317 1027 4388; x_wconf 85' lang='lat' dir='ltr'><strong>quia</strong></span> <span class='ocrx_word' id='word_1_346' title='bbox 1044 4317 1251 4386; x_wconf 89' lang='lat' dir='ltr'><strong>placent</strong></span> <span class='ocrx_word' id='word_1_347' title='bbox 1265 4319 1411 4371; x_wconf 88' lang='lat' dir='ltr'><strong>vobis</strong></span> <span class='ocrx_word' id='word_1_348' title='bbox 1431 4317 1588 4372; x_wconf 84' lang='lat' dir='ltr'><strong>tales?</strong></span> <span class='ocrx_word' id='word_1_349' title='bbox 1604 4319 1641 4371; x_wconf 84' lang='lat' dir='ltr'><strong>A</strong></span> <span class='ocrx_word' id='word_1_350' title='bbox 1653 4318 1793 4372; x_wconf 90' lang='lat' dir='ltr'><strong>bsita</strong></span> <span class='ocrx_word' id='word_1_351' title='bbox 1810 4335 1904 4371; x_wconf 83' lang='lat' dir='ltr'><strong>no-</strong></span> 
     </span>
    </p>
   </div>
   <div class='ocr_carea' id='block_1_45' title="bbox 316 4408 1902 4481">
    <p class='ocr_par' dir='ltr' id='par_1_45' title="bbox 316 4408 1902 4481">
     <span class='ocr_line' id='line_1_45' title="bbox 316 4408 1902 4481; baseline 0 -15"><span class='ocrx_word' id='word_1_352' title='bbox 316 4409 398 4466; x_wconf 81' lang='lat' dir='ltr'><strong>bis</strong></span> <span class='ocrx_word' id='word_1_353' title='bbox 425 4419 482 4464; x_wconf 93' lang='lat' dir='ltr'><strong>ut</strong></span> <span class='ocrx_word' id='word_1_354' title='bbox 503 4410 794 4465; x_wconf 89' lang='lat' dir='ltr'><strong>sentiamus</strong></span> <span class='ocrx_word' id='word_1_355' title='bbox 820 4409 916 4464; x_wconf 85' lang='lat' dir='ltr'><strong>ista</strong></span> <span class='ocrx_word' id='word_1_356' title='bbox 945 4409 1010 4464; x_wconf 89' lang='lat' dir='ltr'><strong>de</strong></span> <span class='ocrx_word' id='word_1_357' title='bbox 1030 4408 1201 4464; x_wconf 90' lang='lat' dir='ltr'><strong>vobis.</strong></span> <span class='ocrx_word' id='word_1_358' title='bbox 1237 4409 1338 4464; x_wconf 87' lang='lat' dir='ltr'><strong>Sed</strong></span> <span class='ocrx_word' id='word_1_359' title='bbox 1368 4425 1554 4481; x_wconf 89' lang='lat' dir='ltr'><strong>parum</strong></span> <span class='ocrx_word' id='word_1_360' title='bbox 1578 4417 1660 4465; x_wconf 88' lang='lat' dir='ltr'><strong>est</strong></span> <span class='ocrx_word' id='word_1_361' title='bbox 1681 4418 1736 4464; x_wconf 94' lang='lat' dir='ltr'><strong>ut</strong></span> <span class='ocrx_word' id='word_1_362' title='bbox 1770 4409 1902 4466; x_wconf 84' lang='lat' dir='ltr'><strong>tales</strong></span> 
     </span>
    </p>
   </div>
   <div class='ocr_carea' id='block_1_46' title="bbox 315 4499 1902 4574">
    <p class='ocr_par' dir='ltr' id='par_1_46' title="bbox 315 4499 1902 4574">
     <span class='ocr_line' id='line_1_46' title="bbox 315 4499 1902 4574; baseline -0.001 -16"><span class='ocrx_word' id='word_1_363' title='bbox 315 4503 636 4574; x_wconf 91' lang='lat' dir='ltr'><strong>displiceant</strong></span> <span class='ocrx_word' id='word_1_364' title='bbox 653 4502 826 4569; x_wconf 87' lang='lat' dir='ltr'><strong>vobis,</strong></span> <span class='ocrx_word' id='word_1_365' title='bbox 847 4517 1031 4570; x_wconf 91' lang='lat' dir='ltr'><strong>parum</strong></span> <span class='ocrx_word' id='word_1_366' title='bbox 1051 4509 1132 4556; x_wconf 88' lang='lat' dir='ltr'><strong>est</strong></span> <span class='ocrx_word' id='word_1_367' title='bbox 1153 4520 1166 4556; x_wconf 88' lang='lat'><strong>:</strong></span> <span class='ocrx_word' id='word_1_368' title='bbox 1184 4510 1264 4556; x_wconf 87' lang='lat' dir='ltr'><strong>est</strong></span> <span class='ocrx_word' id='word_1_369' title='bbox 1286 4499 1480 4572; x_wconf 87' lang='lat' dir='ltr'><strong>aliquid</strong></span> <span class='ocrx_word' id='word_1_370' title='bbox 1503 4501 1642 4573; x_wconf 89' lang='lat' dir='ltr'><strong>quod</strong></span> <span class='ocrx_word' id='word_1_371' title='bbox 1660 4501 1726 4557; x_wconf 93' lang='lat' dir='ltr'><strong>de</strong></span> <span class='ocrx_word' id='word_1_372' title='bbox 1751 4503 1902 4556; x_wconf 91' lang='lat' dir='ltr'><strong>vobis</strong></span> 
     </span>
    </p>
   </div>
   <div class='ocr_carea' id='block_1_47' title="bbox 315 4595 1899 4667">
    <p class='ocr_par' dir='ltr' id='par_1_47' title="bbox 315 4595 1899 4667">
     <span class='ocr_line' id='line_1_47' title="bbox 315 4595 1899 4667; baseline -0.002 -16"><span class='ocrx_word' id='word_1_373' title='bbox 315 4595 634 4667; x_wconf 82' lang='lat' dir='ltr'><strong>exigendum</strong></span> <span class='ocrx_word' id='word_1_374' title='bbox 665 4604 766 4650; x_wconf 89' lang='lat' dir='ltr'><strong>est.</strong></span> <span class='ocrx_word' id='word_1_375' title='bbox 794 4595 871 4650; x_wconf 87' lang='lat' dir='ltr'><strong>Nc</strong></span> <span class='ocrx_word' id='word_1_376' title='bbox 900 4595 1020 4666; x_wconf 88' lang='lat' dir='ltr'><strong>quis</strong></span> <span class='ocrx_word' id='word_1_377' title='bbox 1042 4595 1211 4660; x_wconf 87' lang='lat' dir='ltr'><strong>dicat,</strong></span> <span class='ocrx_word' id='word_1_378' title='bbox 1259 4595 1398 4651; x_wconf 91' lang='lat' dir='ltr'><strong>Deus</strong></span> <span class='ocrx_word' id='word_1_379' title='bbox 1435 4596 1584 4650; x_wconf 86' lang='lat' dir='ltr'><strong>novit</strong></span> <span class='ocrx_word' id='word_1_380' title='bbox 1603 4597 1725 4667; x_wconf 90' lang='lat' dir='ltr'><strong>quia</strong></span> <span class='ocrx_word' id='word_1_381' title='bbox 1754 4595 1899 4650; x_wconf 89' lang='lat' dir='ltr'><strong>nolui</strong></span> 
     </span>
    </p>
   </div>
   <div class='ocr_carea' id='block_1_48' title="bbox 314 4685 1896 4753">
    <p class='ocr_par' dir='ltr' id='par_1_48' title="bbox 314 4685 1896 4753">
     <span class='ocr_line' id='line_1_48' title="bbox 314 4685 1896 4753; baseline 0.002 -12"><span class='ocrx_word' id='word_1_382' title='bbox 314 4687 450 4741; x_wconf 81' lang='lat' dir='ltr'><strong>ﬁeri.</strong></span> <span class='ocrx_word' id='word_1_383' title='bbox 481 4687 618 4742; x_wconf 87' lang='lat' dir='ltr'><strong>Ecce</strong></span> <span class='ocrx_word' id='word_1_384' title='bbox 647 4686 778 4742; x_wconf 88' lang='lat' dir='ltr'><strong>duas</strong></span> <span class='ocrx_word' id='word_1_385' title='bbox 799 4701 887 4742; x_wconf 90' lang='lat' dir='ltr'><strong>res</strong></span> <span class='ocrx_word' id='word_1_386' title='bbox 913 4686 1092 4742; x_wconf 80' lang='lat' dir='ltr'><strong>dixisti</strong></span> <span class='ocrx_word' id='word_1_387' title='bbox 1128 4706 1140 4742; x_wconf 91' lang='lat'><strong>:</strong></span> <span class='ocrx_word' id='word_1_388' title='bbox 1165 4697 1218 4744; x_wconf 90' lang='lat' dir='ltr'><strong>et</strong></span> <span class='ocrx_word' id='word_1_389' title='bbox 1239 4704 1342 4742; x_wconf 90' lang='lat' dir='ltr'><strong>non</strong></span> <span class='ocrx_word' id='word_1_390' title='bbox 1371 4685 1494 4753; x_wconf 77' lang='lat' dir='ltr'><strong>feci,</strong></span> <span class='ocrx_word' id='word_1_391' title='bbox 1522 4697 1575 4743; x_wconf 90' lang='lat' dir='ltr'><strong>et</strong></span> <span class='ocrx_word' id='word_1_392' title='bbox 1591 4689 1733 4744; x_wconf 91' lang='lat' dir='ltr'><strong>nolui</strong></span> <span class='ocrx_word' id='word_1_393' title='bbox 1763 4689 1896 4744; x_wconf 84' lang='lat' dir='ltr'><strong>ﬁeri.</strong></span> 
     </span>
    </p>
   </div>
   <div class='ocr_carea' id='block_1_49' title="bbox 313 4779 1900 4850">
    <p class='ocr_par' dir='ltr' id='par_1_49' title="bbox 313 4779 1900 4850">
     <span class='ocr_line' id='line_1_49' title="bbox 313 4779 1900 4850; baseline 0.003 -16"><span class='ocrx_word' id='word_1_394' title='bbox 313 4779 502 4834; x_wconf 83' lang='lat' dir='ltr'><strong>Adhuc</strong></span> <span class='ocrx_word' id='word_1_395' title='bbox 529 4796 710 4849; x_wconf 89' lang='lat' dir='ltr'><strong>parum</strong></span> <span class='ocrx_word' id='word_1_396' title='bbox 735 4788 835 4835; x_wconf 89' lang='lat' dir='ltr'><strong>est.</strong></span> <span class='ocrx_word' id='word_1_397' title='bbox 865 4779 1056 4834; x_wconf 88' lang='lat' dir='ltr'><strong>Parum</strong></span> <span class='ocrx_word' id='word_1_398' title='bbox 1101 4788 1184 4834; x_wconf 90' lang='lat' dir='ltr'><strong>est</strong></span> <span class='ocrx_word' id='word_1_399' title='bbox 1227 4796 1440 4850; x_wconf 89' lang='lat' dir='ltr'><strong>prorsus</strong></span> <span class='ocrx_word' id='word_1_400' title='bbox 1483 4782 1526 4834; x_wconf 89' lang='lat' dir='ltr'><strong>si</strong></span> <span class='ocrx_word' id='word_1_401' title='bbox 1572 4782 1822 4848; x_wconf 90' lang='lat' dir='ltr'><strong>noluisti,</strong></span> <span class='ocrx_word' id='word_1_402' title='bbox 1855 4783 1900 4839; x_wconf 91' lang='lat' dir='ltr'><strong>si</strong></span> 
     </span>
    </p>
   </div>
   <div class='ocr_carea' id='block_1_50' title="bbox 314 4871 1896 4945">
    <p class='ocr_par' dir='ltr' id='par_1_50' title="bbox 314 4871 1896 4945">
     <span class='ocr_line' id='line_1_50' title="bbox 314 4871 1896 4945; baseline 0.004 -20"><span class='ocrx_word' id='word_1_403' title='bbox 314 4889 417 4926; x_wconf 91' lang='lat' dir='ltr'><strong>non</strong></span> <span class='ocrx_word' id='word_1_404' title='bbox 458 4873 614 4926; x_wconf 89' lang='lat' dir='ltr'><strong>etiam</strong></span> <span class='ocrx_word' id='word_1_405' title='bbox 662 4872 1000 4944; x_wconf 85' lang='lat' dir='ltr'><strong>prohibuisti.</strong></span> <span class='ocrx_word' id='word_1_406' title='bbox 1049 4871 1254 4928; x_wconf 86' lang='lat' dir='ltr'><strong>Habent</strong></span> <span class='ocrx_word' id='word_1_407' title='bbox 1303 4873 1428 4928; x_wconf 90' lang='lat' dir='ltr'><strong>mali</strong></span> <span class='ocrx_word' id='word_1_408' title='bbox 1479 4873 1691 4944; x_wconf 90' lang='lat' dir='ltr'><strong>judices</strong></span> <span class='ocrx_word' id='word_1_409' title='bbox 1739 4892 1896 4945; x_wconf 86' lang='lat' dir='ltr'><strong>suos,</strong></span> 
     </span>
    </p>
   </div>
   <div class='ocr_carea' id='block_1_51' title="bbox 312 4961 1896 5036">
    <p class='ocr_par' dir='ltr' id='par_1_51' title="bbox 312 4961 1896 5036">
     <span class='ocr_line' id='line_1_51' title="bbox 312 4961 1896 5036; baseline 0.004 -19"><span class='ocrx_word' id='word_1_410' title='bbox 312 4961 507 5018; x_wconf 86' lang='lat' dir='ltr'><strong>habent</strong></span> <span class='ocrx_word' id='word_1_411' title='bbox 555 4973 846 5034; x_wconf 87' lang='lat' dir='ltr'><strong>petestates</strong></span> <span class='ocrx_word' id='word_1_412' title='bbox 894 4963 1152 5019; x_wconf 78' lang='lat' dir='ltr'><strong>suaszde</strong></span> <span class='ocrx_word' id='word_1_413' title='bbox 1209 4963 1402 5034; x_wconf 76' lang='lat' dir='ltr'><strong>quibus</strong></span> <span class='ocrx_word' id='word_1_414' title='bbox 1451 4966 1736 5035; x_wconf 81' lang='lat' dir='ltr'><strong>Apostolus</strong></span> <span class='ocrx_word' id='word_1_415' title='bbox 1785 4968 1896 5036; x_wconf 91' lang='lat' dir='ltr'><strong>ait,</strong></span> 
     </span>
    </p>
   </div>
   <div class='ocr_carea' id='block_1_52' title="bbox 313 5053 1897 5127">
    <p class='ocr_par' dir='ltr' id='par_1_52' title="bbox 313 5053 1897 5127">
     <span class='ocr_line' id='line_1_52' title="bbox 313 5053 1897 5127; baseline 0.003 -19"><span class='ocrx_word' id='word_1_416' title='bbox 313 5053 434 5109; x_wconf 83' lang='lat' dir='ltr'><strong>Non</strong></span> <span class='ocrx_word' id='word_1_417' title='bbox 465 5055 595 5110; x_wconf 87' lang='lat' dir='ltr'><strong>enim</strong></span> <span class='ocrx_word' id='word_1_418' title='bbox 619 5056 888 5109; x_wconf 83' lang='lat' dir='ltr'><strong>sinecausa</strong></span> <span class='ocrx_word' id='word_1_419' title='bbox 907 5057 1133 5127; x_wconf 83' lang='lat' dir='ltr'><strong>gladium</strong></span> <span class='ocrx_word' id='word_1_420' title='bbox 1159 5065 1345 5126; x_wconf 86' lang='lat' dir='ltr'><strong>portat.</strong></span> <span class='ocrx_word' id='word_1_421' title='bbox 1379 5053 1577 5111; x_wconf 70' lang='lat' dir='ltr'><strong>Vindex</strong></span> <span class='ocrx_word' id='word_1_422' title='bbox 1591 5069 1660 5113; x_wconf 88' lang='lat' dir='ltr'><strong>est</strong></span> <span class='ocrx_word' id='word_1_423' title='bbox 1690 5059 1821 5112; x_wconf 89' lang='lat' dir='ltr'><strong>enim</strong></span> <span class='ocrx_word' id='word_1_424' title='bbox 1844 5059 1897 5113; x_wconf 88' lang='lat' dir='ltr'><strong>in</strong></span> 
     </span>
    </p>
   </div>
   <div class='ocr_carea' id='block_1_53' title="bbox 310 5144 1898 5220">
    <p class='ocr_par' dir='ltr' id='par_1_53' title="bbox 310 5144 1898 5220">
     <span class='ocr_line' id='line_1_53' title="bbox 310 5144 1898 5220; baseline 0.005 -22"><span class='ocrx_word' id='word_1_425' title='bbox 310 5146 467 5210; x_wconf 89' lang='lat' dir='ltr'><strong>iram,</strong></span> <span class='ocrx_word' id='word_1_426' title='bbox 499 5145 590 5200; x_wconf 86' lang='lat' dir='ltr'><strong>sed</strong></span> <span class='ocrx_word' id='word_1_427' title='bbox 614 5145 660 5200; x_wconf 91' lang='lat' dir='ltr'><strong>ei</strong></span> <span class='ocrx_word' id='word_1_428' title='bbox 680 5147 765 5216; x_wconf 85' lang='lat' dir='ltr'><strong>qui</strong></span> <span class='ocrx_word' id='word_1_429' title='bbox 791 5146 922 5220; x_wconf 77' lang='lat' dir='ltr'><strong>male</strong></span> <span class='ocrx_word' id='word_1_430' title='bbox 946 5147 1069 5218; x_wconf 84' lang='lat' dir='ltr'><strong>agit.</strong></span> <span class='ocrx_word' id='word_1_431' title='bbox 1100 5144 1156 5200; x_wconf 83' lang='lat' dir='ltr'><strong>In</strong></span> <span class='ocrx_word' id='word_1_432' title='bbox 1181 5147 1313 5201; x_wconf 92' lang='lat' dir='ltr'><strong>iram</strong></span> <span class='ocrx_word' id='word_1_433' title='bbox 1342 5147 1539 5202; x_wconf 86' lang='lat' dir='ltr'><strong>vindex</strong></span> <span class='ocrx_word' id='word_1_434' title='bbox 1568 5149 1616 5203; x_wconf 91' lang='lat' dir='ltr'><strong>ei</strong></span> <span class='ocrx_word' id='word_1_435' title='bbox 1639 5149 1728 5220; x_wconf 89' lang='lat' dir='ltr'><strong>qui</strong></span> <span class='ocrx_word' id='word_1_436' title='bbox 1757 5151 1898 5206; x_wconf 90' lang='lat' dir='ltr'><strong>male</strong></span> 
     </span>
    </p>
   </div>
   <div class='ocr_carea' id='block_1_54' title="bbox 309 5233 1898 5309">
    <p class='ocr_par' dir='ltr' id='par_1_54' title="bbox 309 5233 1898 5309">
     <span class='ocr_line' id='line_1_54' title="bbox 309 5233 1898 5309; baseline 0.004 -19"><span class='ocrx_word' id='word_1_437' title='bbox 309 5236 440 5306; x_wconf 80' lang='lat' dir='ltr'><strong>agit.</strong></span> <span class='ocrx_word' id='word_1_438' title='bbox 475 5233 624 5301; x_wconf 83' lang='lat' dir='ltr'><strong>Quod</strong></span> <span class='ocrx_word' id='word_1_439' title='bbox 649 5237 692 5290; x_wconf 88' lang='lat' dir='ltr'><strong>si</strong></span> <span class='ocrx_word' id='word_1_440' title='bbox 735 5235 946 5305; x_wconf 88' lang='lat' dir='ltr'><strong>malum,</strong></span> <span class='ocrx_word' id='word_1_441' title='bbox 996 5238 1186 5308; x_wconf 87' lang='lat' dir='ltr'><strong>inquit,</strong></span> <span class='ocrx_word' id='word_1_442' title='bbox 1217 5239 1415 5309; x_wconf 80' lang='lat' dir='ltr'><strong>feceris,</strong></span> <span class='ocrx_word' id='word_1_443' title='bbox 1446 5239 1583 5294; x_wconf 88' lang='lat' dir='ltr'><strong>time.</strong></span> <span class='ocrx_word' id='word_1_444' title='bbox 1615 5239 1737 5295; x_wconf 88' lang='lat' dir='ltr'><strong>Non</strong></span> <span class='ocrx_word' id='word_1_445' title='bbox 1766 5243 1898 5296; x_wconf 87' lang='lat' dir='ltr'><strong>enim</strong></span> 
     </span>
    </p>
   </div>
   <div class='ocr_carea' id='block_1_55' title="bbox 307 5327 1901 5404">
    <p class='ocr_par' dir='ltr' id='par_1_55' title="bbox 307 5327 1901 5404">
     <span class='ocr_line' id='line_1_55' title="bbox 307 5327 1901 5404; baseline 0.003 -22"><span class='ocrx_word' id='word_1_446' title='bbox 307 5328 418 5382; x_wconf 91' lang='lat' dir='ltr'><strong>sine</strong></span> <span class='ocrx_word' id='word_1_447' title='bbox 437 5345 589 5382; x_wconf 88' lang='lat' dir='ltr'><strong>causa</strong></span> <span class='ocrx_word' id='word_1_448' title='bbox 611 5328 837 5400; x_wconf 83' lang='lat' dir='ltr'><strong>gladium</strong></span> <span class='ocrx_word' id='word_1_449' title='bbox 860 5339 1051 5397; x_wconf 85' lang='lat' dir='ltr'><strong>portat.</strong></span> <span class='ocrx_word' id='word_1_450' title='bbox 1069 5327 1154 5384; x_wconf 86' lang='lat' dir='ltr'><strong>Vis</strong></span> <span class='ocrx_word' id='word_1_451' title='bbox 1178 5339 1346 5384; x_wconf 84' lang='lat' dir='ltr'><strong>autem</strong></span> <span class='ocrx_word' id='word_1_452' title='bbox 1367 5348 1466 5386; x_wconf 89' lang='lat' dir='ltr'><strong>non</strong></span> <span class='ocrx_word' id='word_1_453' title='bbox 1492 5331 1662 5387; x_wconf 88' lang='lat' dir='ltr'><strong>timere</strong></span> <span class='ocrx_word' id='word_1_454' title='bbox 1680 5343 1901 5404; x_wconf 85' lang='lat' dir='ltr'><strong>potesta-</strong></span> 
     </span>
    </p>
   </div>
   <div class='ocr_carea' id='block_1_56' title="bbox 225 5417 1892 5496">
    <p class='ocr_par' dir='ltr' id='par_1_56' title="bbox 225 5417 1892 5496">
     <span class='ocr_line' id='line_1_56' title="bbox 225 5417 1892 5496; baseline 0.004 -24"><span class='ocrx_word' id='word_1_455' title='bbox 225 5441 228 5446; x_wconf 94' lang='grc'>·</span> <span class='ocrx_word' id='word_1_456' title='bbox 311 5419 452 5473; x_wconf 86' lang='lat' dir='ltr'><strong>tem?</strong></span> <span class='ocrx_word' id='word_1_457' title='bbox 473 5417 673 5473; x_wconf 81' lang='lat' dir='ltr'><strong>Bonum</strong></span> <span class='ocrx_word' id='word_1_458' title='bbox 697 5420 798 5491; x_wconf 78' lang='lat' dir='ltr'><strong>fac,</strong></span> <span class='ocrx_word' id='word_1_459' title='bbox 826 5431 871 5475; x_wconf 87' lang='lat' dir='ltr'><strong>et</strong></span> <span class='ocrx_word' id='word_1_460' title='bbox 894 5419 1093 5477; x_wconf 80' lang='lat' dir='ltr'><strong>habebis</strong></span> <span class='ocrx_word' id='word_1_461' title='bbox 1120 5422 1320 5476; x_wconf 84' lang='lat' dir='ltr'><strong>laudent</strong></span> <span class='ocrx_word' id='word_1_462' title='bbox 1351 5440 1413 5477; x_wconf 80' lang='lat' dir='ltr'><strong>ea:</strong></span> <span class='ocrx_word' id='word_1_463' title='bbox 1441 5423 1530 5477; x_wconf 88' lang='lat' dir='ltr'><strong>illa</strong></span> <span class='ocrx_word' id='word_1_464' title='bbox 1555 5422 1725 5496; x_wconf 79' lang='lat' dir='ltr'><strong>(liam.</strong></span> <span class='ocrx_word' id='word_1_465' title='bbox 1755 5425 1892 5496; x_wconf 83' lang='lat' dir='ltr'><strong>xui).</strong></span> 
     </span>
    </p>
   </div>
   <div class='ocr_carea' id='block_1_57' title="bbox 383 5509 1896 5587">
    <p class='ocr_par' dir='ltr' id='par_1_57' title="bbox 383 5509 1896 5587">
     <span class='ocr_line' id='line_1_57' title="bbox 383 5509 1896 5587; baseline 0.005 -22"><span class='ocrx_word' id='word_1_466' title='bbox 383 5510 610 5567; x_wconf 80' lang='lat' dir='ltr'><strong>CAPUT</strong></span> <span class='ocrx_word' id='word_1_467' title='bbox 641 5509 781 5566; x_wconf 83' lang='lat' dir='ltr'><strong>Xlll.</strong></span> <span class='ocrx_word' id='word_1_468' title='bbox 809 5543 881 5553; x_wconf 96' lang='lat'><strong>—</strong></span> <span class='ocrx_word' id='word_1_469' title='bbox 909 5512 992 5567; x_wconf 69' lang='grc'><strong>12.</strong></span> <span class='ocrx_word' id='word_1_470' title='bbox 1027 5511 1125 5578; x_wconf 82' lang='lat' dir='ltr'><strong>Qui</strong></span> <span class='ocrx_word' id='word_1_471' title='bbox 1152 5513 1336 5568; x_wconf 90' lang='lat' dir='ltr'><strong>bonum</strong></span> <span class='ocrx_word' id='word_1_472' title='bbox 1381 5516 1524 5587; x_wconf 76' lang='lat' dir='ltr'><strong>facit,</strong></span> <span class='ocrx_word' id='word_1_473' title='bbox 1557 5515 1807 5587; x_wconf 84' lang='lat' dir='ltr'><strong>quomodo</strong></span> <span class='ocrx_word' id='word_1_474' title='bbox 1836 5535 1896 5573; x_wconf 76' lang='lat' dir='ltr'><strong>ex</strong></span> 
     </span>
    </p>
   </div>
   <div class='ocr_carea' id='block_1_58' title="bbox 374 5647 1642 5714">
    <p class='ocr_par' dir='ltr' id='par_1_58' title="bbox 374 5647 1642 5714">
     <span class='ocr_line' id='line_1_58' title="bbox 374 5647 1642 5714; baseline 0.008 -19"><span class='ocrx_word' id='word_1_475' title='bbox 374 5647 751 5714; x_wconf 48' lang='lat' dir='ltr'><strong>frter-us,inor</strong></span> <span class='ocrx_word' id='word_1_476' title='bbox 762 5655 847 5714; x_wconf 73' lang='lat' dir='ltr'><strong>est</strong></span> <span class='ocrx_word' id='word_1_477' title='bbox 863 5663 1008 5714; x_wconf 83' lang='lat' dir='ltr'><strong>quam</strong></span> <span class='ocrx_word' id='word_1_478' title='bbox 1027 5655 1081 5714; x_wconf 72' lang='lat' dir='ltr'><strong>tu</strong></span> <span class='ocrx_word' id='word_1_479' title='bbox 1102 5649 1184 5714; x_wconf 70' lang='lat' dir='ltr'><strong>eis,</strong></span> <span class='ocrx_word' id='word_1_480' title='bbox 1214 5650 1311 5702; x_wconf 85' lang='lat' dir='ltr'><strong>dno</strong></span> <span class='ocrx_word' id='word_1_481' title='bbox 1331 5657 1489 5714; x_wconf 85' lang='lat' dir='ltr'><strong>tamen</strong></span> <span class='ocrx_word' id='word_1_482' title='bbox 1512 5653 1642 5705; x_wconf 84' lang='lat' dir='ltr'><strong>mali.</strong></span> 
     </span>
    </p>
   </div>
   <div class='ocr_carea' id='block_1_59' title="bbox 371 5707 1896 5775">
    <p class='ocr_par' dir='ltr' id='par_1_59' title="bbox 371 5707 1896 5775">
     <span class='ocr_line' id='line_1_59' title="bbox 371 5707 1896 5775; baseline 0.007 -17"><span class='ocrx_word' id='word_1_483' title='bbox 371 5707 445 5775; x_wconf 75' lang='grc' dir='ltr'>(ιι)</span> <span class='ocrx_word' id='word_1_484' title='bbox 479 5707 689 5775; x_wconf 74' lang='lat' dir='ltr'><strong>Hominis</strong></span> <span class='ocrx_word' id='word_1_485' title='bbox 709 5707 914 5772; x_wconf 81' lang='lat' dir='ltr'><strong>alicujus</strong></span> <span class='ocrx_word' id='word_1_486' title='bbox 949 5712 1078 5761; x_wconf 86' lang='lat' dir='ltr'><strong>male</strong></span> <span class='ocrx_word' id='word_1_487' title='bbox 1100 5707 1180 5762; x_wconf 48' lang='lat' dir='ltr'><strong>(le&#39;</strong></span> <span class='ocrx_word' id='word_1_488' title='bbox 1205 5713 1379 5775; x_wconf 78' lang='lat' dir='ltr'><strong>populo</strong></span> <span class='ocrx_word' id='word_1_489' title='bbox 1399 5716 1556 5764; x_wconf 83' lang='lat' dir='ltr'><strong>meriti</strong></span> <span class='ocrx_word' id='word_1_490' title='bbox 1576 5716 1759 5766; x_wconf 71' lang='lat' dir='ltr'><strong>czedem</strong></span> <span class='ocrx_word' id='word_1_491' title='bbox 1784 5733 1896 5768; x_wconf 81' lang='lat' dir='ltr'><strong>con-</strong></span> 
     </span>
    </p>
   </div>
   <div class='ocr_carea' id='block_1_60' title="bbox 306 5771 1893 5848">
    <p class='ocr_par' dir='ltr' id='par_1_60' title="bbox 306 5771 1893 5848">
     <span class='ocr_line' id='line_1_60' title="bbox 306 5771 1893 5848; baseline 0.006 -30"><span class='ocrx_word' id='word_1_492' title='bbox 306 5773 551 5848; x_wconf 76' lang='lat' dir='ltr'><strong>queritur,</strong></span> <span class='ocrx_word' id='word_1_493' title='bbox 570 5786 663 5848; x_wconf 66' lang='lat' dir='ltr'><strong>nop</strong></span> <span class='ocrx_word' id='word_1_494' title='bbox 680 5771 892 5848; x_wconf 69' lang='lat' dir='ltr'><strong>legitima</strong></span> <span class='ocrx_word' id='word_1_495' title='bbox 913 5782 1148 5848; x_wconf 77' lang='lat' dir='ltr'><strong>potestate</strong></span> <span class='ocrx_word' id='word_1_496' title='bbox 1169 5771 1295 5848; x_wconf 31' lang='lat' dir='ltr'><strong>,f&#39;seil</strong></span> <span class='ocrx_word' id='word_1_497' title='bbox 1317 5790 1395 5838; x_wconf 76' lang='grc' dir='ltr'><strong>μη</strong></span> <span class='ocrx_word' id='word_1_498' title='bbox 1415 5776 1478 5848; x_wconf 77' lang='lat' dir='ltr'><strong>nli</strong></span> <span class='ocrx_word' id='word_1_499' title='bbox 1497 5780 1589 5848; x_wconf 54' lang='lat' dir='ltr'><strong>lina</strong></span> <span class='ocrx_word' id='word_1_500' title='bbox 1612 5794 1666 5828; x_wconf 88' lang='lat' dir='ltr'><strong>re</strong></span> <span class='ocrx_word' id='word_1_501' title='bbox 1691 5781 1858 5830; x_wconf 68' lang='lat' dir='ltr'><strong>laetam</strong></span> <span class='ocrx_word' id='word_1_502' title='bbox 1877 5816 1893 5843; x_wconf 92' lang='lat'><strong>,</strong></span> 
     </span>
    </p>
   </div>
   <div class='ocr_carea' id='block_1_61' title="bbox 306 5831 1646 5892">
    <p class='ocr_par' dir='ltr' id='par_1_61' title="bbox 306 5831 1646 5892">
     <span class='ocr_line' id='line_1_61' title="bbox 306 5831 1646 5892; baseline 0.005 -9"><span class='ocrx_word' id='word_1_503' title='bbox 306 5831 417 5886; x_wconf 74' lang='lat' dir='ltr'><strong>eum</strong></span> <span class='ocrx_word' id='word_1_504' title='bbox 439 5835 604 5884; x_wconf 87' lang='lat' dir='ltr'><strong>insana</strong></span> <span class='ocrx_word' id='word_1_505' title='bbox 627 5831 888 5885; x_wconf 67' lang='lat' dir='ltr'><strong>furentium</strong></span> <span class='ocrx_word' id='word_1_506' title='bbox 911 5831 958 5886; x_wconf 85' lang='lat' dir='ltr'><strong>in</strong></span> <span class='ocrx_word' id='word_1_507' title='bbox 981 5839 1092 5885; x_wconf 62' lang='lat' dir='ltr'><strong>caesi</strong></span> <span class='ocrx_word' id='word_1_508' title='bbox 1117 5831 1646 5892; x_wconf 50' lang='lat' dir='ltr'><strong>-‘.:u_l&#39;:_wcr-er&#39;u.lelitate.</strong></span> 
     </span>
    </p>
   </div>
   <div class='ocr_carea' id='block_1_62' title="bbox 1685 330 2739 398">
    <p class='ocr_par' dir='ltr' id='par_1_62' title="bbox 1685 330 2739 398">
     <span class='ocr_line' id='line_1_62' title="bbox 1685 330 2739 398; baseline 0.002 -3"><span class='ocrx_word' id='word_1_509' title='bbox 1685 391 1688 395; x_wconf 88' lang='lat'><strong>.</strong></span> <span class='ocrx_word' id='word_1_510' title='bbox 1735 330 1961 398; x_wconf 73' lang='lat' dir='ltr'><strong>BERMO</strong></span> <span class='ocrx_word' id='word_1_511' title='bbox 2001 335 2192 395; x_wconf 79' lang='lat' dir='ltr'><strong>CCC”.</strong></span> <span class='ocrx_word' id='word_1_512' title='bbox 2729 331 2739 357; x_wconf 78' lang='lat'>&#39;</span> 
     </span>
    </p>
   </div>
   <div class='ocr_carea' id='block_1_63' title="bbox 3467 350 3609 416">
    <p class='ocr_par' dir='ltr' id='par_1_63' title="bbox 3467 350 3609 416">
     <span class='ocr_line' id='line_1_63' title="bbox 3467 350 3609 416; baseline 0.021 -3"><span class='ocrx_word' id='word_1_513' title='bbox 3467 350 3609 416; x_wconf 70' lang='lat'><strong>{390</strong></span> 
     </span>
    </p>
   </div>
   <div class='ocr_carea' id='block_1_64' title="bbox 2032 442 3612 538">
    <p class='ocr_par' dir='ltr' id='par_1_64' title="bbox 2032 442 3612 538">
     <span class='ocr_line' id='line_1_64' title="bbox 2032 442 3612 538; baseline 0.014 -33"><span class='ocrx_word' id='word_1_514' title='bbox 2032 463 2274 523; x_wconf 77' lang='lat' dir='ltr'><strong>potestate</strong></span> <span class='ocrx_word' id='word_1_515' title='bbox 2300 455 2504 512; x_wconf 80' lang='lat' dir='ltr'><strong>laudem</strong></span> <span class='ocrx_word' id='word_1_516' title='bbox 2533 466 2769 511; x_wconf 80' lang='lat' dir='ltr'><strong>meretur.</strong></span> <span class='ocrx_word' id='word_1_517' title='bbox 2804 457 2938 528; x_wconf 90' lang='lat' dir='ltr'><strong>Quid</strong></span> <span class='ocrx_word' id='word_1_518' title='bbox 2971 476 3117 534; x_wconf 79' lang='lat' dir='ltr'><strong>ergo,</strong></span> <span class='ocrx_word' id='word_1_519' title='bbox 3147 463 3218 519; x_wconf 88' lang='lat' dir='ltr'><strong>ait</strong></span> <span class='ocrx_word' id='word_1_520' title='bbox 3249 465 3460 538; x_wconf 84' lang='lat' dir='ltr'><strong>aliquis,</strong></span> <span class='ocrx_word' id='word_1_521' title='bbox 3478 442 3612 528; x_wconf 76' lang='lat' dir='ltr'><strong>san-</strong></span> 
     </span>
    </p>
   </div>
   <div class='ocr_carea' id='block_1_65' title="bbox 2028 547 3615 632">
    <p class='ocr_par' dir='ltr' id='par_1_65' title="bbox 2028 547 3615 632">
     <span class='ocr_line' id='line_1_65' title="bbox 2028 547 3615 632; baseline 0.013 -32"><span class='ocrx_word' id='word_1_522' title='bbox 2028 555 2144 601; x_wconf 92' lang='lat' dir='ltr'><strong>ctus</strong></span> <span class='ocrx_word' id='word_1_523' title='bbox 2166 547 2483 632; x_wconf 85' lang='lat' dir='ltr'><strong>Laurentius</strong></span> <span class='ocrx_word' id='word_1_524' title='bbox 2527 551 2722 608; x_wconf 88' lang='lat' dir='ltr'><strong>malum</strong></span> <span class='ocrx_word' id='word_1_525' title='bbox 2771 551 2988 623; x_wconf 79' lang='lat' dir='ltr'><strong>iecerat,</strong></span> <span class='ocrx_word' id='word_1_526' title='bbox 3022 563 3080 609; x_wconf 92' lang='lat' dir='ltr'><strong>ut</strong></span> <span class='ocrx_word' id='word_1_527' title='bbox 3117 571 3146 610; x_wconf 91' lang='lat' dir='ltr'><strong>a</strong></span> <span class='ocrx_word' id='word_1_528' title='bbox 3173 566 3436 632; x_wconf 88' lang='lat' dir='ltr'><strong>potestate</strong></span> <span class='ocrx_word' id='word_1_529' title='bbox 3464 562 3615 619; x_wconf 82' lang='lat' dir='ltr'><strong>occi-</strong></span> 
     </span>
    </p>
   </div>
   <div class='ocr_carea' id='block_1_66' title="bbox 2028 631 3609 727">
    <p class='ocr_par' dir='ltr' id='par_1_66' title="bbox 2028 631 3609 727">
     <span class='ocr_line' id='line_1_66' title="bbox 2028 631 3609 727; baseline 0.012 -39"><span class='ocrx_word' id='word_1_530' title='bbox 2028 631 2288 692; x_wconf 75' lang='lat' dir='ltr'><strong>deretur?</strong></span> <span class='ocrx_word' id='word_1_531' title='bbox 2319 635 2596 707; x_wconf 86' lang='lat' dir='ltr'><strong>Quomodo</strong></span> <span class='ocrx_word' id='word_1_532' title='bbox 2624 641 2675 694; x_wconf 90' lang='lat' dir='ltr'><strong>in</strong></span> <span class='ocrx_word' id='word_1_533' title='bbox 2706 633 2795 695; x_wconf 87' lang='lat' dir='ltr'><strong>illo</strong></span> <span class='ocrx_word' id='word_1_534' title='bbox 2826 643 3101 713; x_wconf 87' lang='lat' dir='ltr'><strong>impletum</strong></span> <span class='ocrx_word' id='word_1_535' title='bbox 3127 655 3241 714; x_wconf 87' lang='lat' dir='ltr'><strong>est,</strong></span> <span class='ocrx_word' id='word_1_536' title='bbox 3278 645 3477 704; x_wconf 88' lang='lat' dir='ltr'><strong>Bonum</strong></span> <span class='ocrx_word' id='word_1_537' title='bbox 3503 655 3609 727; x_wconf 82' lang='lat' dir='ltr'><strong>fac,</strong></span> 
     </span>
    </p>
   </div>
   <div class='ocr_carea' id='block_1_67' title="bbox 2029 727 3611 810">
    <p class='ocr_par' dir='ltr' id='par_1_67' title="bbox 2029 727 3611 810">
     <span class='ocr_line' id='line_1_67' title="bbox 2029 727 3611 810; baseline 0.013 -30"><span class='ocrx_word' id='word_1_538' title='bbox 2029 737 2074 780; x_wconf 88' lang='lat' dir='ltr'><strong>et</strong></span> <span class='ocrx_word' id='word_1_539' title='bbox 2121 727 2322 783; x_wconf 83' lang='lat' dir='ltr'><strong>habebis</strong></span> <span class='ocrx_word' id='word_1_540' title='bbox 2361 729 2562 786; x_wconf 77' lang='lat' dir='ltr'><strong>laudent</strong></span> <span class='ocrx_word' id='word_1_541' title='bbox 2611 749 2673 786; x_wconf 75' lang='lat' dir='ltr'><strong>ex</strong></span> <span class='ocrx_word' id='word_1_542' title='bbox 2710 733 2820 800; x_wconf 88' lang='lat' dir='ltr'><strong>illa,</strong></span> <span class='ocrx_word' id='word_1_543' title='bbox 2863 737 3076 806; x_wconf 79' lang='lat' dir='ltr'><strong>qunndo</strong></span> <span class='ocrx_word' id='word_1_544' title='bbox 3117 750 3333 810; x_wconf 88' lang='lat' dir='ltr'><strong>propter</strong></span> <span class='ocrx_word' id='word_1_545' title='bbox 3375 739 3611 800; x_wconf 74' lang='lat' dir='ltr'><strong>bouum‘</strong></span> 
     </span>
    </p>
   </div>
   <div class='ocr_carea' id='block_1_68' title="bbox 2030 819 3616 890">
    <p class='ocr_par' dir='ltr' id='par_1_68' title="bbox 2030 819 3616 890">
     <span class='ocr_line' id='line_1_68' title="bbox 2030 819 3616 890; baseline 0.013 -21"><span class='ocrx_word' id='word_1_546' title='bbox 2030 825 2202 872; x_wconf 79' lang='lat' dir='ltr'><strong>tantos</strong></span> <span class='ocrx_word' id='word_1_547' title='bbox 2230 819 2495 875; x_wconf 87' lang='lat' dir='ltr'><strong>cruciatus</strong></span> <span class='ocrx_word' id='word_1_548' title='bbox 2539 823 2729 878; x_wconf 91' lang='lat' dir='ltr'><strong>meruit</strong></span> <span class='ocrx_word' id='word_1_549' title='bbox 2755 840 2819 880; x_wconf 79' lang='lat' dir='ltr'><strong>cx</strong></span> <span class='ocrx_word' id='word_1_550' title='bbox 2850 823 2972 880; x_wconf 77' lang='lat' dir='ltr'><strong>illa?</strong></span> <span class='ocrx_word' id='word_1_551' title='bbox 3020 828 3074 882; x_wconf 91' lang='lat' dir='ltr'><strong>Si</strong></span> <span class='ocrx_word' id='word_1_552' title='bbox 3105 846 3210 885; x_wconf 89' lang='lat' dir='ltr'><strong>non</strong></span> <span class='ocrx_word' id='word_1_553' title='bbox 3259 831 3481 889; x_wconf 86' lang='lat' dir='ltr'><strong>haberet</strong></span> <span class='ocrx_word' id='word_1_554' title='bbox 3509 832 3616 890; x_wconf 87' lang='lat' dir='ltr'><strong>lau-</strong></span> 
     </span>
    </p>
   </div>
   <div class='ocr_carea' id='block_1_69' title="bbox 2027 908 3614 989">
    <p class='ocr_par' dir='ltr' id='par_1_69' title="bbox 2027 908 3614 989">
     <span class='ocr_line' id='line_1_69' title="bbox 2027 908 3614 989; baseline 0.013 -27"><span class='ocrx_word' id='word_1_555' title='bbox 2027 908 2149 964; x_wconf 90' lang='lat' dir='ltr'><strong>dem</strong></span> <span class='ocrx_word' id='word_1_556' title='bbox 2201 926 2265 964; x_wconf 85' lang='lat' dir='ltr'><strong>cx</strong></span> <span class='ocrx_word' id='word_1_557' title='bbox 2309 911 2416 979; x_wconf 79' lang='lat' dir='ltr'><strong>illa,</strong></span> <span class='ocrx_word' id='word_1_558' title='bbox 2459 909 2616 969; x_wconf 89' lang='lat' dir='ltr'><strong>hodie</strong></span> <span class='ocrx_word' id='word_1_559' title='bbox 2647 931 2750 970; x_wconf 82' lang='lat' dir='ltr'><strong>non</strong></span> <span class='ocrx_word' id='word_1_560' title='bbox 2798 915 3173 989; x_wconf 88' lang='lat' dir='ltr'><strong>honoraretur,</strong></span> <span class='ocrx_word' id='word_1_561' title='bbox 3225 939 3329 977; x_wconf 91' lang='lat' dir='ltr'><strong>non</strong></span> <span class='ocrx_word' id='word_1_562' title='bbox 3385 943 3414 979; x_wconf 86' lang='lat' dir='ltr'><strong>a</strong></span> <span class='ocrx_word' id='word_1_563' title='bbox 3460 925 3614 983; x_wconf 66' lang='lat' dir='ltr'><strong>nobis</strong></span> 
     </span>
    </p>
   </div>
   <div class='ocr_carea' id='block_1_70' title="bbox 2029 998 3615 1080">
    <p class='ocr_par' dir='ltr' id='par_1_70' title="bbox 2029 998 3615 1080">
     <span class='ocr_line' id='line_1_70' title="bbox 2029 998 3615 1080; baseline 0.015 -28"><span class='ocrx_word' id='word_1_564' title='bbox 2029 998 2425 1068; x_wconf 72' lang='lat' dir='ltr'><strong>prmdicarctur,</strong></span> <span class='ocrx_word' id='word_1_565' title='bbox 2452 1018 2555 1057; x_wconf 91' lang='lat' dir='ltr'><strong>non</strong></span> <span class='ocrx_word' id='word_1_566' title='bbox 2595 1011 3030 1080; x_wconf 69' lang='lat' dir='ltr'><strong>lanlopt‘mconio</strong></span> <span class='ocrx_word' id='word_1_567' title='bbox 3078 1011 3398 1070; x_wconf 88' lang='lat' dir='ltr'><strong>laudaretur.</strong></span> <span class='ocrx_word' id='word_1_568' title='bbox 3444 1011 3615 1075; x_wconf 85' lang='lat' dir='ltr'><strong>Habet</strong></span> 
     </span>
    </p>
   </div>
   <div class='ocr_carea' id='block_1_71' title="bbox 2028 1090 3612 1167">
    <p class='ocr_par' dir='ltr' id='par_1_71' title="bbox 2028 1090 3612 1167">
     <span class='ocr_line' id='line_1_71' title="bbox 2028 1090 3612 1167; baseline 0.015 -24"><span class='ocrx_word' id='word_1_569' title='bbox 2028 1106 2155 1161; x_wconf 83' lang='lat' dir='ltr'><strong>ergo</strong></span> <span class='ocrx_word' id='word_1_570' title='bbox 2187 1090 2396 1147; x_wconf 85' lang='lat' dir='ltr'><strong>laudem</strong></span> <span class='ocrx_word' id='word_1_571' title='bbox 2446 1110 2511 1149; x_wconf 85' lang='lat' dir='ltr'><strong>ex</strong></span> <span class='ocrx_word' id='word_1_572' title='bbox 2547 1095 2664 1164; x_wconf 89' lang='lat' dir='ltr'><strong>illa,</strong></span> <span class='ocrx_word' id='word_1_573' title='bbox 2711 1099 2868 1154; x_wconf 90' lang='lat' dir='ltr'><strong>etiam</strong></span> <span class='ocrx_word' id='word_1_574' title='bbox 2903 1101 3115 1158; x_wconf 86' lang='lat' dir='ltr'><strong>nolente</strong></span> <span class='ocrx_word' id='word_1_575' title='bbox 3159 1105 3266 1160; x_wconf 88' lang='lat' dir='ltr'><strong>illa.</strong></span> <span class='ocrx_word' id='word_1_576' title='bbox 3314 1107 3430 1163; x_wconf 86' lang='lat' dir='ltr'><strong>Non</strong></span> <span class='ocrx_word' id='word_1_577' title='bbox 3470 1113 3612 1167; x_wconf 90' lang='lat' dir='ltr'><strong>enim</strong></span> 
     </span>
    </p>
   </div>
   <div class='ocr_carea' id='block_1_72' title="bbox 2027 1182 3614 1274">
    <p class='ocr_par' dir='ltr' id='par_1_72' title="bbox 2027 1182 3614 1274">
     <span class='ocr_line' id='line_1_72' title="bbox 2027 1182 3614 1274; baseline 0.016 -39"><span class='ocrx_word' id='word_1_578' title='bbox 2027 1183 2101 1274; x_wconf 85' lang='lat' dir='ltr'><strong>ait</strong></span> <span class='ocrx_word' id='word_1_579' title='bbox 2147 1182 2469 1274; x_wconf 84' lang='lat' dir='ltr'><strong>Apostolus,</strong></span> <span class='ocrx_word' id='word_1_580' title='bbox 2517 1185 2720 1243; x_wconf 87' lang='lat' dir='ltr'><strong>Bonum</strong></span> <span class='ocrx_word' id='word_1_581' title='bbox 2762 1188 2878 1261; x_wconf 85' lang='lat' dir='ltr'><strong>lac,</strong></span> <span class='ocrx_word' id='word_1_582' title='bbox 2926 1205 2979 1250; x_wconf 89' lang='lat' dir='ltr'><strong>et</strong></span> <span class='ocrx_word' id='word_1_583' title='bbox 3029 1195 3263 1254; x_wconf 85' lang='lat' dir='ltr'><strong>laudabit</strong></span> <span class='ocrx_word' id='word_1_584' title='bbox 3299 1209 3350 1257; x_wconf 91' lang='lat' dir='ltr'><strong>te</strong></span> <span class='ocrx_word' id='word_1_585' title='bbox 3377 1213 3614 1274; x_wconf 88' lang='lat' dir='ltr'><strong>potestas</strong></span> 
     </span>
    </p>
   </div>
   <div class='ocr_carea' id='block_1_73' title="bbox 2029 1270 3652 1370">
    <p class='ocr_par' dir='ltr' id='par_1_73' title="bbox 2029 1270 3652 1370">
     <span class='ocr_line' id='line_1_73' title="bbox 2029 1270 3652 1370; baseline 0.017 -46"><span class='ocrx_word' id='word_1_586' title='bbox 2029 1272 2160 1343; x_wconf 87' lang='lat' dir='ltr'><strong>ipsa.</strong></span> <span class='ocrx_word' id='word_1_587' title='bbox 2192 1273 2393 1330; x_wconf 86' lang='lat' dir='ltr'><strong>Bonum</strong></span> <span class='ocrx_word' id='word_1_588' title='bbox 2422 1277 2572 1370; x_wconf 15' lang='lat' dir='ltr'><strong>enim,</strong></span> <span class='ocrx_word' id='word_1_589' title='bbox 2595 1277 2838 1370; x_wconf 80' lang='lat' dir='ltr'><strong>fecerunt</strong></span> <span class='ocrx_word' id='word_1_590' title='bbox 2860 1285 3098 1356; x_wconf 84' lang='lat' dir='ltr'><strong>Apostoli</strong></span> <span class='ocrx_word' id='word_1_591' title='bbox 3119 1305 3305 1345; x_wconf 90' lang='lat' dir='ltr'><strong>omnes</strong></span> <span class='ocrx_word' id='word_1_592' title='bbox 3329 1270 3392 1347; x_wconf 44' lang='lat' dir='ltr'><strong>et—</strong></span> <span class='ocrx_word' id='word_1_593' title='bbox 3414 1270 3652 1370; x_wconf 50' lang='lat' dir='ltr'><strong>many-if.</strong></span> 
     </span>
    </p>
   </div>
   <div class='ocr_carea' id='block_1_74' title="bbox 2026 1341 3659 1520">
    <p class='ocr_par' dir='ltr' id='par_1_74' title="bbox 2026 1341 3659 1520">
     <span class='ocr_line' id='line_1_74' title="bbox 2026 1341 3659 1520; baseline 0.015 -102"><span class='ocrx_word' id='word_1_594' title='bbox 2026 1380 2148 1432; x_wconf 86' lang='lat' dir='ltr'><strong>res;</strong></span> <span class='ocrx_word' id='word_1_595' title='bbox 2179 1374 2232 1421; x_wconf 89' lang='lat' dir='ltr'><strong>et</strong></span> <span class='ocrx_word' id='word_1_596' title='bbox 2271 1384 2373 1422; x_wconf 92' lang='lat' dir='ltr'><strong>non</strong></span> <span class='ocrx_word' id='word_1_597' title='bbox 2429 1384 2521 1424; x_wconf 90' lang='lat' dir='ltr'><strong>eos</strong></span> <span class='ocrx_word' id='word_1_598' title='bbox 2564 1369 2931 1444; x_wconf 77' lang='lat' dir='ltr'><strong>laudaverunt,</strong></span> <span class='ocrx_word' id='word_1_599' title='bbox 2962 1377 3053 1433; x_wconf 90' lang='lat' dir='ltr'><strong>sed</strong></span> <span class='ocrx_word' id='word_1_600' title='bbox 3102 1380 3483 1441; x_wconf 78' lang='lat' dir='ltr'><strong>interfecerunt</strong></span> <span class='ocrx_word' id='word_1_601' title='bbox 3512 1341 3656 1520; x_wconf 53' lang='lat' dir='ltr'><strong>pii-$.1-</strong></span> 
     </span>
     <span class='ocr_line' id='line_1_75' title="bbox 2028 1456 3650 1520; baseline 0.006 -10"><span class='ocrx_word' id='word_1_602' title='bbox 2028 1456 2132 1511; x_wconf 91' lang='lat' dir='ltr'><strong>tius</strong></span> <span class='ocrx_word' id='word_1_603' title='bbox 2161 1467 2472 1520; x_wconf 83' lang='lat' dir='ltr'><strong>potestates.</strong></span> <span class='ocrx_word' id='word_1_604' title='bbox 2504 1463 2643 1520; x_wconf 77' lang='lat' dir='ltr'><strong>Erae</strong></span> <span class='ocrx_word' id='word_1_605' title='bbox 2675 1463 2718 1518; x_wconf 74' lang='lat' dir='ltr'><strong>si</strong></span> <span class='ocrx_word' id='word_1_606' title='bbox 2746 1463 2970 1520; x_wconf 79' lang='lat' dir='ltr'><strong>diceret.</strong></span> <span class='ocrx_word' id='word_1_607' title='bbox 3004 1467 3203 1520; x_wconf 85' lang='lat' dir='ltr'><strong>Bonum</strong></span> <span class='ocrx_word' id='word_1_608' title='bbox 3235 1473 3346 1520; x_wconf 51' lang='lat' dir='ltr'><strong>tam</strong></span> <span class='ocrx_word' id='word_1_609' title='bbox 3400 1487 3454 1520; x_wconf 76' lang='grc' dir='ltr'><strong>ρι</strong></span> <span class='ocrx_word' id='word_1_610' title='bbox 3497 1478 3612 1520; x_wconf 71' lang='lat' dir='ltr'><strong>tm...</strong></span> <span class='ocrx_word' id='word_1_611' title='bbox 3633 1509 3650 1520; x_wconf 50' lang='grc' dir='ltr'>η</span> 
     </span>
    </p>
   </div>
   <div class='ocr_carea' id='block_1_75' title="bbox 2028 1456 3658 1556">
    <p class='ocr_par' dir='ltr' id='par_1_75' title="bbox 2028 1456 3658 1556">
     <span class='ocr_line' id='line_1_76' title="bbox 2028 1456 3658 1556; baseline 0.017 -47"><span class='ocrx_word' id='word_1_612' title='bbox 2028 1456 2132 1511; x_wconf 91' lang='lat' dir='ltr'><strong>tius</strong></span> <span class='ocrx_word' id='word_1_613' title='bbox 2161 1467 2472 1528; x_wconf 84' lang='lat' dir='ltr'><strong>potestates.</strong></span> <span class='ocrx_word' id='word_1_614' title='bbox 2504 1463 2643 1532; x_wconf 79' lang='lat' dir='ltr'><strong>Ergo</strong></span> <span class='ocrx_word' id='word_1_615' title='bbox 2675 1463 2718 1518; x_wconf 74' lang='lat' dir='ltr'><strong>si</strong></span> <span class='ocrx_word' id='word_1_616' title='bbox 2746 1463 2970 1536; x_wconf 73' lang='lat' dir='ltr'><strong>diceret,</strong></span> <span class='ocrx_word' id='word_1_617' title='bbox 3004 1467 3204 1526; x_wconf 88' lang='lat' dir='ltr'><strong>Donum</strong></span> <span class='ocrx_word' id='word_1_618' title='bbox 3235 1473 3313 1530; x_wconf 85' lang='lat' dir='ltr'><strong>lac</strong></span> <span class='ocrx_word' id='word_1_619' title='bbox 3334 1518 3349 1543; x_wconf 95' lang='lat'><strong>,</strong></span> <span class='ocrx_word' id='word_1_620' title='bbox 3400 1487 3455 1532; x_wconf 91' lang='lat' dir='ltr'><strong>et</strong></span> <span class='ocrx_word' id='word_1_621' title='bbox 3495 1456 3658 1556; x_wconf 56' lang='lat' dir='ltr'><strong>tiu-2,</strong></span> 
     </span>
    </p>
   </div>
   <div class='ocr_carea' id='block_1_76' title="bbox 2027 1549 3656 1642">
    <p class='ocr_par' dir='ltr' id='par_1_76' title="bbox 2027 1549 3656 1642">
     <span class='ocr_line' id='line_1_77' title="bbox 2027 1549 3656 1642; baseline 0.015 -38"><span class='ocrx_word' id='word_1_622' title='bbox 2027 1549 2172 1642; x_wconf 84' lang='lat' dir='ltr'><strong>dabit</strong></span> <span class='ocrx_word' id='word_1_623' title='bbox 2198 1560 2249 1608; x_wconf 90' lang='lat' dir='ltr'><strong>te</strong></span> <span class='ocrx_word' id='word_1_624' title='bbox 2268 1563 2526 1624; x_wconf 79' lang='lat' dir='ltr'><strong>potestas,</strong></span> <span class='ocrx_word' id='word_1_625' title='bbox 2546 1555 2815 1628; x_wconf 87' lang='lat' dir='ltr'><strong>deciperet</strong></span> <span class='ocrx_word' id='word_1_626' title='bbox 2837 1569 2905 1612; x_wconf 87' lang='lat' dir='ltr'><strong>te.</strong></span> <span class='ocrx_word' id='word_1_627' title='bbox 2928 1559 3080 1617; x_wconf 85' lang='lat' dir='ltr'><strong>Modo</strong></span> <span class='ocrx_word' id='word_1_628' title='bbox 3097 1575 3270 1621; x_wconf 88' lang='lat' dir='ltr'><strong>autem</strong></span> <span class='ocrx_word' id='word_1_629' title='bbox 3296 1549 3656 1642; x_wconf 45' lang='lat' dir='ltr'><strong>temperavit:</strong></span> 
     </span>
    </p>
   </div>
   <div class='ocr_carea' id='block_1_77' title="bbox 2030 1641 3610 1727">
    <p class='ocr_par' dir='ltr' id='par_1_77' title="bbox 2030 1641 3610 1727">
     <span class='ocr_line' id='line_1_78' title="bbox 2030 1641 3610 1727; baseline 0.016 -34"><span class='ocrx_word' id='word_1_630' title='bbox 2030 1641 2190 1696; x_wconf 86' lang='lat' dir='ltr'><strong>verba</strong></span> <span class='ocrx_word' id='word_1_631' title='bbox 2213 1685 2225 1707; x_wconf 94' lang='lat'><strong>,</strong></span> <span class='ocrx_word' id='word_1_632' title='bbox 2258 1643 2638 1716; x_wconf 71' lang='lat' dir='ltr'><strong>circumSpexit</strong></span> <span class='ocrx_word' id='word_1_633' title='bbox 2660 1689 2675 1714; x_wconf 97' lang='lat'><strong>,</strong></span> <span class='ocrx_word' id='word_1_634' title='bbox 2705 1649 2976 1722; x_wconf 90' lang='lat' dir='ltr'><strong>appendit,</strong></span> <span class='ocrx_word' id='word_1_635' title='bbox 3007 1654 3314 1713; x_wconf 85' lang='lat' dir='ltr'><strong>moderatus</strong></span> <span class='ocrx_word' id='word_1_636' title='bbox 3343 1641 3458 1727; x_wconf 88' lang='lat' dir='ltr'><strong>est,</strong></span> <span class='ocrx_word' id='word_1_637' title='bbox 3499 1664 3610 1718; x_wconf 86' lang='lat' dir='ltr'><strong>cir-</strong></span> 
     </span>
    </p>
   </div>
   <div class='ocr_carea' id='block_1_78' title="bbox 2026 1733 3611 1821">
    <p class='ocr_par' dir='ltr' id='par_1_78' title="bbox 2026 1733 3611 1821">
     <span class='ocr_line' id='line_1_79' title="bbox 2026 1733 3611 1821; baseline 0.015 -34"><span class='ocrx_word' id='word_1_638' title='bbox 2026 1734 2295 1788; x_wconf 87' lang='lat' dir='ltr'><strong>cumcidit.</strong></span> <span class='ocrx_word' id='word_1_639' title='bbox 2329 1733 2524 1792; x_wconf 90' lang='lat' dir='ltr'><strong>Discite</strong></span> <span class='ocrx_word' id='word_1_640' title='bbox 2553 1739 2692 1808; x_wconf 87' lang='lat' dir='ltr'><strong>quod</strong></span> <span class='ocrx_word' id='word_1_641' title='bbox 2716 1740 2936 1796; x_wconf 87' lang='lat' dir='ltr'><strong>audistis</strong></span> <span class='ocrx_word' id='word_1_642' title='bbox 2966 1761 2979 1798; x_wconf 90' lang='lat'><strong>:</strong></span> <span class='ocrx_word' id='word_1_643' title='bbox 3005 1742 3201 1801; x_wconf 82' lang='lat' dir='ltr'><strong>Bonum</strong></span> <span class='ocrx_word' id='word_1_644' title='bbox 3229 1752 3312 1821; x_wconf 81' lang='lat' dir='ltr'><strong>fac</strong></span> <span class='ocrx_word' id='word_1_645' title='bbox 3332 1792 3346 1816; x_wconf 92' lang='lat'><strong>,</strong></span> <span class='ocrx_word' id='word_1_646' title='bbox 3375 1761 3420 1806; x_wconf 86' lang='lat' dir='ltr'><strong>et</strong></span> <span class='ocrx_word' id='word_1_647' title='bbox 3454 1751 3611 1810; x_wconf 85' lang='lat' dir='ltr'><strong>habe-</strong></span> 
     </span>
    </p>
   </div>
   <div class='ocr_carea' id='block_1_79' title="bbox 2026 1822 3609 1905">
    <p class='ocr_par' dir='ltr' id='par_1_79' title="bbox 2026 1822 3609 1905">
     <span class='ocr_line' id='line_1_80' title="bbox 2026 1822 3609 1905; baseline 0.015 -30"><span class='ocrx_word' id='word_1_648' title='bbox 2026 1822 2099 1876; x_wconf 84' lang='lat' dir='ltr'><strong>bis</strong></span> <span class='ocrx_word' id='word_1_649' title='bbox 2126 1825 2325 1879; x_wconf 82' lang='lat' dir='ltr'><strong>laudem</strong></span> <span class='ocrx_word' id='word_1_650' title='bbox 2349 1842 2412 1879; x_wconf 75' lang='lat' dir='ltr'><strong>ea:</strong></span> <span class='ocrx_word' id='word_1_651' title='bbox 2435 1827 2559 1892; x_wconf 88' lang='lat' dir='ltr'><strong>illa;</strong></span> <span class='ocrx_word' id='word_1_652' title='bbox 2585 1829 2744 1884; x_wconf 89' lang='lat' dir='ltr'><strong>etiam</strong></span> <span class='ocrx_word' id='word_1_653' title='bbox 2773 1831 2883 1901; x_wconf 89' lang='lat' dir='ltr'><strong>ipsa</strong></span> <span class='ocrx_word' id='word_1_654' title='bbox 2915 1831 3196 1905; x_wconf 87' lang='lat' dir='ltr'><strong>laudante,</strong></span> <span class='ocrx_word' id='word_1_655' title='bbox 3246 1838 3290 1894; x_wconf 91' lang='lat' dir='ltr'><strong>si</strong></span> <span class='ocrx_word' id='word_1_656' title='bbox 3335 1841 3474 1898; x_wconf 89' lang='lat' dir='ltr'><strong>bona</strong></span> <span class='ocrx_word' id='word_1_657' title='bbox 3506 1853 3609 1901; x_wconf 89' lang='lat' dir='ltr'><strong>est.</strong></span> 
     </span>
    </p>
   </div>
   <div class='ocr_carea' id='block_1_80' title="bbox 2025 1916 3614 2008">
    <p class='ocr_par' dir='ltr' id='par_1_80' title="bbox 2025 1916 3614 2008">
     <span class='ocr_line' id='line_1_81' title="bbox 2025 1916 3614 2008; baseline 0.014 -37"><span class='ocrx_word' id='word_1_658' title='bbox 2025 1916 2078 1971; x_wconf 91' lang='lat' dir='ltr'><strong>Si</strong></span> <span class='ocrx_word' id='word_1_659' title='bbox 2107 1927 2282 1971; x_wconf 88' lang='lat' dir='ltr'><strong>autem</strong></span> <span class='ocrx_word' id='word_1_660' title='bbox 2316 1917 2492 1989; x_wconf 89' lang='lat' dir='ltr'><strong>iniqua</strong></span> <span class='ocrx_word' id='word_1_661' title='bbox 2524 1929 2622 1985; x_wconf 75' lang='lat' dir='ltr'><strong>cst,</strong></span> <span class='ocrx_word' id='word_1_662' title='bbox 2658 1933 2900 1980; x_wconf 92' lang='lat' dir='ltr'><strong>mortuus</strong></span> <span class='ocrx_word' id='word_1_663' title='bbox 2949 1942 3043 1995; x_wconf 90' lang='lat' dir='ltr'><strong>pro</strong></span> <span class='ocrx_word' id='word_1_664' title='bbox 3085 1929 3206 2000; x_wconf 84' lang='lat' dir='ltr'><strong>ﬁde,</strong></span> <span class='ocrx_word' id='word_1_665' title='bbox 3243 1949 3340 2002; x_wconf 91' lang='lat' dir='ltr'><strong>pro</strong></span> <span class='ocrx_word' id='word_1_666' title='bbox 3369 1933 3570 2006; x_wconf 88' lang='lat' dir='ltr'><strong>justitia</strong></span> <span class='ocrx_word' id='word_1_667' title='bbox 3592 1979 3614 2008; x_wconf 84' lang='lat'><strong>,</strong></span> 
     </span>
    </p>
   </div>
   <div class='ocr_carea' id='block_1_81' title="bbox 2027 2011 3615 2090">
    <p class='ocr_par' dir='ltr' id='par_1_81' title="bbox 2027 2011 3615 2090">
     <span class='ocr_line' id='line_1_82' title="bbox 2027 2011 3615 2090; baseline 0.018 -32"><span class='ocrx_word' id='word_1_668' title='bbox 2027 2024 2122 2076; x_wconf 86' lang='lat' dir='ltr'><strong>pro</strong></span> <span class='ocrx_word' id='word_1_669' title='bbox 2178 2011 2438 2078; x_wconf 89' lang='lat' dir='ltr'><strong>veritate,</strong></span> <span class='ocrx_word' id='word_1_670' title='bbox 2493 2011 2713 2070; x_wconf 89' lang='lat' dir='ltr'><strong>habebis</strong></span> <span class='ocrx_word' id='word_1_671' title='bbox 2774 2015 2982 2072; x_wconf 89' lang='lat' dir='ltr'><strong>laudem</strong></span> <span class='ocrx_word' id='word_1_672' title='bbox 3029 2037 3093 2076; x_wconf 83' lang='lat' dir='ltr'><strong>ex</strong></span> <span class='ocrx_word' id='word_1_673' title='bbox 3136 2022 3259 2090; x_wconf 91' lang='lat' dir='ltr'><strong>illa;</strong></span> <span class='ocrx_word' id='word_1_674' title='bbox 3306 2027 3465 2082; x_wconf 88' lang='lat' dir='ltr'><strong>etiam</strong></span> <span class='ocrx_word' id='word_1_675' title='bbox 3510 2045 3615 2088; x_wconf 79' lang='lat' dir='ltr'><strong>sa:-</strong></span> 
     </span>
    </p>
   </div>
   <div class='ocr_carea' id='block_1_82' title="bbox 2025 2099 3607 2192">
    <p class='ocr_par' dir='ltr' id='par_1_82' title="bbox 2025 2099 3607 2192">
     <span class='ocr_line' id='line_1_83' title="bbox 2025 2099 3607 2192; baseline 0.016 -39"><span class='ocrx_word' id='word_1_676' title='bbox 2025 2099 2200 2192; x_wconf 87' lang='lat' dir='ltr'><strong>viente</strong></span> <span class='ocrx_word' id='word_1_677' title='bbox 2233 2101 2339 2157; x_wconf 89' lang='lat' dir='ltr'><strong>illa.</strong></span> <span class='ocrx_word' id='word_1_678' title='bbox 2369 2103 2444 2158; x_wconf 85' lang='lat' dir='ltr'><strong>Ex</strong></span> <span class='ocrx_word' id='word_1_679' title='bbox 2481 2104 2564 2158; x_wconf 90' lang='lat' dir='ltr'><strong>illa</strong></span> <span class='ocrx_word' id='word_1_680' title='bbox 2593 2107 2734 2161; x_wconf 90' lang='lat' dir='ltr'><strong>enim</strong></span> <span class='ocrx_word' id='word_1_681' title='bbox 2777 2105 3020 2177; x_wconf 88' lang='lat' dir='ltr'><strong>habebis,</strong></span> <span class='ocrx_word' id='word_1_682' title='bbox 3043 2129 3145 2168; x_wconf 91' lang='lat' dir='ltr'><strong>non</strong></span> <span class='ocrx_word' id='word_1_683' title='bbox 3178 2115 3292 2186; x_wconf 87' lang='lat' dir='ltr'><strong>ipsa</strong></span> <span class='ocrx_word' id='word_1_684' title='bbox 3320 2117 3569 2178; x_wconf 88' lang='lat' dir='ltr'><strong>laudante</strong></span> <span class='ocrx_word' id='word_1_685' title='bbox 3589 2166 3607 2192; x_wconf 92' lang='lat'><strong>,</strong></span> 
     </span>
    </p>
   </div>
   <div class='ocr_carea' id='block_1_83' title="bbox 2024 2191 3613 2282">
    <p class='ocr_par' dir='ltr' id='par_1_83' title="bbox 2024 2191 3613 2282">
     <span class='ocr_line' id='line_1_84' title="bbox 2024 2191 3613 2282; baseline 0.018 -38"><span class='ocrx_word' id='word_1_686' title='bbox 2024 2191 2117 2246; x_wconf 89' lang='lat' dir='ltr'><strong>sed</strong></span> <span class='ocrx_word' id='word_1_687' title='bbox 2142 2191 2250 2262; x_wconf 86' lang='lat' dir='ltr'><strong>ipsa</strong></span> <span class='ocrx_word' id='word_1_688' title='bbox 2276 2192 2365 2248; x_wconf 90' lang='lat' dir='ltr'><strong>tibi</strong></span> <span class='ocrx_word' id='word_1_689' title='bbox 2388 2195 2555 2250; x_wconf 90' lang='lat' dir='ltr'><strong>laudis</strong></span> <span class='ocrx_word' id='word_1_690' title='bbox 2577 2199 2910 2256; x_wconf 88' lang='lat' dir='ltr'><strong>occasionem</strong></span> <span class='ocrx_word' id='word_1_691' title='bbox 2933 2204 3226 2274; x_wconf 81' lang='lat' dir='ltr'><strong>praebente.</strong></span> <span class='ocrx_word' id='word_1_692' title='bbox 3253 2205 3392 2282; x_wconf 78' lang='lat' dir='ltr'><strong>Ergo</strong></span> <span class='ocrx_word' id='word_1_693' title='bbox 3413 2191 3613 2271; x_wconf 78' lang='lat' dir='ltr'><strong>bonum</strong></span> 
     </span>
    </p>
   </div>
   <div class='ocr_carea' id='block_1_84' title="bbox 2025 2282 2973 2352">
    <p class='ocr_par' dir='ltr' id='par_1_84' title="bbox 2025 2282 2973 2352">
     <span class='ocr_line' id='line_1_85' title="bbox 2025 2282 2973 2352; baseline 0.012 -16"><span class='ocrx_word' id='word_1_694' title='bbox 2025 2282 2127 2352; x_wconf 82' lang='lat' dir='ltr'><strong>fac,</strong></span> <span class='ocrx_word' id='word_1_695' title='bbox 2161 2294 2214 2339; x_wconf 87' lang='lat' dir='ltr'><strong>et</strong></span> <span class='ocrx_word' id='word_1_696' title='bbox 2244 2286 2494 2351; x_wconf 84' lang='lat' dir='ltr'><strong>habebis,</strong></span> <span class='ocrx_word' id='word_1_697' title='bbox 2529 2299 2582 2344; x_wconf 91' lang='lat' dir='ltr'><strong>et</strong></span> <span class='ocrx_word' id='word_1_698' title='bbox 2607 2306 2826 2347; x_wconf 90' lang='lat' dir='ltr'><strong>securus</strong></span> <span class='ocrx_word' id='word_1_699' title='bbox 2849 2296 2973 2351; x_wconf 91' lang='lat' dir='ltr'><strong>eris.</strong></span> 
     </span>
    </p>
   </div>
   <div class='ocr_carea' id='block_1_85' title="bbox 2093 2371 3613 2460">
    <p class='ocr_par' dir='ltr' id='par_1_85' title="bbox 2093 2371 3613 2460">
     <span class='ocr_line' id='line_1_86' title="bbox 2093 2371 3613 2460; baseline 0.016 -31"><span class='ocrx_word' id='word_1_700' title='bbox 2093 2371 2319 2432; x_wconf 82' lang='lat' dir='ltr'><strong>CAPUT</strong></span> <span class='ocrx_word' id='word_1_701' title='bbox 2359 2378 2590 2434; x_wconf 83' lang='lat' dir='ltr'><strong>XlV.-——</strong></span> <span class='ocrx_word' id='word_1_702' title='bbox 2617 2383 2698 2439; x_wconf 77' lang='lat' dir='ltr'><strong>l5.</strong></span> <span class='ocrx_word' id='word_1_703' title='bbox 2739 2382 2909 2441; x_wconf 80' lang='lat' dir='ltr'><strong>Malos</strong></span> <span class='ocrx_word' id='word_1_704' title='bbox 2947 2387 3228 2460; x_wconf 80' lang='lat' dir='ltr'><strong>interﬁcere</strong></span> <span class='ocrx_word' id='word_1_705' title='bbox 3271 2411 3371 2449; x_wconf 89' lang='lat' dir='ltr'><strong>non</strong></span> <span class='ocrx_word' id='word_1_706' title='bbox 3411 2397 3613 2454; x_wconf 78' lang='lat' dir='ltr'><strong>cuilibet</strong></span> 
     </span>
    </p>
   </div>
   <div class='ocr_carea' id='block_1_86' title="bbox 2022 2465 3603 2558">
    <p class='ocr_par' dir='ltr' id='par_1_86' title="bbox 2022 2465 3603 2558">
     <span class='ocr_line' id='line_1_87' title="bbox 2022 2465 3603 2558; baseline 0.017 -40"><span class='ocrx_word' id='word_1_707' title='bbox 2022 2465 2154 2520; x_wconf 83' lang='lat' dir='ltr'><strong>licet.</strong></span> <span class='ocrx_word' id='word_1_708' title='bbox 2184 2466 2290 2558; x_wconf 82' lang='lat' dir='ltr'><strong>Sed</strong></span> <span class='ocrx_word' id='word_1_709' title='bbox 2322 2470 2490 2524; x_wconf 89' lang='lat' dir='ltr'><strong>malus</strong></span> <span class='ocrx_word' id='word_1_710' title='bbox 2531 2472 2620 2526; x_wconf 91' lang='lat' dir='ltr'><strong>ille</strong></span> <span class='ocrx_word' id='word_1_711' title='bbox 2675 2481 2820 2530; x_wconf 79' lang='lat' dir='ltr'><strong>tanta</strong></span> <span class='ocrx_word' id='word_1_712' title='bbox 2868 2475 3025 2547; x_wconf 79' lang='lat' dir='ltr'><strong>fecit,</strong></span> <span class='ocrx_word' id='word_1_713' title='bbox 3075 2490 3251 2539; x_wconf 89' lang='lat' dir='ltr'><strong>tantos</strong></span> <span class='ocrx_word' id='word_1_714' title='bbox 3300 2489 3603 2558; x_wconf 85' lang='lat' dir='ltr'><strong>oppressit,</strong></span> 
     </span>
    </p>
   </div>
   <div class='ocr_carea' id='block_1_87' title="bbox 2021 2555 3608 2643">
    <p class='ocr_par' dir='ltr' id='par_1_87' title="bbox 2021 2555 3608 2643">
     <span class='ocr_line' id='line_1_88' title="bbox 2021 2555 3608 2643; baseline 0.017 -35"><span class='ocrx_word' id='word_1_715' title='bbox 2021 2562 2195 2610; x_wconf 87' lang='lat' dir='ltr'><strong>tantos</strong></span> <span class='ocrx_word' id='word_1_716' title='bbox 2228 2555 2294 2611; x_wconf 89' lang='lat' dir='ltr'><strong>ad</strong></span> <span class='ocrx_word' id='word_1_717' title='bbox 2337 2559 2731 2617; x_wconf 87' lang='lat' dir='ltr'><strong>mendicitatem</strong></span> <span class='ocrx_word' id='word_1_718' title='bbox 2771 2576 3171 2641; x_wconf 80' lang='lat' dir='ltr'><strong>egestatemque</strong></span> <span class='ocrx_word' id='word_1_719' title='bbox 3201 2555 3466 2643; x_wconf 70' lang='lat' dir='ltr'><strong>perduitit.</strong></span> <span class='ocrx_word' id='word_1_720' title='bbox 3502 2555 3608 2634; x_wconf 53' lang='lat' dir='ltr'><strong>Ha;</strong></span> 
     </span>
    </p>
   </div>
   <div class='ocr_carea' id='block_1_88' title="bbox 2021 2645 3607 2726">
    <p class='ocr_par' dir='ltr' id='par_1_88' title="bbox 2021 2645 3607 2726">
     <span class='ocr_line' id='line_1_89' title="bbox 2021 2645 3607 2726; baseline 0.018 -27"><span class='ocrx_word' id='word_1_721' title='bbox 2021 2645 2111 2700; x_wconf 91' lang='lat' dir='ltr'><strong>bet</strong></span> <span class='ocrx_word' id='word_1_722' title='bbox 2131 2647 2336 2717; x_wconf 89' lang='lat' dir='ltr'><strong>judices</strong></span> <span class='ocrx_word' id='word_1_723' title='bbox 2367 2664 2526 2719; x_wconf 89' lang='lat' dir='ltr'><strong>suos,</strong></span> <span class='ocrx_word' id='word_1_724' title='bbox 2557 2650 2716 2708; x_wconf 87' lang='lat' dir='ltr'><strong>habet</strong></span> <span class='ocrx_word' id='word_1_725' title='bbox 2743 2665 3033 2725; x_wconf 86' lang='lat' dir='ltr'><strong>potestates</strong></span> <span class='ocrx_word' id='word_1_726' title='bbox 3060 2677 3203 2717; x_wconf 90' lang='lat' dir='ltr'><strong>suas.</strong></span> <span class='ocrx_word' id='word_1_727' title='bbox 3240 2665 3494 2724; x_wconf 89' lang='lat' dir='ltr'><strong>Ordinata</strong></span> <span class='ocrx_word' id='word_1_728' title='bbox 3522 2679 3607 2726; x_wconf 89' lang='lat' dir='ltr'><strong>est</strong></span> 
     </span>
    </p>
   </div>
   <div class='ocr_carea' id='block_1_89' title="bbox 2019 2739 3604 2835">
    <p class='ocr_par' dir='ltr' id='par_1_89' title="bbox 2019 2739 3604 2835">
     <span class='ocr_line' id='line_1_90' title="bbox 2019 2739 3604 2835; baseline 0.018 -43"><span class='ocrx_word' id='word_1_729' title='bbox 2019 2739 2338 2835; x_wconf 71' lang='lat' dir='ltr'><strong>respublica.</strong></span> <span class='ocrx_word' id='word_1_730' title='bbox 2365 2743 2492 2809; x_wconf 76' lang='lat' dir='ltr'><strong>Qua:</strong></span> <span class='ocrx_word' id='word_1_731' title='bbox 2518 2746 2805 2815; x_wconf 83' lang='lat' dir='ltr'><strong>enimsunt,</strong></span> <span class='ocrx_word' id='word_1_732' title='bbox 2827 2768 2857 2802; x_wconf 85' lang='grc' dir='ltr'><em>α</em></span> <span class='ocrx_word' id='word_1_733' title='bbox 2887 2751 2991 2806; x_wconf 88' lang='lat' dir='ltr'><strong>Deo</strong></span> <span class='ocrx_word' id='word_1_734' title='bbox 3021 2757 3269 2813; x_wconf 77' lang='lat' dir='ltr'><strong>ordinata:</strong></span> <span class='ocrx_word' id='word_1_735' title='bbox 3286 2770 3401 2815; x_wconf 81' lang='lat' dir='ltr'><strong>sunt</strong></span> <span class='ocrx_word' id='word_1_736' title='bbox 3427 2762 3604 2835; x_wconf 81' lang='lat' dir='ltr'><strong>(Rom.</strong></span> 
     </span>
    </p>
   </div>
   <div class='ocr_carea' id='block_1_90' title="bbox 2018 2825 3609 2926">
    <p class='ocr_par' dir='ltr' id='par_1_90' title="bbox 2018 2825 3609 2926">
     <span class='ocr_line' id='line_1_91' title="bbox 2018 2825 3609 2926; baseline 0.018 -42"><span class='ocrx_word' id='word_1_737' title='bbox 2018 2844 2132 2926; x_wconf 81' lang='lat' dir='ltr'><strong>xui,</strong></span> <span class='ocrx_word' id='word_1_738' title='bbox 2168 2825 2306 2901; x_wconf 72' lang='grc'><strong>1-4).</strong></span> <span class='ocrx_word' id='word_1_739' title='bbox 2337 2832 2414 2887; x_wconf 87' lang='lat' dir='ltr'><strong>Tu</strong></span> <span class='ocrx_word' id='word_1_740' title='bbox 2441 2851 2604 2905; x_wconf 85' lang='lat' dir='ltr'><strong>quare</strong></span> <span class='ocrx_word' id='word_1_741' title='bbox 2628 2840 2820 2894; x_wconf 72' lang='lat' dir='ltr'><strong>szevis?</strong></span> <span class='ocrx_word' id='word_1_742' title='bbox 2844 2841 3012 2910; x_wconf 91' lang='lat' dir='ltr'><strong>Quam</strong></span> <span class='ocrx_word' id='word_1_743' title='bbox 3054 2856 3370 2916; x_wconf 86' lang='lat' dir='ltr'><strong>potestatein</strong></span> <span class='ocrx_word' id='word_1_744' title='bbox 3398 2825 3609 2926; x_wconf 76' lang='lat' dir='ltr'><strong>accepi-</strong></span> 
     </span>
    </p>
   </div>
   <div class='ocr_carea' id='block_1_91' title="bbox 2017 2921 3608 3013">
    <p class='ocr_par' dir='ltr' id='par_1_91' title="bbox 2017 2921 3608 3013">
     <span class='ocr_line' id='line_1_92' title="bbox 2017 2921 3608 3013; baseline 0.017 -37"><span class='ocrx_word' id='word_1_745' title='bbox 2017 2921 2106 2989; x_wconf 85' lang='lat' dir='ltr'><strong>sti,</strong></span> <span class='ocrx_word' id='word_1_746' title='bbox 2141 2925 2239 2978; x_wconf 90' lang='lat' dir='ltr'><strong>nisi</strong></span> <span class='ocrx_word' id='word_1_747' title='bbox 2272 2925 2392 2994; x_wconf 85' lang='lat' dir='ltr'><strong>quia</strong></span> <span class='ocrx_word' id='word_1_748' title='bbox 2441 2943 2545 2982; x_wconf 88' lang='lat' dir='ltr'><strong>non</strong></span> <span class='ocrx_word' id='word_1_749' title='bbox 2592 2939 2715 2984; x_wconf 88' lang='lat' dir='ltr'><strong>sunt</strong></span> <span class='ocrx_word' id='word_1_750' title='bbox 2756 2930 2852 2986; x_wconf 89' lang='lat' dir='ltr'><strong>ista</strong></span> <span class='ocrx_word' id='word_1_751' title='bbox 2907 2934 3113 3004; x_wconf 88' lang='lat' dir='ltr'><strong>publica</strong></span> <span class='ocrx_word' id='word_1_752' title='bbox 3167 2942 3460 3013; x_wconf 90' lang='lat' dir='ltr'><strong>supplicia,</strong></span> <span class='ocrx_word' id='word_1_753' title='bbox 3511 2921 3608 3003; x_wconf 79' lang='lat' dir='ltr'><strong>sed</strong></span> 
     </span>
    </p>
   </div>
   <div class='ocr_carea' id='block_1_92' title="bbox 2017 3017 3607 3108">
    <p class='ocr_par' dir='ltr' id='par_1_92' title="bbox 2017 3017 3607 3108">
     <span class='ocr_line' id='line_1_93' title="bbox 2017 3017 3607 3108; baseline 0.017 -41"><span class='ocrx_word' id='word_1_754' title='bbox 2017 3025 2198 3108; x_wconf 82' lang='lat' dir='ltr'><strong>aperta</strong></span> <span class='ocrx_word' id='word_1_755' title='bbox 2232 3017 2549 3073; x_wconf 88' lang='lat' dir='ltr'><strong>latrocinia?</strong></span> <span class='ocrx_word' id='word_1_756' title='bbox 2597 3022 2734 3088; x_wconf 89' lang='lat' dir='ltr'><strong>Quid</strong></span> <span class='ocrx_word' id='word_1_757' title='bbox 2784 3026 2965 3080; x_wconf 86' lang='lat' dir='ltr'><strong>enim?</strong></span> <span class='ocrx_word' id='word_1_758' title='bbox 3011 3028 3360 3089; x_wconf 87' lang='lat' dir='ltr'><strong>Considerate</strong></span> <span class='ocrx_word' id='word_1_759' title='bbox 3391 3036 3442 3091; x_wconf 92' lang='lat' dir='ltr'><strong>in</strong></span> <span class='ocrx_word' id='word_1_760' title='bbox 3475 3037 3607 3108; x_wconf 85' lang='lat' dir='ltr'><strong>ipsis</strong></span> 
     </span>
    </p>
   </div>
   <div class='ocr_carea' id='block_1_93' title="bbox 2014 3107 3602 3194">
    <p class='ocr_par' dir='ltr' id='par_1_93' title="bbox 2014 3107 3602 3194">
     <span class='ocr_line' id='line_1_94' title="bbox 2014 3107 3602 3194; baseline 0.016 -34"><span class='ocrx_word' id='word_1_761' title='bbox 2014 3107 2292 3164; x_wconf 80' lang='lat' dir='ltr'><strong>ordinibus</strong></span> <span class='ocrx_word' id='word_1_762' title='bbox 2315 3120 2656 3180; x_wconf 86' lang='lat' dir='ltr'><strong>potestatum,</strong></span> <span class='ocrx_word' id='word_1_763' title='bbox 2682 3114 3001 3174; x_wconf 90' lang='lat' dir='ltr'><strong>destinatum</strong></span> <span class='ocrx_word' id='word_1_764' title='bbox 3032 3125 3294 3194; x_wconf 88' lang='lat' dir='ltr'><strong>supplicio</strong></span> <span class='ocrx_word' id='word_1_765' title='bbox 3315 3136 3368 3183; x_wconf 89' lang='lat' dir='ltr'><strong>et</strong></span> <span class='ocrx_word' id='word_1_766' title='bbox 3387 3107 3602 3186; x_wconf 81' lang='lat' dir='ltr'><strong>damna-</strong></span> 
     </span>
    </p>
   </div>
   <div class='ocr_carea' id='block_1_94' title="bbox 2017 3199 3607 3285">
    <p class='ocr_par' dir='ltr' id='par_1_94' title="bbox 2017 3199 3607 3285">
     <span class='ocr_line' id='line_1_95' title="bbox 2017 3199 3607 3285; baseline 0.016 -33"><span class='ocrx_word' id='word_1_767' title='bbox 2017 3208 2127 3253; x_wconf 90' lang='lat' dir='ltr'><strong>tum</strong></span> <span class='ocrx_word' id='word_1_768' title='bbox 2151 3241 2164 3264; x_wconf 94' lang='lat'><strong>,</strong></span> <span class='ocrx_word' id='word_1_769' title='bbox 2194 3199 2278 3254; x_wconf 88' lang='lat' dir='ltr'><strong>cui</strong></span> <span class='ocrx_word' id='word_1_770' title='bbox 2306 3202 2508 3270; x_wconf 79' lang='lat' dir='ltr'><strong>gladius</strong></span> <span class='ocrx_word' id='word_1_771' title='bbox 2541 3204 2805 3275; x_wconf 89' lang='lat' dir='ltr'><strong>imminet,</strong></span> <span class='ocrx_word' id='word_1_772' title='bbox 2837 3225 2940 3263; x_wconf 91' lang='lat' dir='ltr'><strong>non</strong></span> <span class='ocrx_word' id='word_1_773' title='bbox 2985 3211 3147 3267; x_wconf 89' lang='lat' dir='ltr'><strong>licere</strong></span> <span class='ocrx_word' id='word_1_774' title='bbox 3188 3216 3352 3285; x_wconf 86' lang='lat' dir='ltr'><strong>feriri,</strong></span> <span class='ocrx_word' id='word_1_775' title='bbox 3397 3219 3497 3275; x_wconf 91' lang='lat' dir='ltr'><strong>nisi</strong></span> <span class='ocrx_word' id='word_1_776' title='bbox 3538 3222 3607 3278; x_wconf 91' lang='lat' dir='ltr'><strong>ab</strong></span> 
     </span>
    </p>
   </div>
   <div class='ocr_carea' id='block_1_95' title="bbox 2017 3289 3599 3374">
    <p class='ocr_par' dir='ltr' id='par_1_95' title="bbox 2017 3289 3599 3374">
     <span class='ocr_line' id='line_1_96' title="bbox 2017 3289 3599 3374; baseline 0.018 -31"><span class='ocrx_word' id='word_1_777' title='bbox 2017 3289 2108 3345; x_wconf 91' lang='lat' dir='ltr'><strong>illo</strong></span> <span class='ocrx_word' id='word_1_778' title='bbox 2130 3293 2218 3361; x_wconf 91' lang='lat' dir='ltr'><strong>qui</strong></span> <span class='ocrx_word' id='word_1_779' title='bbox 2248 3292 2313 3346; x_wconf 91' lang='lat' dir='ltr'><strong>ad</strong></span> <span class='ocrx_word' id='word_1_780' title='bbox 2343 3291 2442 3349; x_wconf 93' lang='lat' dir='ltr'><strong>hoc</strong></span> <span class='ocrx_word' id='word_1_781' title='bbox 2470 3296 2678 3352; x_wconf 87' lang='lat' dir='ltr'><strong>militat.</strong></span> <span class='ocrx_word' id='word_1_782' title='bbox 2710 3299 2896 3356; x_wconf 84' lang='lat' dir='ltr'><strong>Militat</strong></span> <span class='ocrx_word' id='word_1_783' title='bbox 2926 3307 3337 3374; x_wconf 82' lang='lat' dir='ltr'><strong>qmeslionarius</strong></span> <span class='ocrx_word' id='word_1_784' title='bbox 3365 3328 3378 3366; x_wconf 89' lang='lat'><strong>:</strong></span> <span class='ocrx_word' id='word_1_785' title='bbox 3407 3315 3474 3369; x_wconf 89' lang='lat' dir='ltr'><strong>ab</strong></span> <span class='ocrx_word' id='word_1_786' title='bbox 3507 3315 3599 3372; x_wconf 91' lang='lat' dir='ltr'><strong>illo</strong></span> 
     </span>
    </p>
   </div>
   <div class='ocr_carea' id='block_1_96' title="bbox 2015 3385 3607 3475">
    <p class='ocr_par' dir='ltr' id='par_1_96' title="bbox 2015 3385 3607 3475">
     <span class='ocr_line' id='line_1_97' title="bbox 2015 3385 3607 3475; baseline 0.018 -41"><span class='ocrx_word' id='word_1_787' title='bbox 2015 3385 2308 3475; x_wconf 83' lang='lat' dir='ltr'><strong>percutitur</strong></span> <span class='ocrx_word' id='word_1_788' title='bbox 2355 3385 2658 3443; x_wconf 85' lang='lat' dir='ltr'><strong>damnatus.</strong></span> <span class='ocrx_word' id='word_1_789' title='bbox 2702 3390 2757 3445; x_wconf 91' lang='lat' dir='ltr'><strong>Si</strong></span> <span class='ocrx_word' id='word_1_790' title='bbox 2798 3392 3129 3464; x_wconf 85' lang='lat' dir='ltr'><strong>damnatum,</strong></span> <span class='ocrx_word' id='word_1_791' title='bbox 3182 3397 3291 3469; x_wconf 86' lang='lat' dir='ltr'><strong>jam</strong></span> <span class='ocrx_word' id='word_1_792' title='bbox 3341 3405 3607 3475; x_wconf 77' lang='lat' dir='ltr'><strong>supplicio</strong></span> 
     </span>
    </p>
   </div>
   <div class='ocr_carea' id='block_1_97' title="bbox 2015 3472 3599 3554">
    <p class='ocr_par' dir='ltr' id='par_1_97' title="bbox 2015 3472 3599 3554">
     <span class='ocr_line' id='line_1_98' title="bbox 2015 3472 3599 3554; baseline 0.018 -29"><span class='ocrx_word' id='word_1_793' title='bbox 2015 3472 2354 3540; x_wconf 79' lang='lat' dir='ltr'><strong>destinatum,</strong></span> <span class='ocrx_word' id='word_1_794' title='bbox 2389 3480 2646 3545; x_wconf 80' lang='lat' dir='ltr'><strong>percutiat</strong></span> <span class='ocrx_word' id='word_1_795' title='bbox 2677 3494 2950 3551; x_wconf 71' lang='lat' dir='ltr'><strong>exceptat,</strong></span> <span class='ocrx_word' id='word_1_796' title='bbox 2986 3502 3165 3544; x_wconf 89' lang='lat' dir='ltr'><strong>nonne</strong></span> <span class='ocrx_word' id='word_1_797' title='bbox 3195 3495 3250 3545; x_wconf 79' lang='lat' dir='ltr'><strong>et</strong></span> <span class='ocrx_word' id='word_1_798' title='bbox 3288 3472 3599 3554; x_wconf 75' lang='lat' dir='ltr'><strong>damnatum</strong></span> 
     </span>
    </p>
   </div>
   <div class='ocr_carea' id='block_1_98' title="bbox 2014 3562 3597 3658">
    <p class='ocr_par' dir='ltr' id='par_1_98' title="bbox 2014 3562 3597 3658">
     <span class='ocr_line' id='line_1_99' title="bbox 2014 3562 3597 3658; baseline 0.02 -44"><span class='ocrx_word' id='word_1_799' title='bbox 2014 3562 2226 3658; x_wconf 80' lang='lat' dir='ltr'><strong>occidit,</strong></span> <span class='ocrx_word' id='word_1_800' title='bbox 2259 3572 2312 3618; x_wconf 90' lang='lat' dir='ltr'><strong>et</strong></span> <span class='ocrx_word' id='word_1_801' title='bbox 2337 3573 2584 3634; x_wconf 87' lang='lat' dir='ltr'><strong>tanquam</strong></span> <span class='ocrx_word' id='word_1_802' title='bbox 2618 3568 2883 3626; x_wconf 91' lang='lat' dir='ltr'><strong>homicida</strong></span> <span class='ocrx_word' id='word_1_803' title='bbox 2910 3573 3234 3634; x_wconf 69' lang='lat' dir='ltr'><strong>damnatur?</strong></span> <span class='ocrx_word' id='word_1_804' title='bbox 3262 3581 3418 3640; x_wconf 89' lang='lat' dir='ltr'><strong>Certe</strong></span> <span class='ocrx_word' id='word_1_805' title='bbox 3439 3602 3597 3658; x_wconf 87' lang='lat' dir='ltr'><strong>quem</strong></span> 
     </span>
    </p>
   </div>
   <div class='ocr_carea' id='block_1_99' title="bbox 2013 3652 3603 3740">
    <p class='ocr_par' dir='ltr' id='par_1_99' title="bbox 2013 3652 3603 3740">
     <span class='ocr_line' id='line_1_100' title="bbox 2013 3652 3603 3740; baseline 0.019 -35"><span class='ocrx_word' id='word_1_806' title='bbox 2013 3652 2237 3719; x_wconf 89' lang='lat' dir='ltr'><strong>occidit,</strong></span> <span class='ocrx_word' id='word_1_807' title='bbox 2286 3655 2398 3724; x_wconf 92' lang='lat' dir='ltr'><strong>jam</strong></span> <span class='ocrx_word' id='word_1_808' title='bbox 2424 3655 2705 3714; x_wconf 87' lang='lat' dir='ltr'><strong>damnatus</strong></span> <span class='ocrx_word' id='word_1_809' title='bbox 2751 3671 2886 3732; x_wconf 90' lang='lat' dir='ltr'><strong>erat,</strong></span> <span class='ocrx_word' id='word_1_810' title='bbox 2919 3664 3028 3735; x_wconf 89' lang='lat' dir='ltr'><strong>jam</strong></span> <span class='ocrx_word' id='word_1_811' title='bbox 3052 3671 3315 3740; x_wconf 89' lang='lat' dir='ltr'><strong>supplicio</strong></span> <span class='ocrx_word' id='word_1_812' title='bbox 3366 3652 3603 3735; x_wconf 50' lang='lat' dir='ltr'><strong>des-tina-</strong></span> 
     </span>
    </p>
   </div>
   <div class='ocr_carea' id='block_1_100' title="bbox 2013 3748 3603 3831">
    <p class='ocr_par' dir='ltr' id='par_1_100' title="bbox 2013 3748 3603 3831">
     <span class='ocr_line' id='line_1_101' title="bbox 2013 3748 3603 3831; baseline 0.019 -31"><span class='ocrx_word' id='word_1_813' title='bbox 2013 3748 2243 3804; x_wconf 83' lang='lat' dir='ltr'><strong>tuszsed</strong></span> <span class='ocrx_word' id='word_1_814' title='bbox 2291 3751 2588 3810; x_wconf 90' lang='lat' dir='ltr'><strong>inordinate</strong></span> <span class='ocrx_word' id='word_1_815' title='bbox 2629 3755 2823 3825; x_wconf 88' lang='lat' dir='ltr'><strong>l&#39;erire,</strong></span> <span class='ocrx_word' id='word_1_816' title='bbox 2866 3759 3208 3819; x_wconf 88' lang='lat' dir='ltr'><strong>homicidium</strong></span> <span class='ocrx_word' id='word_1_817' title='bbox 3264 3779 3364 3824; x_wconf 90' lang='lat' dir='ltr'><strong>est.</strong></span> <span class='ocrx_word' id='word_1_818' title='bbox 3401 3771 3456 3828; x_wconf 92' lang='lat' dir='ltr'><strong>Si</strong></span> <span class='ocrx_word' id='word_1_819' title='bbox 3505 3774 3603 3831; x_wconf 86' lang='lat' dir='ltr'><strong>ho-</strong></span> 
     </span>
    </p>
   </div>
   <div class='ocr_carea' id='block_1_101' title="bbox 2012 3840 3593 3940">
    <p class='ocr_par' dir='ltr' id='par_1_101' title="bbox 2012 3840 3593 3940">
     <span class='ocr_line' id='line_1_102' title="bbox 2012 3840 3593 3940; baseline 0.02 -45"><span class='ocrx_word' id='word_1_820' title='bbox 2012 3840 2282 3898; x_wconf 89' lang='lat' dir='ltr'><strong>micidium</strong></span> <span class='ocrx_word' id='word_1_821' title='bbox 2337 3855 2451 3915; x_wconf 89' lang='lat' dir='ltr'><strong>est,</strong></span> <span class='ocrx_word' id='word_1_822' title='bbox 2500 3846 2797 3906; x_wconf 86' lang='lat' dir='ltr'><strong>inordinate</strong></span> <span class='ocrx_word' id='word_1_823' title='bbox 2843 3852 3001 3909; x_wconf 85' lang='lat' dir='ltr'><strong>ferire</strong></span> <span class='ocrx_word' id='word_1_824' title='bbox 3059 3856 3411 3933; x_wconf 89' lang='lat' dir='ltr'><strong>damnatum;</strong></span> <span class='ocrx_word' id='word_1_825' title='bbox 3464 3871 3593 3940; x_wconf 92' lang='lat' dir='ltr'><strong>quid</strong></span> 
     </span>
    </p>
   </div>
   <div class='ocr_carea' id='block_1_102' title="bbox 2017 3939 3601 4020">
    <p class='ocr_par' dir='ltr' id='par_1_102' title="bbox 2017 3939 3601 4020">
     <span class='ocr_line' id='line_1_103' title="bbox 2017 3939 3601 4020; baseline 0.013 -34"><span class='ocrx_word' id='word_1_826' title='bbox 2017 3942 2138 4002; x_wconf 89' lang='lat' dir='ltr'><strong>est,</strong></span> <span class='ocrx_word' id='word_1_827' title='bbox 2206 3949 2336 4006; x_wconf 78' lang='lat' dir='ltr'><strong>rogo</strong></span> <span class='ocrx_word' id='word_1_828' title='bbox 2387 3952 2516 4006; x_wconf 89' lang='lat' dir='ltr'><strong>vos,</strong></span> <span class='ocrx_word' id='word_1_829' title='bbox 2560 3939 2706 3997; x_wconf 82' lang='lat' dir='ltr'><strong>velle</strong></span> <span class='ocrx_word' id='word_1_830' title='bbox 2751 3941 2911 4000; x_wconf 78' lang='lat' dir='ltr'><strong>ferire</strong></span> <span class='ocrx_word' id='word_1_831' title='bbox 2956 3946 3275 4020; x_wconf 90' lang='lat' dir='ltr'><strong>inauditum,</strong></span> <span class='ocrx_word' id='word_1_832' title='bbox 3331 3939 3601 4017; x_wconf 75' lang='lat' dir='ltr'><strong>vellere-</strong></span> 
     </span>
    </p>
   </div>
   <div class='ocr_carea' id='block_1_103' title="bbox 2013 4026 3602 4126">
    <p class='ocr_par' dir='ltr' id='par_1_103' title="bbox 2013 4026 3602 4126">
     <span class='ocr_line' id='line_1_104' title="bbox 2013 4026 3602 4126; baseline 0.022 -47"><span class='ocrx_word' id='word_1_833' title='bbox 2013 4026 2120 4080; x_wconf 84' lang='lat' dir='ltr'><strong>rire</strong></span> <span class='ocrx_word' id='word_1_834' title='bbox 2186 4041 2291 4082; x_wconf 91' lang='lat' dir='ltr'><strong>non</strong></span> <span class='ocrx_word' id='word_1_835' title='bbox 2355 4029 2691 4100; x_wconf 89' lang='lat' dir='ltr'><strong>judicatum,</strong></span> <span class='ocrx_word' id='word_1_836' title='bbox 2759 4037 2897 4094; x_wconf 84' lang='lat' dir='ltr'><strong>velle</strong></span> <span class='ocrx_word' id='word_1_837' title='bbox 2960 4039 3119 4098; x_wconf 76' lang='lat' dir='ltr'><strong>ferire</strong></span> <span class='ocrx_word' id='word_1_838' title='bbox 3181 4047 3321 4103; x_wconf 88' lang='lat' dir='ltr'><strong>nulla</strong></span> <span class='ocrx_word' id='word_1_839' title='bbox 3382 4065 3602 4126; x_wconf 81' lang='lat' dir='ltr'><strong>accepta</strong></span> 
     </span>
    </p>
   </div>
   <div class='ocr_carea' id='block_1_104' title="bbox 2013 4123 3593 4204">
    <p class='ocr_par' dir='ltr' id='par_1_104' title="bbox 2013 4123 3593 4204">
     <span class='ocr_line' id='line_1_105' title="bbox 2013 4123 3593 4204; baseline 0.02 -31"><span class='ocrx_word' id='word_1_840' title='bbox 2013 4129 2274 4190; x_wconf 87' lang='lat' dir='ltr'><strong>potestate</strong></span> <span class='ocrx_word' id='word_1_841' title='bbox 2324 4123 2596 4182; x_wconf 88' lang='lat' dir='ltr'><strong>hominem</strong></span> <span class='ocrx_word' id='word_1_842' title='bbox 2650 4130 2883 4187; x_wconf 86' lang='lat' dir='ltr'><strong>malum?</strong></span> <span class='ocrx_word' id='word_1_843' title='bbox 2927 4133 3039 4190; x_wconf 85' lang='lat' dir='ltr'><strong>Non</strong></span> <span class='ocrx_word' id='word_1_844' title='bbox 3080 4139 3225 4194; x_wconf 90' lang='lat' dir='ltr'><strong>enim</strong></span> <span class='ocrx_word' id='word_1_845' title='bbox 3271 4143 3443 4200; x_wconf 89' lang='lat' dir='ltr'><strong>malos</strong></span> <span class='ocrx_word' id='word_1_846' title='bbox 3494 4123 3593 4204; x_wconf 88' lang='lat' dir='ltr'><strong>de-</strong></span> 
     </span>
    </p>
   </div>
   <div class='ocr_carea' id='block_1_105' title="bbox 2011 4211 3598 4295">
    <p class='ocr_par' dir='ltr' id='par_1_105' title="bbox 2011 4211 3598 4295">
     <span class='ocr_line' id='line_1_106' title="bbox 2011 4211 3598 4295; baseline 0.02 -29"><span class='ocrx_word' id='word_1_847' title='bbox 2011 4211 2296 4282; x_wconf 81' lang='lat' dir='ltr'><strong>fendimus,</strong></span> <span class='ocrx_word' id='word_1_848' title='bbox 2326 4226 2415 4272; x_wconf 90' lang='lat' dir='ltr'><strong>aut</strong></span> <span class='ocrx_word' id='word_1_849' title='bbox 2444 4217 2670 4276; x_wconf 91' lang='lat' dir='ltr'><strong>dicimus</strong></span> <span class='ocrx_word' id='word_1_850' title='bbox 2711 4225 2878 4282; x_wconf 90' lang='lat' dir='ltr'><strong>malos</strong></span> <span class='ocrx_word' id='word_1_851' title='bbox 2926 4243 3031 4283; x_wconf 90' lang='lat' dir='ltr'><strong>non</strong></span> <span class='ocrx_word' id='word_1_852' title='bbox 3063 4245 3183 4287; x_wconf 88' lang='lat' dir='ltr'><strong>esse</strong></span> <span class='ocrx_word' id='word_1_853' title='bbox 3219 4236 3408 4292; x_wconf 87' lang='lat' dir='ltr'><strong>malos.</strong></span> <span class='ocrx_word' id='word_1_854' title='bbox 3450 4238 3598 4295; x_wconf 82' lang='lat' dir='ltr'><strong>Red-</strong></span> 
     </span>
    </p>
   </div>
   <div class='ocr_carea' id='block_1_106' title="bbox 2011 4305 3600 4394">
    <p class='ocr_par' dir='ltr' id='par_1_106' title="bbox 2011 4305 3600 4394">
     <span class='ocr_line' id='line_1_107' title="bbox 2011 4305 3600 4394; baseline 0.02 -35"><span class='ocrx_word' id='word_1_855' title='bbox 2011 4305 2138 4361; x_wconf 89' lang='lat' dir='ltr'><strong>dent</strong></span> <span class='ocrx_word' id='word_1_856' title='bbox 2185 4309 2308 4364; x_wconf 91' lang='lat' dir='ltr'><strong>inde</strong></span> <span class='ocrx_word' id='word_1_857' title='bbox 2357 4313 2618 4370; x_wconf 87' lang='lat' dir='ltr'><strong>rationem</strong></span> <span class='ocrx_word' id='word_1_858' title='bbox 2666 4318 2755 4387; x_wconf 91' lang='lat' dir='ltr'><strong>qui</strong></span> <span class='ocrx_word' id='word_1_859' title='bbox 2798 4310 3058 4390; x_wconf 73' lang='lat' dir='ltr'><strong>judicent.</strong></span> <span class='ocrx_word' id='word_1_860' title='bbox 3108 4325 3283 4394; x_wconf 87' lang='lat' dir='ltr'><strong>Quare</strong></span> <span class='ocrx_word' id='word_1_861' title='bbox 3331 4329 3397 4386; x_wconf 89' lang='lat' dir='ltr'><strong>de</strong></span> <span class='ocrx_word' id='word_1_862' title='bbox 3427 4344 3600 4391; x_wconf 83' lang='lat' dir='ltr'><strong>morte</strong></span> 
     </span>
    </p>
   </div>
   <div class='ocr_carea' id='block_1_107' title="bbox 2012 4397 3593 4496">
    <p class='ocr_par' dir='ltr' id='par_1_107' title="bbox 2012 4397 3593 4496">
     <span class='ocr_line' id='line_1_108' title="bbox 2012 4397 3593 4496; baseline 0.02 -47"><span class='ocrx_word' id='word_1_863' title='bbox 2012 4397 2180 4452; x_wconf 89' lang='lat' dir='ltr'><strong>aliena</strong></span> <span class='ocrx_word' id='word_1_864' title='bbox 2249 4407 2304 4455; x_wconf 91' lang='lat' dir='ltr'><strong>tu</strong></span> <span class='ocrx_word' id='word_1_865' title='bbox 2369 4403 2450 4458; x_wconf 90' lang='lat' dir='ltr'><strong>vis</strong></span> <span class='ocrx_word' id='word_1_866' title='bbox 2508 4406 2730 4496; x_wconf 85' lang='lat' dir='ltr'><strong>reddere</strong></span> <span class='ocrx_word' id='word_1_867' title='bbox 2775 4410 3137 4471; x_wconf 73' lang='lat' dir='ltr'><strong>difficultatem</strong></span> <span class='ocrx_word' id='word_1_868' title='bbox 3189 4421 3447 4490; x_wconf 88' lang='lat' dir='ltr'><strong>rationis,</strong></span> <span class='ocrx_word' id='word_1_869' title='bbox 3500 4426 3593 4496; x_wconf 88' lang='lat' dir='ltr'><strong>qui</strong></span> 
     </span>
    </p>
   </div>
   <div class='ocr_carea' id='block_1_108' title="bbox 2012 4493 3591 4584">
    <p class='ocr_par' dir='ltr' id='par_1_108' title="bbox 2012 4493 3591 4584">
     <span class='ocr_line' id='line_1_109' title="bbox 2012 4493 3591 4584; baseline 0.02 -44"><span class='ocrx_word' id='word_1_870' title='bbox 2012 4501 2118 4541; x_wconf 92' lang='lat' dir='ltr'><strong>non</strong></span> <span class='ocrx_word' id='word_1_871' title='bbox 2165 4499 2344 4560; x_wconf 90' lang='lat' dir='ltr'><strong>portas</strong></span> <span class='ocrx_word' id='word_1_872' title='bbox 2389 4493 2650 4550; x_wconf 88' lang='lat' dir='ltr'><strong>sarcinam</strong></span> <span class='ocrx_word' id='word_1_873' title='bbox 2685 4503 2996 4568; x_wconf 83' lang='lat' dir='ltr'><strong>potestatis?</strong></span> <span class='ocrx_word' id='word_1_874' title='bbox 3024 4505 3295 4564; x_wconf 89' lang='lat' dir='ltr'><strong>Liberavit</strong></span> <span class='ocrx_word' id='word_1_875' title='bbox 3333 4520 3383 4567; x_wconf 88' lang='lat' dir='ltr'><strong>te</strong></span> <span class='ocrx_word' id='word_1_876' title='bbox 3413 4493 3591 4584; x_wconf 78' lang='lat' dir='ltr'><strong>Deus,</strong></span> 
     </span>
    </p>
   </div>
   <div class='ocr_carea' id='block_1_109' title="bbox 2011 4585 3590 4669">
    <p class='ocr_par' dir='ltr' id='par_1_109' title="bbox 2011 4585 3590 4669">
     <span class='ocr_line' id='line_1_110' title="bbox 2011 4585 3590 4669; baseline 0.019 -34"><span class='ocrx_word' id='word_1_877' title='bbox 2011 4590 2068 4636; x_wconf 92' lang='lat' dir='ltr'><strong>ut</strong></span> <span class='ocrx_word' id='word_1_878' title='bbox 2100 4599 2202 4638; x_wconf 87' lang='lat' dir='ltr'><strong>non</strong></span> <span class='ocrx_word' id='word_1_879' title='bbox 2228 4585 2302 4641; x_wconf 92' lang='lat' dir='ltr'><strong>sis</strong></span> <span class='ocrx_word' id='word_1_880' title='bbox 2323 4587 2486 4656; x_wconf 83' lang='lat' dir='ltr'><strong>judex</strong></span> <span class='ocrx_word' id='word_1_881' title='bbox 2521 4607 2533 4642; x_wconf 92' lang='lat'><strong>:</strong></span> <span class='ocrx_word' id='word_1_882' title='bbox 2567 4591 2692 4662; x_wconf 88' lang='lat' dir='ltr'><strong>quid</strong></span> <span class='ocrx_word' id='word_1_883' title='bbox 2731 4595 2823 4650; x_wconf 90' lang='lat' dir='ltr'><strong>tibi</strong></span> <span class='ocrx_word' id='word_1_884' title='bbox 2865 4614 3089 4669; x_wconf 82' lang='lat' dir='ltr'><strong>usurpas</strong></span> <span class='ocrx_word' id='word_1_885' title='bbox 3127 4602 3399 4659; x_wconf 78' lang='lat' dir='ltr'><strong>alienum?</strong></span> <span class='ocrx_word' id='word_1_886' title='bbox 3430 4606 3505 4662; x_wconf 89' lang='lat' dir='ltr'><strong>De</strong></span> <span class='ocrx_word' id='word_1_887' title='bbox 3537 4617 3590 4666; x_wconf 85' lang='lat' dir='ltr'><strong>te</strong></span> 
     </span>
    </p>
   </div>
   <div class='ocr_carea' id='block_1_110' title="bbox 2010 4675 2746 4751">
    <p class='ocr_par' dir='ltr' id='par_1_110' title="bbox 2010 4675 2746 4751">
     <span class='ocr_line' id='line_1_111' title="bbox 2010 4675 2746 4751; baseline 0.012 -22"><span class='ocrx_word' id='word_1_888' title='bbox 2010 4675 2172 4731; x_wconf 86' lang='lat' dir='ltr'><strong>redde</strong></span> <span class='ocrx_word' id='word_1_889' title='bbox 2199 4678 2479 4734; x_wconf 89' lang='lat' dir='ltr'><strong>rationem.</strong></span> <span class='ocrx_word' id='word_1_890' title='bbox 2737 4739 2746 4751; x_wconf 35' lang='grc' dir='ltr'>ι</span> 
     </span>
    </p>
   </div>
   <div class='ocr_carea' id='block_1_111' title="bbox 2081 4769 3593 4852">
    <p class='ocr_par' dir='ltr' id='par_1_111' title="bbox 2081 4769 3593 4852">
     <span class='ocr_line' id='line_1_112' title="bbox 2081 4769 3593 4852; baseline 0.016 -26"><span class='ocrx_word' id='word_1_891' title='bbox 2081 4769 2305 4828; x_wconf 84' lang='lat' dir='ltr'><strong>CAPUT</strong></span> <span class='ocrx_word' id='word_1_892' title='bbox 2345 4772 2460 4828; x_wconf 81' lang='lat' dir='ltr'><strong>XV.</strong></span> <span class='ocrx_word' id='word_1_893' title='bbox 2488 4805 2561 4816; x_wconf 89' lang='lat'><strong>—-</strong></span> <span class='ocrx_word' id='word_1_894' title='bbox 2597 4776 2682 4833; x_wconf 70' lang='grc'><strong>14.</strong></span> <span class='ocrx_word' id='word_1_895' title='bbox 2719 4778 2978 4836; x_wconf 85' lang='lat' dir='ltr'><strong>Sententia</strong></span> <span class='ocrx_word' id='word_1_896' title='bbox 3017 4781 3228 4842; x_wconf 82' lang='lat' dir='ltr'><strong>Domini</strong></span> <span class='ocrx_word' id='word_1_897' title='bbox 3263 4789 3316 4843; x_wconf 88' lang='lat' dir='ltr'><strong>in</strong></span> <span class='ocrx_word' id='word_1_898' title='bbox 3361 4790 3593 4852; x_wconf 83' lang='lat' dir='ltr'><strong>homines</strong></span> 
     </span>
    </p>
   </div>
   <div class='ocr_carea' id='block_1_112' title="bbox 2007 4861 3589 4951">
    <p class='ocr_par' dir='ltr' id='par_1_112' title="bbox 2007 4861 3589 4951">
     <span class='ocr_line' id='line_1_113' title="bbox 2007 4861 3589 4951; baseline 0.018 -36"><span class='ocrx_word' id='word_1_899' title='bbox 2007 4861 2442 4920; x_wconf 86' lang='lat' dir='ltr'><strong>immisericordes.</strong></span> <span class='ocrx_word' id='word_1_900' title='bbox 2474 4866 2518 4922; x_wconf 92' lang='grc'>0</span> <span class='ocrx_word' id='word_1_901' title='bbox 2545 4867 2797 4936; x_wconf 90' lang='lat' dir='ltr'><strong>Domine,</strong></span> <span class='ocrx_word' id='word_1_902' title='bbox 2835 4875 3103 4944; x_wconf 75' lang='lat' dir='ltr'><strong>quomodo</strong></span> <span class='ocrx_word' id='word_1_903' title='bbox 3129 4879 3394 4951; x_wconf 82' lang='lat' dir='ltr'><strong>pupugiin</strong></span> <span class='ocrx_word' id='word_1_904' title='bbox 3423 4886 3589 4942; x_wconf 85' lang='lat' dir='ltr'><strong>corda</strong></span> 
     </span>
    </p>
   </div>
   <div class='ocr_carea' id='block_1_113' title="bbox 2008 4952 3586 5043">
    <p class='ocr_par' dir='ltr' id='par_1_113' title="bbox 2008 4952 3586 5043">
     <span class='ocr_line' id='line_1_114' title="bbox 2008 4952 3586 5043; baseline 0.017 -39"><span class='ocrx_word' id='word_1_905' title='bbox 2008 4952 2371 5024; x_wconf 60' lang='lat' dir='ltr'><strong>saevientium,</strong></span> <span class='ocrx_word' id='word_1_906' title='bbox 2428 4959 2641 5028; x_wconf 88' lang='lat' dir='ltr'><strong>quando</strong></span> <span class='ocrx_word' id='word_1_907' title='bbox 2688 4961 2899 5030; x_wconf 83' lang='lat' dir='ltr'><strong>dixisti,</strong></span> <span class='ocrx_word' id='word_1_908' title='bbox 2950 4961 3052 5032; x_wconf 83' lang='lat' dir='ltr'><strong>Qui</strong></span> <span class='ocrx_word' id='word_1_909' title='bbox 3095 4970 3204 5022; x_wconf 87' lang='lat' dir='ltr'><strong>sine</strong></span> <span class='ocrx_word' id='word_1_910' title='bbox 3242 4985 3444 5041; x_wconf 67' lang='lat' dir='ltr'><strong>pet-cato</strong></span> <span class='ocrx_word' id='word_1_911' title='bbox 3473 4985 3586 5043; x_wconf 86' lang='lat' dir='ltr'><strong>est,</strong></span> 
     </span>
    </p>
   </div>
   <div class='ocr_carea' id='block_1_114' title="bbox 2009 5045 3583 5134">
    <p class='ocr_par' dir='ltr' id='par_1_114' title="bbox 2009 5045 3583 5134">
     <span class='ocr_line' id='line_1_115' title="bbox 2009 5045 3583 5134; baseline 0.02 -38"><span class='ocrx_word' id='word_1_912' title='bbox 2009 5045 2149 5114; x_wconf 89' lang='lat' dir='ltr'><strong>prior</strong></span> <span class='ocrx_word' id='word_1_913' title='bbox 2173 5045 2227 5099; x_wconf 92' lang='lat' dir='ltr'><strong>in</strong></span> <span class='ocrx_word' id='word_1_914' title='bbox 2265 5047 2408 5102; x_wconf 89' lang='lat' dir='ltr'><strong>illam</strong></span> <span class='ocrx_word' id='word_1_915' title='bbox 2438 5049 2661 5122; x_wconf 84' lang='lat' dir='ltr'><strong>lapidem</strong></span> <span class='ocrx_word' id='word_1_916' title='bbox 2695 5063 2875 5108; x_wconf 79' lang='lat' dir='ltr'><strong>mittat.</strong></span> <span class='ocrx_word' id='word_1_917' title='bbox 2915 5053 3092 5115; x_wconf 72' lang='lat' dir='ltr'><strong>Verbo</strong></span> <span class='ocrx_word' id='word_1_918' title='bbox 3139 5065 3283 5134; x_wconf 83' lang='lat' dir='ltr'><strong>gravi</strong></span> <span class='ocrx_word' id='word_1_919' title='bbox 3330 5075 3384 5123; x_wconf 90' lang='lat' dir='ltr'><strong>et</strong></span> <span class='ocrx_word' id='word_1_920' title='bbox 3427 5080 3583 5128; x_wconf 88' lang='lat' dir='ltr'><strong>acuto</strong></span> 
     </span>
    </p>
   </div>
   <div class='ocr_carea' id='block_1_115' title="bbox 2007 5141 3581 5230">
    <p class='ocr_par' dir='ltr' id='par_1_115' title="bbox 2007 5141 3581 5230">
     <span class='ocr_line' id='line_1_116' title="bbox 2007 5141 3581 5230; baseline 0.02 -40"><span class='ocrx_word' id='word_1_921' title='bbox 2007 5141 2340 5208; x_wconf 89' lang='lat' dir='ltr'><strong>compunctis</strong></span> <span class='ocrx_word' id='word_1_922' title='bbox 2376 5144 2630 5201; x_wconf 91' lang='lat' dir='ltr'><strong>cordibus</strong></span> <span class='ocrx_word' id='word_1_923' title='bbox 2668 5149 3021 5206; x_wconf 89' lang='lat' dir='ltr'><strong>conscientias</strong></span> <span class='ocrx_word' id='word_1_924' title='bbox 3065 5170 3190 5210; x_wconf 89' lang='lat' dir='ltr'><strong>suas</strong></span> <span class='ocrx_word' id='word_1_925' title='bbox 3215 5173 3581 5230; x_wconf 86' lang='lat' dir='ltr'><strong>agnoverunt,</strong></span> 
     </span>
    </p>
   </div>
   <div class='ocr_carea' id='block_1_116' title="bbox 2005 5229 3581 5322">
    <p class='ocr_par' dir='ltr' id='par_1_116' title="bbox 2005 5229 3581 5322">
     <span class='ocr_line' id='line_1_117' title="bbox 2005 5229 3581 5322; baseline 0.018 -37"><span class='ocrx_word' id='word_1_926' title='bbox 2005 5237 2060 5286; x_wconf 88' lang='lat' dir='ltr'><strong>et</strong></span> <span class='ocrx_word' id='word_1_927' title='bbox 2092 5229 2311 5301; x_wconf 72' lang='lat' dir='ltr'><strong>iustitia:</strong></span> <span class='ocrx_word' id='word_1_928' title='bbox 2352 5237 2602 5305; x_wconf 75' lang='lat' dir='ltr'><strong>przesenti</strong></span> <span class='ocrx_word' id='word_1_929' title='bbox 2647 5239 3006 5312; x_wconf 89' lang='lat' dir='ltr'><strong>erubuerunt;</strong></span> <span class='ocrx_word' id='word_1_930' title='bbox 3039 5255 3093 5301; x_wconf 90' lang='lat' dir='ltr'><strong>et</strong></span> <span class='ocrx_word' id='word_1_931' title='bbox 3122 5265 3256 5303; x_wconf 88' lang='lat' dir='ltr'><strong>unus</strong></span> <span class='ocrx_word' id='word_1_932' title='bbox 3281 5264 3396 5322; x_wconf 78' lang='lat' dir='ltr'><strong>post</strong></span> <span class='ocrx_word' id='word_1_933' title='bbox 3423 5229 3581 5315; x_wconf 87' lang='lat' dir='ltr'><strong>unum</strong></span> 
     </span>
    </p>
   </div>
   <div class='ocr_carea' id='block_1_117' title="bbox 2005 5323 3579 5417">
    <p class='ocr_par' dir='ltr' id='par_1_117' title="bbox 2005 5323 3579 5417">
     <span class='ocr_line' id='line_1_118' title="bbox 2005 5323 3579 5417; baseline 0.02 -41"><span class='ocrx_word' id='word_1_934' title='bbox 2005 5323 2382 5390; x_wconf 83' lang='lat' dir='ltr'><strong>abscedentes,</strong></span> <span class='ocrx_word' id='word_1_935' title='bbox 2408 5329 2576 5384; x_wconf 90' lang='lat' dir='ltr'><strong>solam</strong></span> <span class='ocrx_word' id='word_1_936' title='bbox 2623 5333 2901 5389; x_wconf 90' lang='lat' dir='ltr'><strong>mulierem</strong></span> <span class='ocrx_word' id='word_1_937' title='bbox 2933 5338 3183 5396; x_wconf 90' lang='lat' dir='ltr'><strong>miseram</strong></span> <span class='ocrx_word' id='word_1_938' title='bbox 3236 5345 3579 5417; x_wconf 88' lang='lat' dir='ltr'><strong>reliquerunt.</strong></span> 
     </span>
    </p>
   </div>
   <div class='ocr_carea' id='block_1_118' title="bbox 2003 5413 3583 5509">
    <p class='ocr_par' dir='ltr' id='par_1_118' title="bbox 2003 5413 3583 5509">
     <span class='ocr_line' id='line_1_119' title="bbox 2003 5413 3583 5509; baseline 0.018 -40"><span class='ocrx_word' id='word_1_939' title='bbox 2003 5413 2107 5469; x_wconf 89' lang='lat' dir='ltr'><strong>Sed</strong></span> <span class='ocrx_word' id='word_1_940' title='bbox 2133 5430 2259 5509; x_wconf 78' lang='lat' dir='ltr'><strong>non</strong></span> <span class='ocrx_word' id='word_1_941' title='bbox 2312 5414 2412 5471; x_wconf 79' lang='lat' dir='ltr'><strong>fuit</strong></span> <span class='ocrx_word' id='word_1_942' title='bbox 2454 5419 2564 5474; x_wconf 88' lang='lat' dir='ltr'><strong>sola</strong></span> <span class='ocrx_word' id='word_1_943' title='bbox 2605 5435 2696 5477; x_wconf 90' lang='lat' dir='ltr'><strong>rea</strong></span> <span class='ocrx_word' id='word_1_944' title='bbox 2729 5439 2742 5476; x_wconf 92' lang='lat'><strong>:</strong></span> <span class='ocrx_word' id='word_1_945' title='bbox 2771 5425 2894 5498; x_wconf 82' lang='lat' dir='ltr'><strong>quia</strong></span> <span class='ocrx_word' id='word_1_946' title='bbox 2927 5441 3047 5483; x_wconf 91' lang='lat' dir='ltr'><strong>cum</strong></span> <span class='ocrx_word' id='word_1_947' title='bbox 3077 5430 3164 5486; x_wconf 89' lang='lat' dir='ltr'><strong>illa</strong></span> <span class='ocrx_word' id='word_1_948' title='bbox 3214 5445 3330 5490; x_wconf 85' lang='lat' dir='ltr'><strong>erat</strong></span> <span class='ocrx_word' id='word_1_949' title='bbox 3353 5413 3539 5508; x_wconf 26' lang='lat' dir='ltr'><strong>Ujudex</strong></span> <span class='ocrx_word' id='word_1_950' title='bbox 3568 5485 3583 5509; x_wconf 92' lang='lat'><strong>,</strong></span> 
     </span>
    </p>
   </div>
   <div class='ocr_carea' id='block_1_119' title="bbox 2005 5507 3581 5601">
    <p class='ocr_par' dir='ltr' id='par_1_119' title="bbox 2005 5507 3581 5601">
     <span class='ocr_line' id='line_1_120' title="bbox 2005 5507 3581 5601; baseline 0.02 -42"><span class='ocrx_word' id='word_1_951' title='bbox 2005 5507 2238 5563; x_wconf 90' lang='lat' dir='ltr'><strong>nondum</strong></span> <span class='ocrx_word' id='word_1_952' title='bbox 2263 5509 2535 5579; x_wconf 85' lang='lat' dir='ltr'><strong>judicans,</strong></span> <span class='ocrx_word' id='word_1_953' title='bbox 2565 5513 2658 5570; x_wconf 90' lang='lat' dir='ltr'><strong>sed</strong></span> <span class='ocrx_word' id='word_1_954' title='bbox 2691 5517 3108 5578; x_wconf 88' lang='lat' dir='ltr'><strong>misericordiam</strong></span> <span class='ocrx_word' id='word_1_955' title='bbox 3141 5507 3464 5601; x_wconf 63' lang='lat' dir='ltr'><strong>pricrogans.</strong></span> <span class='ocrx_word' id='word_1_956' title='bbox 3492 5507 3581 5590; x_wconf 34' lang='lat' dir='ltr'><strong>Di;</strong></span> 
     </span>
    </p>
   </div>
   <div class='ocr_carea' id='block_1_120' title="bbox 2003 5600 3582 5687">
    <p class='ocr_par' dir='ltr' id='par_1_120' title="bbox 2003 5600 3582 5687">
     <span class='ocr_line' id='line_1_121' title="bbox 2003 5600 3582 5687; baseline 0.021 -36"><span class='ocrx_word' id='word_1_957' title='bbox 2003 5600 2180 5656; x_wconf 69' lang='lat' dir='ltr'><strong>missae</strong></span> <span class='ocrx_word' id='word_1_958' title='bbox 2207 5612 2327 5656; x_wconf 89' lang='lat' dir='ltr'><strong>sunt</strong></span> <span class='ocrx_word' id='word_1_959' title='bbox 2351 5604 2490 5658; x_wconf 90' lang='lat' dir='ltr'><strong>enim</strong></span> <span class='ocrx_word' id='word_1_960' title='bbox 2512 5645 2526 5670; x_wconf 94' lang='lat'><strong>,</strong></span> <span class='ocrx_word' id='word_1_961' title='bbox 2557 5605 2957 5668; x_wconf 83' lang='lat' dir='ltr'><strong>discedentibus</strong></span> <span class='ocrx_word' id='word_1_962' title='bbox 2983 5600 3359 5687; x_wconf 71' lang='lat' dir='ltr'><strong>saevientibus,</strong></span> <span class='ocrx_word' id='word_1_963' title='bbox 3389 5627 3582 5684; x_wconf 85' lang='lat' dir='ltr'><strong>misera</strong></span> 
     </span>
    </p>
   </div>
   <div class='ocr_carea' id='block_1_121' title="bbox 2003 5694 3588 5778">
    <p class='ocr_par' dir='ltr' id='par_1_121' title="bbox 2003 5694 3588 5778">
     <span class='ocr_line' id='line_1_122' title="bbox 2003 5694 3588 5778; baseline 0.021 -32"><span class='ocrx_word' id='word_1_964' title='bbox 2003 5694 2458 5750; x_wconf 85' lang='lat' dir='ltr'><strong>etmisericordia.</strong></span> <span class='ocrx_word' id='word_1_965' title='bbox 2491 5697 2559 5752; x_wconf 86' lang='lat' dir='ltr'><strong>Et</strong></span> <span class='ocrx_word' id='word_1_966' title='bbox 2602 5700 2675 5754; x_wconf 89' lang='lat' dir='ltr'><strong>ait</strong></span> <span class='ocrx_word' id='word_1_967' title='bbox 2722 5701 2796 5755; x_wconf 91' lang='lat' dir='ltr'><strong>illi</strong></span> <span class='ocrx_word' id='word_1_968' title='bbox 2843 5703 3096 5764; x_wconf 83' lang='lat' dir='ltr'><strong>Dominus</strong></span> <span class='ocrx_word' id='word_1_969' title='bbox 3129 5727 3141 5763; x_wconf 89' lang='lat'><strong>:</strong></span> <span class='ocrx_word' id='word_1_970' title='bbox 3174 5710 3338 5770; x_wconf 69' lang='lat' dir='ltr'><strong>Nemo</strong></span> <span class='ocrx_word' id='word_1_971' title='bbox 3386 5727 3432 5772; x_wconf 84' lang='lat' dir='ltr'><strong>le</strong></span> <span class='ocrx_word' id='word_1_972' title='bbox 3466 5739 3588 5778; x_wconf 78' lang='lat' dir='ltr'><strong>ron-</strong></span> 
     </span>
    </p>
   </div>
   <div class='ocr_carea' id='block_1_122' title="bbox 1991 5838 3185 5920">
    <p class='ocr_par' dir='ltr' id='par_1_122' title="bbox 1991 5838 3185 5920">
     <span class='ocr_line' id='line_1_123' title="bbox 1991 5838 3185 5920; baseline 0.018 -27"><span class='ocrx_word' id='word_1_973' title='bbox 1991 5838 2002 5849; x_wconf 85' lang='grc'><em>’</em></span> <span class='ocrx_word' id='word_1_974' title='bbox 2068 5849 2082 5879; x_wconf 74' lang='grc' dir='ltr'><strong>ι</strong></span> <span class='ocrx_word' id='word_1_975' title='bbox 2110 5848 2241 5911; x_wconf 81' lang='lat' dir='ltr'><strong>Apud</strong></span> <span class='ocrx_word' id='word_1_976' title='bbox 2262 5849 2344 5901; x_wconf 87' lang='lat' dir='ltr'><strong>bd.</strong></span> <span class='ocrx_word' id='word_1_977' title='bbox 2373 5859 2423 5903; x_wconf 87' lang='lat' dir='ltr'><strong>et</strong></span> <span class='ocrx_word' id='word_1_978' title='bbox 2444 5851 2519 5917; x_wconf 67' lang='grc' dir='ltr'>ιι,</span> <span class='ocrx_word' id='word_1_979' title='bbox 2542 5855 2734 5919; x_wconf 81' lang='lat' dir='ltr'><strong>quando</strong></span> <span class='ocrx_word' id='word_1_980' title='bbox 2754 5857 2978 5920; x_wconf 73' lang='lat' dir='ltr'><strong>faciendo</strong></span> <span class='ocrx_word' id='word_1_981' title='bbox 2999 5863 3185 5915; x_wconf 70' lang='lat' dir='ltr'><strong>borum.</strong></span> 
     </span>
    </p>
   </div>
  </div>
