4108 6326
410 313 544 382 issi
1145 399 1150 403 ,

409 440 705 515 denmavit?
740 436 1071 510 Respondit:
1097 434 1286 504 Nemo,
1344 431 1580 489 Domine.
1625 428 1737 487 Nec
1772 447 1887 505 ego,
1922 430 2003 485 in-

409 533 544 605 quit,
588 542 636 586 te
654 532 902 585 damnaba
930 545 949 585 :
973 528 1118 597 vade,
1159 538 1207 584 et
1241 526 1475 599 deinceps
1506 526 1622 598 jam
1646 522 1755 579 noli
1797 538 2004 596 peccare

418 624 597 698 (Joan.
629 640 741 692 Vill,
770 624 949 695 5-H).

478 716 706 775 CAPUT
744 716 885 773 XVI.
915 746 985 758 —
1014 716 1102 773 15.
1133 714 1324 770 Milites
1354 731 1454 770 non
1483 713 1691 778 militia,
1724 710 1814 767 sed
1854 710 2004 765 mali-

413 809 484 864 tia
531 809 685 865 bonos
710 826 817 866 esse
858 825 960 864 non
1004 809 1142 863 sinit.
1173 806 1485 863 Teloneariis
1526 804 1649 878 quid
1672 812 2000 876 praeceptum,

409 900 533 969 quid
560 902 827 957 universis.
875 900 980 957 Sed
1030 908 1172 956 tanta
1214 898 1344 955 mihi
1391 898 1514 954 fecit
1541 897 1694 952 miles
1720 896 1840 951 iste.
1880 894 2002 951 Vel-

414 994 515 1046 lem
547 1007 707 1047 nosse
727 1034 741 1056 ,
771 992 815 1046 si
858 991 1146 1058 militares,
1187 998 1366 1045 utrum
1417 988 1611 1044 similia
1642 1004 1748 1043 non
1771 986 1999 1043 faceres.

412 1086 520 1141 Nec
546 1086 792 1141 volumus
840 1085 963 1140 talia
996 1084 1108 1139 fieri
1133 1100 1164 1139 a
1189 1082 1450 1139 militibus
1471 1124 1486 1147 ,
1518 1082 1712 1153 quibus
1738 1093 2002 1151 pauperes

409 1179 784 1251 opprimuntur
818 1196 831 1232 :
863 1178 1110 1233 volumus
1137 1187 1192 1234 et
1231 1178 1376 1248 ipsos
1405 1175 1592 1232 audire
1623 1174 1997 1246 Evangelium.

409 1273 522 1327 Non
555 1272 696 1327 enim
728 1270 1048 1327 benefacere
1079 1269 1327 1340 prohibet
1352 1269 1537 1324 militia
1557 1311 1572 1333 ,
1611 1266 1704 1323 sed
1734 1265 1933 1321 malitia
1958 1264 1998 1318 ¹.

417 1364 699 1418 Venientes
720 1371 897 1418 autem
926 1362 1123 1418 milites
1144 1361 1208 1417 ad
1227 1361 1547 1432 baptismum
1569 1358 1791 1415 Joannis
1810 1400 1825 1424 ,
1853 1356 2004 1412 dixe-

409 1461 566 1509 runt:
593 1453 660 1507 Et
687 1453 811 1526 quid
838 1470 930 1508 nos
959 1454 1242 1526 faciemus?
1284 1453 1373 1507 Ait
1422 1452 1527 1507 illis
1576 1451 1811 1507 Joannes
1839 1468 1854 1505 :
1886 1448 1999 1505 Ne-

410 1548 598 1601 minem
647 1546 1000 1601 concusseritis
1021 1587 1035 1612 ,
1075 1545 1203 1600 nulli
1241 1544 1548 1600 calumniam
1578 1542 1829 1614 feceritis;
1857 1540 2001 1612 sufﬁ-

406 1640 504 1692 ciat
556 1622 692 1693 nobis
734 1637 1043 1709 stipendium
1088 1645 1325 1691 vestrum.
1383 1636 1449 1690 Et
1488 1648 1649 1700 vere,
1698 1633 1923 1699 fratres,
1955 1632 2001 1688 si

407 1731 542 1787 tales
566 1742 746 1787 essent
771 1730 971 1787 milites
989 1772 1005 1797 ,
1035 1729 1160 1787 felix
1190 1737 1335 1785 esset
1360 1729 1475 1798 ipsa
1506 1726 1834 1798 respublica.

461 1822 704 1879 "CAPUT
743 1820 907 1879 XVII.
926 1852 999 1864 -
1031 1820 1138 1877 Sed
1163 1836 1269 1876 non
1300 1819 1475 1875 solum
1509 1818 1664 1875 miles
1692 1818 1812 1874 talis
1833 1824 1997 1885 esset,

334 1962 349 1974 .
403 1914 497 1969 sed
526 1922 578 1970 et
610 1913 930 1970 telonearius
976 1913 1096 1968 talis
1123 1919 1289 1977 esset,
1329 1911 1504 1982 qualis
1545 1910 1615 1965 ibi
1655 1909 1997 1965 describitur.

402 2008 537 2066 Nam
564 2007 815 2063 dixerunt
840 2007 890 2063 ei
922 2005 1228 2077 publicani,
1262 2004 1314 2059 id
1340 2013 1444 2071 est,
1476 2002 1751 2058 telonearii
1779 2020 1792 2057 :
1820 2001 1890 2055 Et
1906 2018 2000 2056 nos

406 2099 527 2170 quid
557 2099 841 2169 faciemus?
876 2098 1213 2168 Responsum
1242 2106 1324 2152 est
1353 2112 1369 2151 :
1405 2095 1554 2150 Nihil
1576 2096 1795 2169 amplius
1824 2095 2000 2167 exiga-

404 2194 500 2257 tis,
531 2208 683 2262 quam
727 2192 1051 2247 constitutum
1093 2201 1165 2246 est
1190 2189 1347 2244 vobis.
1385 2188 1677 2259 Correptus
1705 2197 1788 2243 est
1820 2186 1995 2255 miles,

405 2277 685 2359 correptus
739 2293 823 2342 est
866 2283 1553 2353 telonearius:corrigatur
1600 2291 1655 2337 et
1694 2280 1999 2352 provincia-

403 2380 596 2452 Iista).
640 2379 817 2435 Habes
870 2377 1228 2434 universalem
1268 2376 1525 2432 directam
1573 2376 1985 2430 correctionem.

404 2472 541 2539 Quid
564 2470 821 2526 faciemus
849 2468 1072 2525 omnes?
1105 2468 1205 2536 Qui
1245 2468 1393 2523 habet
1432 2468 1562 2521 duas
1614 2466 1833 2532 tunicas,
1856 2481 1997 2518 com-

401 2563 623 2618 municet
649 2578 764 2616 cum
792 2577 894 2616 non
922 2560 1172 2624 habente;
1207 2570 1253 2614 et
1282 2563 1370 2630 qui
1390 2558 1537 2613 habet
1568 2574 1734 2623 escas,
1766 2557 1998 2612 similiter

404 2657 561 2727 faciat
591 2653 745 2726 (Luc.
774 2668 855 2720 III,
903 2652 1113 2724 ll—lli).
1144 2652 1403 2707 Volumus
1434 2660 1492 2706 ut
1534 2649 1753 2704 audiant
1798 2648 1997 2703 milites

404 2746 548 2817 quod
579 2745 830 2816 praecepit
856 2743 1097 2800 Christus
1122 2762 1135 2797 :
1167 2742 1446 2797 audiamus
1475 2749 1531 2797 et
1559 2756 1679 2797 nos.
1700 2739 1820 2797 Non
1849 2737 1996 2795 enim

405 2838 648 2894 Christus
678 2838 782 2892 illis
810 2845 926 2904 est,
954 2842 1013 2891 et
1030 2835 1186 2891 nobis
1212 2850 1318 2890 non
1345 2842 1446 2920 est.
1466 2832 1664 2889 Omnes
1693 2832 1993 2899 audiamus,

404 2937 460 2986 et
482 2928 821 2985 concorditer
850 2928 900 2981 in
933 2942 1063 2998 pace
1089 2928 1349 2981 vivamus.

474 3020 703 3077 CAPUT
734 3019 919 3075 XVIII.
940 3049 1014 3061 —
1038 3018 1125 3074 id.
1156 3017 1460 3090 Negotialor
1482 3016 1661 3085 fraudi
1688 3024 1735 3071 et
1763 3015 1991 3089 perjurio

404 3113 671 3172 obnoxius.
715 3114 785 3169 In
808 3113 969 3169 malos
1009 3129 1111 3169 non
1148 3114 1360 3167 steviunt
1407 3110 1507 3164 nisi
1548 3109 1691 3164 mali.
1719 3107 1996 3180 Oppressit

404 3224 520 3275 me,
549 3222 672 3263 cum
692 3222 865 3262 essem
898 3205 1214 3276 negotiator.
1236 3202 1316 3258 Tu
1354 3203 1529 3272 ipsum
1555 3201 1830 3272 negotium
1859 3200 1997 3256 bene

402 3302 593 3376 egisti?
617 3300 674 3357 In
706 3302 821 3371 ipso
850 3300 1064 3371 negotio
1107 3297 1346 3353 fraudem
1376 3311 1482 3352 non
1522 3295 1731 3351 fecisti?
1773 3293 1831 3349 In
1878 3294 1997 3364 ipso

406 3395 623 3466 negotio
651 3394 838 3449 falsum
869 3407 973 3447 non
1015 3388 1250 3462 jurasti?
1279 3388 1394 3445 Non
1444 3388 1664 3455 dixisti,
1705 3387 1809 3443 Per
1846 3387 1996 3441 illum

402 3487 494 3558 qui
522 3502 608 3542 me
639 3485 864 3555 trajecit,
911 3498 1010 3555 per
1052 3483 1224 3553 ipsum
1276 3496 1462 3546 mare,
1506 3481 1630 3551 quia
1671 3479 1803 3534 tanti
1850 3477 1992 3547 emi,

403 3577 545 3649 quod
576 3592 681 3632 non
713 3576 843 3631 tanti
869 3573 1083 3630 emisti?
1112 3572 1325 3628 Fratres
1349 3613 1363 3636 ,
1396 3571 1516 3626 dico
1542 3570 1697 3625 vobis
1717 3584 1990 3639 expresse,

403 3678 458 3724 et
486 3676 740 3739 quantum
773 3664 1031 3720 Dominus
1068 3663 1267 3729 donat,
1300 3661 1468 3718 libere
1498 3678 1514 3716 :
1545 3661 1660 3716 Non
1686 3661 1910 3716 saeviunt
1939 3660 1996 3715 in

413 3761 579 3819 malos
597 3800 613 3826 ,
645 3757 747 3813 nisi
772 3757 918 3813 mali.
946 3756 1063 3811 Alia
1090 3763 1173 3811 est
1202 3756 1482 3826 potestatis
1515 3758 1832 3811 necessitas.
1862 3753 1993 3808 Nam

412 3854 579 3925 judex
622 3853 938 3923 plerumque
970 3849 1178 3920 cogitur
1201 3849 1438 3904 eximere
1460 3847 1718 3918 gladium,
1755 3854 1810 3903 et
1835 3845 1995 3901 ferire

410 3949 620 4005 nolens.
648 3946 913 4014 Quantum
960 3943 1103 3999 enim
1144 3940 1212 3997 ad
1258 3941 1430 4012 ipsum
1485 3940 1737 4012 pertinet,
1783 3938 1997 3995 volebat

407 4053 626 4095 servare
670 4035 987 4093 sententiam
1040 4032 1419 4089 incruentam:
1460 4032 1556 4088 sed
1608 4032 1783 4102 perire
1826 4032 1996 4086 noluit

406 4133 544 4188 forte
569 4130 830 4202 publicam
870 4127 1227 4198 disciplinam.
1257 4125 1526 4182 Pertinuit
1554 4125 1619 4181 ad
1648 4126 1764 4196 ejus
1790 4123 1995 4196 profes-

403 4227 647 4291 sionem,
678 4222 746 4278 ad
790 4222 907 4293 ejus
949 4229 1288 4293 potestatem,
1334 4220 1401 4275 ad
1451 4220 1566 4290 ejus
1596 4219 1989 4275 necessitatem.

405 4317 489 4374 Ad
531 4324 586 4372 te
628 4294 754 4387 quid
788 4313 1049 4385 pertinet,
1095 4313 1196 4368 nisi
1223 4327 1412 4384 rogare
1446 4311 1612 4367 Deum
1635 4354 1650 4378 ,
1679 4308 1862 4366 Libera
1901 4328 1993 4367 nos

331 4420 345 4481 ζ
405 4429 439 4467 a
487 4411 623 4466 malo
663 4407 877 4481 (Matth.
928 4422 1004 4472 vI,
1048 4406 1250 4476 15)ἳο
1289 4406 1380 4477 qui
1424 4403 1643 4471 dixisti,
1694 4402 1876 4458 Libera
1900 4420 1993 4459 nos

324 4472 344 4571 ,θ
404 4523 436 4561 tt
479 4472 874 4559 maloaliberet
923 4509 976 4557 te
1004 4472 1171 4555 ‘Deus
1217 4515 1248 4554 a
1305 4472 1359 4555 te
1399 4502 1534 4569 ipso.
1638 4567 1642 4570 ⁴

342 4590 348 4619 λ
468 4593 697 4652 CAPUT
734 4592 878 4648 XIX.
902 4582 982 4633 ’-
1008 4592 1095 4647 l7.
1130 4589 1411 4663 Episcopus
1441 4592 1555 4662 pius
1575 4606 1682 4645 rem
1703 4589 1885 4644 habere
1903 4606 1991 4644 co-

400 4691 556 4765 gitur,
585 4704 698 4743 cum
721 4684 1049 4741 steculuribus
1072 4682 1417 4755 potestatibus.
1452 4682 1534 4738 Ad
1560 4670 1846 4749 Summam,
1882 4681 1990 4737 fre-

403 4794 532 4851 tres,
583 4780 712 4854 quid
752 4780 1019 4837 vitemus?
1053 4780 1254 4834 Omnes
1304 4776 1580 4832 christiani
1633 4791 1817 4833 sumus
1848 4795 1861 4831 :
1892 4792 1991 4833 nos

400 4878 561 4933 etiam
620 4874 840 4946 majoris
883 4873 1106 4945 periculi
1164 4871 1428 4928 sarcinam
1478 4871 1828 4927 sustinemus.
1877 4870 1991 4927 Ste—

399 4985 463 5040 pe
512 4969 580 5025 de
626 4960 787 5023 nobis
821 4965 1045 5034 dicitur,
1086 4963 1187 5020 Ivit
1232 4963 1298 5019 ad
1347 4964 1490 5019 illam
1547 4970 1864 5033 potestatem
1896 4973 1989 5020 :et

396 5060 525 5132 quid
565 5048 762 5132 quaerit
792 5058 1074 5129 episcopus
1112 5072 1235 5112 cum
1264 5055 1351 5109 illa
1378 5054 1680 5125 potestate?
1700 5053 1769 5108 Et
1810 5064 1986 5111 tamen

397 5168 590 5209 onmes
609 5144 780 5207 nostis
806 5149 927 5221 quia
956 5156 1147 5204 vestrae
1172 5147 1520 5203 necessitates
1544 5161 1642 5200 nos
1670 5154 1866 5216 cogunt
1889 5161 1987 5202 ve-

395 5248 513 5303 nire
537 5260 645 5318 quo
672 5242 922 5299 nolumus
948 5260 962 5297 :
989 5240 1298 5305 observare,
1328 5246 1451 5294 ante
1479 5238 1674 5293 ostium
1701 5246 1874 5304 stare,
1900 5238 1985 5292 in-

398 5339 667 5395 trantibus
692 5337 865 5407 dignis
889 5344 945 5392 et
967 5332 1200 5404 indignis
1224 5340 1540 5403 exspectare
1560 5372 1575 5398 ,
1607 5322 1871 5396 nuntiari,
1898 5331 1985 5385 vix

390 5429 680 5502 aliquando
731 5427 937 5500 admitti
967 5444 981 5480 :
1016 5424 1158 5481 ferre
1206 5423 1568 5493 humilitates,
1614 5438 1842 5494 rogare,
1885 5422 1986 5477 ali-

457 5568 476 5600 ι
500 5572 633 5626 Lov.,
655 5563 874 5629 prohibet
890 5576 922 5614 a
939 5560 1142 5629 militia,
1169 5559 1257 5613 sed
1278 5573 1311 5612 a
1331 5558 1536 5612 malitia.
1552 5567 1724 5612 meum
1744 5561 1806 5611 ad
1828 5560 1986 5613 Theo-

390 5626 709 5700 άθςίςθξιεεῖι)
731 5626 1194 5700 ’ἔθ’-..ωξέίέδνίωυξ·
1278 5699 1281 5700 ν
1331 5686 1369 5700 .t
1446 5686 1460 5700 .
1496 5686 1511 5700 .

456 5691 530 5753 (a)
562 5687 869 5761 Provincialis
887 5686 1063 5761 dicitur
1082 5686 1389 5761 quisque_de_
1414 5686 1562 5761 plebe
1597 5686 1987 5761 militipraabeps

391 5748 651 5811 anaonam,
668 5757 724 5801 ut
744 5750 917 5813 videre
930 5757 1017 5813 est
1033 5748 1195 5798 Enarr.
1213 5748 1266 5799 in
1289 5748 1497 5799 Psalf90
1517 5786 1531 5811 ,
1556 5764 1706 5801 serm.
1731 5748 1787 5811 1⁷,
1817 5765 1865 5800 n.
1898 5753 1983 5813 10,

390 5812 1371 5878 οιωπ.ωι›εαι.ίοες,εθτω.δ,ιι.9.

1649 311 1706 369 S.
1748 296 2115 367 AUGUSTINI
2153 298 2454 365 EPISCOPI

3565 307 3716 368 1392

2109 425 2322 496 quando
2359 404 2646 494 impetrare
2667 463 2682 490 ,
2714 419 2999 493 aliquando
3026 419 3205 477 tristes
3231 420 3543 479 abscedere.
3575 422 3714 491 Quis

2109 519 2273 575 vellet
2299 518 2413 573 haec
2436 517 2545 588 pati
2570 516 2672 571 nisi
2706 514 3061 586 cogeremur?
3090 515 3449 582 Dimittamur,
3476 531 3584 572 non
3617 516 3712 575 illa

2109 613 2392 684 patiamur,
2439 624 2598 666 nemo
2642 623 2742 665 nos
2778 616 3119 680 cogatzecee
3161 608 3485 665 concedatur
3514 609 3707 676 nobis,

2107 707 2229 762 date
2248 705 2403 761 nobis
2430 704 2592 760 ferias
2612 703 2768 774 hujus
2796 703 2896 759 rei.
2919 702 3188 773 Rogamus
3216 716 3335 769 vos,
3359 702 3710 758 obsecramus

2096 815 2203 856 vos
2222 841 2239 868 ,
2263 815 2423 855 nemo
2444 814 2545 854 nos
2573 809 2728 869 cogat
2756 814 2770 852 :
2803 797 3054 853 nolumus
3073 795 3274 852 habere
3302 796 3709 862 rationemcum

2106 890 2477 963 potestatibus;
2493 889 2640 945 novit
2654 888 2745 944 ille
2758 888 2880 960 quia
2895 888 3154 958 cogimur.
3170 887 3238 941 Et
3254 888 3398 957 ipsas
3414 896 3709 957 potestates

2105 982 2184 1037 sic
2206 981 2463 1038 habemus
2486 1023 2501 1047 ,
2527 979 2797 1052 quomodo
2824 979 3157 1035 Christianos
3187 978 3385 1035 habere
3410 980 3669 1036 debemus
3687 1021 3705 1050 ,

2105 1076 2148 1130 si
2165 1073 2497 1130 Christianos
2523 1074 2576 1129 in
2599 1072 2784 1129 eadem
2808 1081 3072 1145 potestate
3100 1072 3433 1141 invenimus;
3458 1082 3512 1130 et
3536 1073 3707 1147 Paga-

2105 1181 2239 1235 nos,
2287 1165 2558 1237 quomodo
2605 1164 2849 1237 Paganos
2889 1164 3088 1221 habere
3130 1165 3422 1232 debemus;
3454 1167 3706 1225 omnibus

2104 1258 2244 1314 bona
2276 1260 2539 1316 volentes.
2571 1257 2677 1315 Sed
2716 1273 2966 1315 moneam
2987 1300 3005 1327 ,
3036 1258 3238 1329 inquit,
3289 1268 3614 1331 potestates,
3648 1272 3707 1318 ut

2103 1350 2242 1406 bona
2293 1350 2510 1407 faciant.
2570 1349 2738 1407 Vobis
2785 1352 3137 1422 prmsentibus
3182 1352 3436 1407 monituri
3476 1352 3706 1409 sumus?

2105 1442 2294 1509 Scitis,
2326 1444 2369 1499 si
2409 1441 2750 1499 monuimus?
2774 1442 3001 1498 Nescitis
3025 1485 3041 1511 ,
3083 1443 3197 1499 sive
3226 1443 3517 1501 fecerimus
3538 1485 3553 1511 ,
3584 1446 3705 1501 sive

2104 1552 2212 1592 non
2243 1536 2544 1592 fecerimus.
2587 1535 2703 1593 Hoc
2755 1536 2915 1605 novi,
2961 1537 3085 1608 quia
3126 1537 3383 1604 nescitis,
3412 1548 3467 1593 et
3496 1547 3705 1595 temere

2099 1627 2371 1699 judicatis.
2401 1628 2623 1697 Tamen,
2652 1627 2847 1685 fratres
2864 1629 2990 1697 mei,
3014 1628 3241 1686 obsecro
3267 1644 3386 1697 vos,
3415 1630 3485 1688 de
3536 1642 3699 1703 pote-

2110 1721 2340 1776 statibus
2365 1728 2542 1792 potest
2561 1721 2693 1777 mihi
2709 1720 2812 1778 dici
2831 1739 2844 1776 :
2862 1721 3101 1778 Moneret
3124 1721 3367 1790 illum,et
3390 1721 3530 1779 bona
3559 1724 3707 1781 face-

2102 1821 2205 1870 ret.
2237 1813 2306 1868 Et
2345 1813 2648 1885 reSpondeo
2673 1829 2773 1887 ego
2798 1832 2813 1870 :
2834 1814 3041 1883 Monui,
3072 1816 3166 1872 sed
3197 1833 3305 1872 non
3345 1832 3433 1874 me
3474 1819 3701 1876 audivit.

2102 1906 2172 1962 Et
2192 1907 2264 1963 ibi
2288 1908 2500 1976 monui,
2534 1908 2624 1963 ubi
2648 1918 2704 1964 tu
2730 1923 2835 1964 non
2879 1908 3095 1965 audisti.
3127 1910 3393 1982 Populum
3435 1912 3555 1984 quis
3579 1929 3703 1969 mo-

2102 2009 2195 2058 net
2221 2001 2273 2057 in
2305 2002 2496 2072 parte?
2529 2002 2622 2067 Vel
2655 2003 2922 2072 potuimus
2951 2018 3116 2058 unum
3151 2003 3425 2061 hominem
3466 2006 3519 2061 in
3545 2016 3706 2077 parte

2101 2093 2395 2151 admonere
2416 2137 2430 2161 ,
2460 2104 2515 2151 et
2535 2094 2717 2151 dicere
2743 2114 2757 2151 :
2786 2095 2877 2153 Sic
2899 2112 2997 2168 age
3016 2138 3031 2163 ,
3062 2097 3149 2153 vel
3182 2098 3262 2153 sic
3289 2113 3422 2170 age,
3451 2098 3539 2155 ubi
3563 2100 3705 2159 alius

2101 2187 2278 2242 nullus
2301 2196 2463 2243 esset.
2495 2187 2625 2256 Quis
2649 2187 2811 2244 ducat
2830 2189 3089 2260 populum
3119 2190 3171 2245 in
3202 2200 3435 2261 partem,
3459 2199 3516 2248 et
3548 2192 3703 2248 nullo

2102 2280 2304 2335 sciente
2332 2287 2549 2336 moneat
2577 2281 2867 2351 populum?

2172 2371 2261 2427 18.
2290 2370 2463 2426 Malus
2478 2382 2728 2438 mortuus,
2752 2372 2825 2427 bis
2849 2372 3116 2429 dolendus.
3148 2371 3250 2428 Ista
3278 2374 3573 2431 necessitas
3615 2375 3700 2450 (a)

2100 2478 2201 2519 nos
2237 2465 2410 2535 coegit
2434 2465 2558 2520 talia
2588 2466 2739 2521 vobis
2767 2466 2932 2537 loqui,
2963 2482 3031 2521 ne
3060 2466 3254 2521 malam
3280 2469 3542 2526 rationem
3571 2470 3700 2525 red-

2100 2556 2290 2611 damus
2331 2556 2438 2611 Deo
2463 2556 2532 2612 de
2561 2557 2752 2623 vobis;
2777 2572 2843 2611 ne
2872 2558 3079 2612 dicatur
3105 2557 3281 2626 nobis,
3310 2558 3391 2615 Tu
3424 2575 3697 2629 maneres,

2100 2655 2156 2702 tu
2181 2648 2358 2715 dares,
2384 2662 2485 2718 ego
2517 2648 2784 2720 exigerem
2821 2648 2970 2721 (Luc.
3002 2665 3113 2718 nx,
3137 2649 3253 2723 25).

2171 2739 2399 2795 CAPUT
2435 2739 2556 2795 XX.
2583 2771 2654 2782 —
2682 2740 2920 2797 Avertite
2953 2757 3082 2813 ergo
3129 2756 3261 2810 vos,
3313 2756 3443 2815 ergo
3478 2746 3700 2802 omnino

2100 2834 2326 2889 avertite
2353 2842 2449 2889 vos
2472 2834 2541 2889 ab
2567 2833 2683 2889 istis
2711 2836 2946 2891 cruentis
2974 2836 3146 2891 factis.
3170 2835 3287 2893 Non
3317 2837 3385 2894 ad
3410 2853 3507 2894 vos
3527 2840 3700 2910 perti-

2100 2937 2245 2995 neat,
2277 2942 2399 2983 cum
2436 2927 2557 2982 talia
2589 2928 2785 2984 videtis
2815 2938 2866 2984 et
2908 2928 3127 2996 auditis,
3160 2930 3261 2985 nisi
3291 2932 3554 2987 misereri.
3587 2932 3699 2990 Sed

2098 3018 2273 3074 malus
2290 3028 2532 3075 mortuus
2550 3028 2652 3075 est.
2678 3019 2770 3074 Bis
2785 3018 3048 3076 dolendus
3071 3029 3149 3076 est
3168 3036 3183 3087 ;
3200 3021 3324 3092 quia
3354 3031 3411 3077 et
3434 3032 3695 3090 mortuus,

2099 3122 2155 3168 et
2180 3112 2370 3167 malus.
2394 3111 2483 3167 Bis
2510 3104 2806 3178 dolendus;
2834 3112 2958 3183 quia
2986 3112 3068 3167 bis
3096 3123 3360 3179 mortuus,
3394 3124 3449 3171 et
3490 3125 3695 3187 tempo-

2099 3204 2302 3270 raliter,
2330 3214 2385 3260 et
2409 3205 2461 3259 in
2490 3212 2769 3260 mternum.
2793 3203 2927 3260 Nam
2971 3204 3017 3260 si
3053 3205 3225 3262 bonus
3256 3216 3499 3264 mortuus
3531 3219 3694 3277 esset,

2099 3296 2293 3354 affectu
2339 3297 2574 3354 humano
2602 3297 2937 3364 doleremus;
2970 3297 3092 3368 quia
3132 3298 3368 3355 deseruit
3412 3315 3531 3367 nos,
3571 3302 3697 3373 quia

2097 3392 2408 3447 volebamus
2454 3408 2577 3448 eum
2617 3391 2893 3447 nobiscum
2936 3391 3136 3446 vivere.
3169 3391 3292 3447 Mali
3330 3393 3450 3465 plus
3479 3393 3697 3451 dolendi

2100 3490 2261 3548 sunt;
2287 3483 2407 3552 quia
2434 3492 2555 3555 post
2578 3482 2714 3537 hanc
2740 3482 2902 3537 vitam
2932 3496 2962 3536 a
2985 3484 3157 3553 poenis
3178 3486 3393 3540 aeternis
3423 3486 3697 3557 excipiun-

2100 3583 2206 3630 tur.
2240 3574 2430 3630 Dolere
2456 3590 2583 3645 ergo
2608 3573 2677 3629 ad
2705 3589 2801 3629 vos
2820 3575 3112 3644 pertineat,
3135 3573 3328 3631 fratres
3349 3578 3484 3644 mei;
3511 3576 3697 3634 dolere

2097 3667 2165 3724 ad
2193 3682 2288 3722 vos
2313 3669 2596 3738 pertineat,
2637 3682 2742 3723 non
2773 3668 2985 3723 szevirc.

2169 3760 2397 3817 CAPUT
2436 3760 2656 3816 XXl.——
2674 3759 2764 3816 l9.
2799 3760 2980 3817 Civiles
3003 3763 3250 3818 tumultus
3269 3762 3531 3836 prohibere
3551 3764 3695 3837 quis-

2098 3870 2195 3925 que
2227 3872 2320 3927 pro
2350 3854 2538 3910 viribus
2567 3854 2727 3909 debet.
2755 3853 2859 3911 Sed
2900 3871 3086 3926 parum
3113 3865 3216 3924 est,
3261 3866 3315 3912 ut
3343 3857 3471 3923 dixi,
3506 3874 3695 3929 parum

2099 3955 2182 4002 est
2208 3956 2260 4001 ut
2285 3962 2390 4001 non
2411 3946 2633 4014 faciatis,
2653 3962 2840 4017 parum
2868 3957 2950 4002 est
2968 3957 3024 4002 ut
3050 3947 3298 4015 dolentis,
3318 3950 3418 4005 nisi
3445 3950 3603 4006 etiam
3630 3967 3694 4007 ea

2099 4056 2220 4111 qua:
2240 4040 2306 4095 ad
2325 4040 2505 4112 populi
2523 4040 2794 4111 pertinent
2816 4048 3131 4110 potestatem
3155 4057 3252 4112 pro
3281 4043 3481 4098 viribus
3503 4044 3695 4100 vestris

2099 4130 2443 4202 prohibeatis.
2469 4130 2584 4186 Non
2614 4130 2755 4198 dico,
2787 4130 3004 4199 fratres,
3026 4133 3147 4204 quia
3176 4141 3352 4204 potest
3375 4135 3567 4206 aliquis
3599 4150 3696 4191 ve-

2098 4234 2267 4279 strum
2297 4223 2445 4279 exire
2471 4232 2525 4279 et
2547 4223 2802 4294 populum
2830 4225 3119 4295 prohibere
3150 4243 3162 4280 :
3189 4226 3292 4282 hoc
3316 4242 3415 4282 nec
3441 4242 3541 4282 nos
3566 4242 3693 4298 pos-

2097 4330 2281 4369 sumus
2310 4333 2322 4368 :
2353 4314 2448 4370 sed
2478 4315 2845 4386 unusquisque
2882 4316 2937 4370 in
2982 4315 3144 4372 domo
3170 4332 3267 4372 sua
3304 4318 3471 4373 filium
3512 4335 3689 4387 suum,

2096 4421 2309 4460 servum
2351 4421 2528 4472 suum,
2562 4407 2792 4462 amicum
2818 4423 2973 4463 suum
2995 4451 3010 4475 ,
3039 4409 3269 4464 vicinum
3311 4426 3488 4478 smun,
3522 4412 3692 4467 clien-

2098 4508 2203 4553 tem
2244 4515 2396 4554 suum
2419 4541 2435 4567 ,
2462 4498 2724 4555 minorem
2769 4516 2946 4556 suum.
2979 4501 3133 4572 Agite
3170 4514 3291 4556 cum
3334 4504 3437 4558 illis
3458 4546 3471 4570 ,
3501 4514 3560 4559 ut
3591 4506 3691 4560 ista

2097 4604 2201 4644 non
2232 4590 2443 4645 faciant.
2477 4590 2681 4658 Quibus
2708 4593 2963 4662 potestis,
2996 4593 3246 4659 suadete;
3277 4602 3333 4649 et
3353 4594 3404 4648 in
3431 4610 3566 4664 quos
3592 4611 3694 4665 po-

2098 4692 2345 4740 testatem
2376 4684 2611 4749 habetis,
2655 4687 2997 4742 severitatem
3028 4685 3300 4743 adhibete.
3344 4686 3514 4744 Unum
3555 4691 3692 4756 scio,

2095 4776 2234 4847 quod
2265 4792 2453 4833 omnes
2478 4792 2688 4832 mecum
2718 4777 2913 4844 sciunt,
2948 4779 3000 4833 in
3029 4778 3130 4833 hac
3154 4780 3367 4836 civitate
3388 4781 3582 4836 multas
3614 4782 3699 4837 in-

2096 4868 2265 4923 veniri
2293 4866 2482 4924 domos
2503 4912 2518 4934 ,
2554 4869 2604 4923 in
2633 4868 2827 4939 quibus
2864 4885 2967 4924 non
3010 4871 3078 4925 sit
3129 4872 3215 4926 vel
3250 4886 3387 4927 unus
3414 4888 3696 4945 paganus;

2096 4961 2295 5016 nullam
2324 4960 2543 5016 domum
2571 4961 2819 5030 inveniri,
2842 4962 2932 5016 ubi
2957 4978 3062 5018 non
3090 4962 3197 5018 sint
3217 4963 3522 5020 Christiani.
3554 4965 3621 5020 Et
3650 4967 3697 5022 si

2096 5052 2416 5109 discutiatur
2434 5050 2743 5124 diligenter,
2777 5053 2920 5108 nulla
2951 5053 3142 5110 domus
3164 5055 3448 5122 invenitur,
3466 5057 3555 5112 ubi
3582 5073 3693 5114 non

2095 5151 2276 5218 plures
2303 5145 2588 5201 Christiani
2620 5147 2726 5200 sint
2757 5162 2915 5217 quam
2946 5147 3152 5218 pagani.
3184 5147 3380 5203 Verum
3408 5156 3522 5217 est,
3557 5165 3693 5205 con-

2095 5240 2323 5294 sentitis.
2346 5237 2551 5293 Videtis
2576 5253 2706 5310 ergo
2742 5239 2865 5310 quia
2898 5240 3036 5293 mala
3067 5257 3170 5295 non
3196 5239 3386 5298 fierent
3408 5282 3424 5307 ,
3453 5242 3497 5296 si
3530 5240 3693 5298 Clu-i-

2094 5333 2250 5388 stiani
2296 5332 2519 5387 nollent.
2564 5330 2680 5387 Non
2734 5340 2819 5387 est
2862 5331 2989 5403 quid
3031 5333 3438 5405 respondeatur.
3469 5334 3693 5393 Occulta

2093 5425 2230 5480 mala
2255 5433 2473 5494 possent
2489 5423 2622 5491 fieri,
2650 5423 2860 5495 publica
2887 5439 2993 5479 non
3015 5433 3254 5495 possent,
3285 5425 3692 5497 prohibentibus

2092 5515 2438 5583 Christianis;
2470 5515 2591 5586 quia
2621 5516 2987 5587 unusquisque
3015 5526 3223 5573 teneret
3249 5533 3462 5574 servum
3494 5534 3687 5585 suum,

2094 5610 2458 5681 unusquisque
2490 5617 2697 5665 teneret
2718 5608 2883 5664 lilium
2914 5625 3071 5665 suum
3106 5628 3120 5666 :
3157 5610 3552 5668 adolescentem
3583 5613 3686 5668 do.

2154 5745 2228 5810 (a)
2258 5746 2412 5817 caedis
2440 5759 2622 5811 nempe
2666 5747 2718 5797 in
2754 5746 2933 5799 malum
2955 5750 3231 5817 quempiam
3267 5748 3397 5803 civili
3438 5749 3685 5807 seditione

2094 5816 2407 5877 perpetratae:
