4036 6452
385 375 406 433 1
418 378 524 436 395

380 502 551 550 uiaret
573 493 832 550 severitas
861 480 1046 564 patris,
1069 490 1325 548 severitas
1352 490 1544 563 patrui,
1569 493 1826 548 severitas
1850 508 1965 547 ma-

376 585 564 658 gistri,
617 585 874 640 severitas
924 584 1048 640 boni
1093 583 1272 652 vicini,
1312 585 1567 639 severitas
1611 585 1965 641 correctionis

375 679 597 748 majoris
618 679 803 748 ipsius.
830 677 954 732 Hatc
982 677 1026 732 si
1053 677 1129 731 sic
1153 686 1458 748 agerentur,
1490 693 1594 734 non
1615 678 1837 733 multum
1865 695 1964 735 nos

375 773 512 827 mala
535 771 929 828 contristarent.

446 867 673 923 CAPUT
711 867 875 922 XXII.
911 899 984 908 —
1014 868 1104 924 20.
1147 867 1238 923 Ira
1273 868 1368 923 Dei
1408 885 1470 924 ea:
1514 869 1689 939 populi
1725 868 1959 939 peccatis.

373 958 588 1015 Fratres
618 961 744 1027 mei,
769 962 898 1015 iram
925 962 1016 1016 Dei
1051 962 1232 1017 timeo.
1265 962 1404 1017 Deus
1445 978 1548 1016 non
1577 962 1726 1016 timet
1756 962 1958 1016 turbas.

371 1051 540 1119 Quam
572 1052 679 1106 cito
718 1053 931 1120 dicitur,
957 1053 1105 1121 Quod
1149 1055 1376 1124 populus
1415 1053 1558 1120 fecit,
1590 1054 1775 1109 fecerit
1804 1071 1818 1108 :
1845 1055 1962 1123 quis

370 1156 450 1197 est
485 1145 573 1214 qui
598 1145 830 1200 vindicet
857 1146 1145 1216 populum?
1165 1147 1334 1213 itane,
1367 1148 1484 1217 quis
1511 1148 1626 1202 est?
1657 1162 1756 1202 nec
1787 1147 1960 1201 Deus?

369 1237 570 1290 'i‘imuit
601 1239 740 1292 enim
778 1238 918 1293 Deus
946 1240 1251 1294 universum
1282 1239 1560 1303 mundum,
1588 1239 1799 1311 quando
1830 1238 1959 1294 fecit

368 1327 663 1381 diluvium?
685 1328 886 1383 Timuit
909 1337 987 1384 tot
1010 1331 1252 1385 civitates
1273 1330 1518 1386 Sodomm
1539 1340 1593 1385 et
1622 1329 1955 1397 Gomorrhte,

368 1422 582 1490 quando
614 1422 816 1476 caelesti
841 1422 1038 1477 delevit
1065 1422 1184 1493 igne
1203 1423 1226 1476 ?
1242 1422 1376 1478 Nolo
1401 1423 1507 1493 jam
1526 1423 1704 1478 dicere
1723 1422 1790 1477 de
1819 1438 1958 1492 prte-

366 1517 610 1570 sentibus
641 1516 816 1582 malis,
847 1525 1040 1587 quanta
1069 1527 1122 1570 et
1152 1517 1240 1570 ubi
1279 1516 1416 1571 facta
1444 1525 1588 1581 sunt,
1621 1526 1674 1571 et
1712 1532 1830 1586 quae
1872 1531 1960 1572 se-

364 1619 486 1661 cuta
515 1617 670 1674 sunt;
703 1607 826 1662 nolo
862 1623 1318 1671 commemorare,
1355 1623 1424 1662 ne
1451 1607 1632 1662 videar
1679 1607 1954 1663 insultare.

364 1699 632 1770 Numquid
661 1702 713 1754 in
745 1701 819 1755 ira
856 1717 950 1756 sua
979 1702 1211 1771 sejunxit
1239 1702 1377 1758 Deus
1418 1716 1510 1758 eos
1547 1702 1637 1772 qui
1670 1701 1952 1767 faciebant,

365 1792 434 1847 ab
458 1793 538 1848 eis
579 1793 669 1863 qui
714 1808 820 1847 non
863 1794 1162 1848 faciebant?
1191 1794 1293 1849 Sed
1320 1794 1496 1864 junxit
1533 1811 1625 1850 eos
1665 1794 1755 1866 qui
1796 1793 1958 1852 facie-

366 1885 515 1953 bant,
547 1901 667 1941 cum
700 1886 778 1940 eis
808 1887 897 1956 qui
927 1902 1030 1941 non
1060 1885 1434 1956 prohibebant.

437 1977 663 2034 CAPUT
704 1977 1087 2033 XXlll.-—9.l.
1134 1976 1370 2050 Populus
1406 1996 1467 2033 ne
1501 1979 1594 2033 sibi
1634 1990 1798 2033 sumat
1821 1980 1956 2049 quod

365 2072 436 2126 ad
463 2081 728 2142 potestates
749 2071 991 2141 pertinet,
1025 2087 1144 2125 nere
1169 2071 1454 2125 inordinate
1477 2071 1649 2126 steviat
1683 2071 1735 2125 in
1771 2072 1950 2126 malos.

366 2165 714 2236 Explicemus
743 2180 870 2235 ergo
909 2163 1192 2234 aliquando
1229 2179 1569 2231 sermonem,
1602 2162 1794 2219 fratres
1827 2165 1950 2218 tnei.

363 2257 653 2314 Hortamur
675 2273 790 2321 vos,
826 2256 1172 2312 obsecramus
1206 2273 1300 2312 vos
1330 2273 1426 2327 per
1449 2257 1730 2312 Dominum
1758 2266 1812 2312 et
1837 2258 1954 2328 ejus

361 2349 845 2414 mansuetudinem,
892 2359 948 2402 ut
996 2357 1276 2404 mansuete
1306 2349 1522 2415 vivatis,
1554 2349 1771 2416 pacitice
1809 2348 1954 2403 viva-

368 2443 466 2508 tis;
496 2450 784 2512 potestates
805 2441 981 2496 facere
1006 2440 1147 2511 quod
1174 2441 1240 2496 ad
1259 2440 1378 2494 illas
1402 2440 1653 2510 pertinet,
1683 2441 1821 2495 unde
1845 2441 1954 2495 Deo

361 2544 418 2591 et
461 2534 752 2605 majoribus
799 2534 908 2589 suis
951 2534 1237 2589 redditurae
1267 2542 1392 2589 sunt
1415 2534 1696 2598 rationem,
1732 2532 1952 2603 pacitice

362 2626 679 2696 permittatis
705 2627 1176 2696 :quotiescumque
1205 2623 1494 2696 petendum
1525 2633 1629 2691 est,
1655 2624 1950 2680 honoriﬁce

359 2726 418 2773 et
443 2718 659 2788 pacitice
686 2718 896 2788 petatis.
929 2718 1060 2772 Cum
1083 2717 1165 2771 his
1193 2717 1284 2788 qui
1310 2717 1445 2771 mala
1477 2717 1694 2781 faciunt,
1726 2726 1780 2771 et
1809 2717 1947 2772 infe-

359 2809 532 2866 liciter
555 2819 714 2881 atque
749 2810 1046 2865 inordinate
1087 2810 1333 2877 saeviunt,
1371 2827 1477 2864 non
1516 2825 1611 2866 vos
1641 2811 1947 2878 misceatis;

357 2919 466 2959 non
511 2903 703 2959 talibus
743 2901 894 2958 factis
936 2904 1020 2959 vel
1054 2903 1359 2973 spectandis
1399 2904 1658 2958 interesse
1699 2903 1945 2972 cupiatis.

357 2996 467 3053 Sed
492 3006 746 3068 quantum
778 2997 1019 3066 potestis,
1050 2997 1273 3066 quisque
1302 2996 1352 3049 in
1385 2995 1546 3051 domo
1575 3011 1670 3050 sua
1700 3003 1755 3049 et
1790 2997 1842 3049 in
1867 2996 1948 3049 vi-

356 3089 495 3145 cinia
525 3104 640 3154 sua,
670 3104 790 3142 cum
821 3103 886 3142 eo
916 3103 1035 3142 cum
1072 3102 1177 3157 quo
1207 3086 1367 3142 habet
1393 3088 1618 3156 alicujus
1648 3089 1948 3142 necessitu-

354 3183 496 3238 dinis
547 3191 600 3238 et
649 3182 924 3236 charitatis
973 3181 1260 3243 vinculum,
1302 3180 1591 3245 moneatis,
1640 3181 1944 3246 suadentis,

354 3275 612 3339 doceatis,
640 3273 942 3345 corripiatis
966 3289 980 3338 ;
1019 3271 1520 3327 comminationibus
1545 3273 1705 3327 etiam
1731 3273 1951 3342 quibus-

353 3366 485 3422 libet
510 3382 540 3420 a
568 3367 726 3420 tantis
751 3366 902 3420 malis
925 3367 1218 3419 coerceatis
1252 3383 1262 3416 :
1291 3375 1346 3418 ut
1369 3364 1653 3434 aliquando
1676 3365 1815 3420 Deus
1847 3367 1948 3420 iiii-

350 3469 618 3524 sereatur,
647 3467 701 3512 et
727 3459 884 3512 linem
907 3458 998 3512 det
1025 3457 1270 3510 humanis
1294 3457 1476 3520 malis,
1509 3464 1563 3510 et
1604 3471 1710 3510 non
1751 3472 1946 3511 secun-

351 3551 482 3606 dum
529 3559 741 3620 peccata
784 3558 964 3604 nostra
1007 3547 1168 3602 faciat
1212 3548 1396 3611 nobis,
1441 3563 1612 3617 neque
1654 3549 1944 3603 secundum

351 3643 662 3713 iniquitates
693 3649 902 3695 nostras
932 3639 1193 3693 retribuat
1221 3637 1375 3693 nobis
1395 3679 1411 3704 ,
1442 3639 1535 3694 sed
1565 3648 1818 3708 quantmu
1863 3640 1946 3694 di-

349 3742 460 3790 stat
485 3742 632 3788 ortns
657 3732 723 3786 ab
749 3729 1048 3795 occidente,
1079 3729 1234 3800 longe
1271 3728 1430 3783 faciat
1469 3743 1498 3782 a
1538 3728 1692 3783 nobis
1730 3739 1944 3799 peccata

350 3833 534 3880 nostra
556 3822 726 3896 (Psal.
747 3837 838 3889 Cll,
859 3822 926 3877 10
943 3829 990 3876 et
1013 3820 1099 3893 12)
1123 3837 1137 3886 ;
1168 3829 1223 3876 et
1245 3829 1461 3890 propter
1485 3819 1743 3875 honorem
1768 3823 1943 3876 nomi-

349 3918 438 3973 nis
465 3917 545 3972 sui
568 3915 756 3971 liberet
778 3929 896 3981 nos,
926 3923 982 3968 et
1001 3912 1259 3984 propitius
1284 3913 1354 3966 sit
1378 3914 1609 3982 peccatis
1630 3913 1847 3979 nostris,
1877 3929 1944 3968 ne

350 4006 491 4062 forte
505 4007 685 4062 dicant
699 4016 905 4079 gentes,
922 4003 1025 4062 Ubi
1049 4012 1130 4060 est
1148 4003 1288 4060 Dens
1307 4019 1493 4059 eorum
1521 4003 1690 4076 (Psal.
1720 4020 1845 4059 1.1m
1858 4021 1938 4072 tu,

349 4098 620 4171 9ct10)?

848 4189 1084 4247 SERMO
1119 4187 1318 4246 CCClll
1336 4192 1354 4213 “
1381 4187 1481 4262 (a).

731 4314 785 4358 tn
805 4306 954 4358 Natali
976 4307 1200 4369 martyris
1214 4307 1483 4359 laurentii.
1507 4321 1556 4355 ιι.

424 4441 478 4496 1.
518 4439 820 4495 Laurentius
850 4437 1241 4492 archidiaconus
1283 4453 1401 4509 apes
1432 4435 1674 4490 Ecclesia:
1715 4441 1941 4507 proferre

341 4533 542 4606 jussus.
584 4531 731 4586 Beati
775 4529 1046 4584 Laurentii
1087 4529 1294 4584 illustre
1339 4529 1648 4600 martyrium
1695 4539 1794 4594 cst,
1843 4528 1940 4584 sed

346 4625 558 4688 Roma,
589 4639 696 4678 non
725 4623 813 4677 hic
851 4641 865 4677 :
905 4631 1106 4677 tantam
1143 4622 1282 4677 enim
1315 4621 1469 4675 video
1496 4630 1724 4676 vestram
1755 4622 1937 4691 pauci-

344 4727 535 4775 tatem.
563 4717 730 4784 Quam
754 4732 859 4770 non
890 4725 1064 4786 potest
1087 4715 1342 4770 abscondi
1374 4715 1562 4783 Roma,
1587 4723 1694 4769 tam
1715 4733 1818 4771 non
1846 4733 1938 4785 po-

345 4824 455 4872 test
499 4813 754 4871 abseondi
799 4812 1073 4867 Laurentii
1120 4826 1342 4867 corona.
1392 4810 1498 4866 Sed
1549 4827 1715 4881 quare
1763 4812 1940 4869 adhuc

346 4909 505 4964 istam
536 4907 802 4963 civitatem
829 4905 1040 4970 lateret,
1067 4903 1204 4958 scire
1227 4918 1330 4957 non
1355 4917 1592 4972 possum.
1625 4904 1760 4973 Ergo
1786 4905 1940 4973 pauci

344 4999 526 5058 audite
554 5013 720 5070 pauca
747 5017 759 5052 :
793 4998 914 5068 quia
937 5004 992 5051 et
1026 5009 1124 5050 nos
1153 4993 1204 5048 in
1227 4993 1328 5048 hac
1352 4993 1665 5048 lassitudine
1695 4996 1938 5064 corporis

345 5102 403 5149 et
428 5092 644 5148 testibus
670 5105 775 5144 non
808 5101 1091 5158 possumus
1124 5085 1307 5139 multa.
1331 5083 1594 5139 Diaconus
1615 5093 1751 5148 erat,
1780 5100 1938 5141 secu-

347 5194 434 5240 tus
463 5183 775 5254 Apostolos:
807 5190 1046 5250 tempore
1064 5186 1182 5249 post
1209 5177 1491 5246 Apostolos
1515 5175 1627 5232 fuit.
1651 5176 1780 5232 Cum
1810 5193 1938 5248 ergo

345 5274 670 5348 persecutio,
695 5288 855 5344 quam
885 5270 1044 5326 modo
1072 5285 1135 5324 ex
1167 5266 1457 5338 Evangelio
1482 5267 1702 5322 audistis
1733 5268 1936 5338 praedi-

345 5377 487 5422 ctam
509 5366 668 5422 iuisse
692 5362 1028 5429 Christianis,
1063 5362 1269 5428 Romae,
1303 5361 1440 5415 sicut
1462 5360 1512 5414 in
1539 5362 1749 5416 caneris
1773 5361 1932 5430 locis,

349 5457 698 5516 vehementer
719 5457 952 5522 arderet,
982 5462 1035 5510 et
1060 5463 1313 5525 tanquam
1343 5452 1410 5506 ab
1434 5451 1807 5509 archidiacono
1833 5469 1936 5525 po-

400 5602 420 5621 '
442 5608 724 5651 Sermonem
747 5600 840 5651 303
871 5600 919 5650 in
943 5601 1278 5661 manuscriptis
1298 5611 1397 5648 non
1424 5599 1718 5660 reperimus.
1749 5606 1920 5649 Notan-

335 5662 452 5714 dum
477 5673 552 5724 est
575 5673 863 5726 postremam
895 5671 1080 5726 partem
1103 5663 1246 5725 hujus
1268 5661 1536 5726 sermonis,
1556 5674 1583 5709 a
1616 5661 1780 5726 verbis
1800 5676 1848 5710 n.
1874 5661 1920 5720 2,

337 5729 509 5788 offerri?
541 5723 650 5778 nec.
679 5741 738 5775 ex
774 5728 866 5774 ﬁne
894 5723 1121 5788 tractatus
1155 5723 1198 5773 ς.
1234 5725 1446 5788 Cypriani
1484 5725 1546 5773 de
1583 5723 1922 5774 Exhortatione

337 5786 568 5851 martyrii,
594 5791 650 5836 ad
676 5795 996 5844 l-‘ortttnattttn,
1013 5787 1071 5835 ad
1095 5786 1298 5838 verbum
1316 5786 1605 5849 descriptam
1624 5799 1753 5836 esse.

419 5880 494 5943 (a)
529 5879 671 5942 Alias,
692 5877 758 5929 de
782 5877 989 5928 Diversis
1013 5872 1118 5926 125.

1771 373 1999 434 SERMO
2035 372 2251 431 CCClll.

3519 381 3662 450 130‘

2074 490 2279 546 stulatae
2307 507 2487 549 essent
2523 511 2609 551 res
2644 486 2931 565 neeiesite;
2963 497 3054 556 ille
3087 499 3432 572 respondisse
3460 501 3655 571 fertur,

2073 581 2345 638 Mittantur
2365 603 2558 641 mecum
2580 587 2826 656 vehicula,
2857 589 2911 644 in
2930 592 3108 662 quibus
3131 603 3397 664 apportem
3423 612 3542 666 opes
3565 595 3664 652 Ec-

2071 677 2254 730 clesiw.
2289 679 2510 748 Aperuit
2546 681 2726 738 fauces
2755 685 2973 740 avaritia
3002 703 3015 740 :
3049 687 3146 743 sed
3176 689 3374 744 sciebat
3411 690 3537 760 quid
3571 690 3658 746 fa-

2069 779 2218 823 ceret
2245 770 2523 840 sapientia.
2557 772 2822 830 Continuo
2864 776 3074 846 jussum
3110 789 3228 835 est:
3257 792 3386 850 quot
3411 782 3656 840 vehicula

2069 862 2330 931 poposcit,
2352 871 2426 918 tot
2453 865 2644 920 ierunt.
2666 867 2914 937 Poposcit
2942 878 3129 925 autem
3148 872 3309 927 multa
3336 891 3348 927 :
3381 883 3435 929 et
3455 885 3657 946 quanto

2072 953 2219 1022 plura
2259 965 2413 1010 erant
2452 958 2714 1026 vehicula,
2762 971 2907 1016 tanto
2937 972 3054 1016 erat
3097 965 3268 1034 major
3307 982 3430 1032 snes
3461 967 3655 1037 praeda:

2067 1043 2231 1100 corde
2259 1055 2551 1117 concepte.
2582 1049 2824 1120 Implevit
2843 1052 3084 1107 vehicula
3115 1057 3456 1125 pauperibus,
3480 1068 3534 1112 et
3562 1075 3654 1114 re-

2069 1153 2253 1192 versus
2279 1147 2360 1193 est
2401 1155 2522 1194 cum
2555 1141 2632 1196 eis
2657 1160 2669 1196 :
2699 1151 2752 1198 et
2784 1144 2982 1200 dictum
3014 1158 3094 1202 est
3124 1149 3193 1212 ei,
3226 1150 3362 1216 Quid
3401 1159 3484 1206 est
3513 1152 3656 1207 hoc?

2067 1228 2379 1300 Respondit,
2397 1231 2497 1288 Hae
2516 1245 2632 1288 sunt
2656 1236 2844 1292 divitiae
2860 1239 3119 1295 Ecclesite.
3140 1241 3330 1297 illusus
3345 1255 3656 1313 persecutor

2064 1320 2307 1378 ﬂammas
2337 1326 2609 1396 poposcit;
2636 1328 2730 1383 sed
2760 1344 2864 1384 non
2893 1341 3014 1386 erat
3036 1333 3123 1388 ille
3144 1333 3385 1405 frigidus,
3419 1346 3476 1390 ut
3503 1336 3656 1391 llam-

2065 1428 2181 1470 mas
2202 1415 2450 1472 timeret:
2485 1417 2708 1473 ardebat
2746 1436 2880 1489 pene
2906 1423 2922 1452 ¹
2953 1421 3152 1490 furore,
3184 1425 3278 1480 sed
3320 1426 3439 1495 plus
3474 1429 3653 1484 anima

2065 1507 2343 1566 charitate.
2377 1509 2514 1579 Quid
2558 1511 2828 1581 pluribus?
2871 1512 3134 1571 Craticula
3180 1518 3393 1575 admota
3434 1529 3551 1585 est,
3598 1528 3658 1577 et

2065 1606 2236 1654 tostus
2263 1609 2363 1655 est.
2389 1603 2595 1658 Etcum
2621 1619 2689 1682 ex
2714 1620 2819 1659 uno
2841 1604 3008 1662 latere
3031 1609 3269 1678 arsisset,
3287 1611 3483 1668 dicitur
3503 1623 3653 1669 tanta

2065 1693 2442 1763 tranquillitate
2471 1695 2560 1749 illa
2584 1704 2845 1752 tormenta
2878 1698 3155 1767 tolerasse,
3187 1704 3576 1774 utimpleretur
3597 1708 3653 1763 in

2063 1798 2129 1838 eo
2155 1786 2293 1854 quod
2322 1787 2480 1840 modo
2515 1787 2569 1842 in
2609 1788 2898 1860 Evangelio
2935 1791 3259 1862 audivimus,
3297 1795 3366 1850 In
3411 1799 3654 1866 patientia

2062 1886 2224 1931 vestra
2250 1879 2564 1946 possidebitis
2589 1882 2786 1936 animas
2815 1891 3004 1937 vestras
3022 1882 3173 1957 (Luc.
3203 1903 3320 1953 ut,
3351 1889 3462 1959 i9).
3485 1890 3646 1946 Deni-

2061 1986 2167 2040 que
2204 1970 2415 2026 ﬂamma
2456 1982 2626 2040 ustus,
2673 1975 2768 2030 sed
2811 1977 3064 2046 patientia
3117 1981 3431 2048 tranquillus
3461 1999 3474 2035 :
3501 1981 3650 2050 Jam,

2063 2061 2268 2131 inquit,
2301 2073 2492 2118 coctum
2521 2073 2624 2129 est;
2650 2067 2786 2137 quod
2815 2077 3059 2138 superest,
3089 2080 3279 2124 versate
3301 2088 3406 2138 me,
3437 2082 3484 2126 et
3509 2089 3655 2128 man-

2061 2155 2260 2209 ducate.
2290 2156 2418 2212 Tale
2460 2158 2611 2213 duxit
2639 2161 2952 2232 martyrium
2979 2181 2992 2216 :
3021 2163 3119 2217 ista
3158 2165 3330 2234 gloria
3363 2176 3652 2224 coronatus

2059 2259 2161 2302 est.
2195 2249 2452 2304 Beneﬁcia
2481 2251 2597 2320 ejus
2616 2252 2801 2307 Roma:
2827 2263 2934 2309 tam
2962 2255 3104 2310 clara
3131 2267 3274 2318 sunt,
3301 2247 3652 2315 ut’numerari

2059 2341 2280 2394 omnino
2307 2358 2413 2396 non
2437 2345 2659 2412 possint.
2693 2348 2797 2400 Iste
2837 2356 2921 2401 est
2955 2348 3022 2402 de
3056 2364 3163 2419 quo
3193 2350 3327 2404 dixit
3361 2351 3605 2408 Christus
3633 2371 3647 2408 :

2061 2429 2162 2498 Qui
2196 2432 2471 2501 perdiderit
2497 2436 2720 2490 animam
2749 2454 2893 2492 suam
2919 2449 3123 2511 prOpter
3153 2459 3231 2495 me
3250 2484 3264 2508 ,
3297 2444 3508 2497 salvabit
3539 2461 3651 2499 eam

2059 2521 2169 2593 (Id.
2202 2541 2276 2592 ix,
2303 2526 2415 2596 24).
2469 2525 2706 2583 Salvavit
2743 2545 2859 2584 eam
2903 2547 2997 2601 per
3040 2534 3232 2601 ﬁdem,
3276 2536 3501 2590 salvavit
3553 2555 3652 2606 per

2057 2624 2423 2687 contemptum
2453 2619 2669 2686 mundi,
2698 2621 2921 2676 salvavit
2950 2638 3046 2693 per
3081 2627 3412 2697 martyrium.
3439 2627 3646 2694 Quanta

2057 2716 2140 2762 est
2176 2708 2344 2778 gloria
2379 2710 2497 2780 ejus
2532 2711 2674 2781 apud
2715 2712 2884 2767 Deum
2909 2755 2921 2779 ,
2951 2714 3078 2769 dum
3103 2724 3246 2771 tanta
3273 2727 3354 2772 est
3384 2719 3496 2772 laus
3531 2720 3650 2788 ejus

2055 2801 2193 2870 apud
2225 2800 2510 2858 homines?

2129 2893 2185 2948 2.
2217 2893 2507 2965 Martyrum
2546 2913 2732 2952 merces
2770 2897 3026 2954 Christum
3074 2903 3389 2972 sequentibus
3442 2911 3642 2973 parata.

2055 2985 2352 3057 Sequamur
2378 2989 2596 3059 vestigia
2626 2990 2742 3058 ejus
2773 2991 2911 3057 ﬁde,
2941 3007 3228 3062 sequamur
3256 3003 3311 3049 et
3337 3005 3648 3065 contemptu

2056 3079 2258 3132 n'nindi.
2293 3079 2412 3134 Non
2458 3080 2630 3135 solum
2663 3083 2987 3154 martyribus
3020 3087 3238 3153 prannia
3270 3089 3651 3155 promittuntur

2053 3170 2290 3225 coelestia
2312 3213 2327 3238 ,
2361 3171 2454 3226 sed
2481 3173 2639 3227 etiam
2667 3173 2870 3242 integra
2907 3173 3012 3229 ﬁde
3038 3184 3092 3230 et
3116 3177 3348 3246 perfecta
3388 3178 3648 3235 charitate

2053 3260 2322 3316 Christum
2369 3264 2736 3332 sequentibus.
2780 3263 2912 3318 Nam
2959 3266 3096 3320 inter
3124 3278 3386 3340 martyres
3417 3269 3648 3324 honora-

2057 3360 2140 3405 tus
2170 3361 2272 3418 est,
2309 3353 2418 3421 ipsa
2439 3354 2665 3408 veritate
2691 3355 2998 3423 pollicente,
3025 3371 3089 3411 ac
3109 3356 3317 3412 dicente
3343 3378 3353 3411 :
3386 3357 3551 3413 Nemo
3572 3369 3647 3415 est

2051 3443 2138 3511 qui
2156 3441 2407 3512 relinquat
2439 3443 2664 3506 domum,
2697 3454 2782 3496 aut
2809 3463 3008 3515 agrum,
3034 3457 3123 3499 aut
3145 3459 3396 3516 parentes,
3423 3460 3511 3503 aut
3534 3441 3646 3520 {ra-

2053 3543 2172 3599 tres,
2204 3544 2292 3586 aut
2316 3549 2542 3598 uxorem,
2573 3543 2660 3587 aut
2693 3535 2846 3601 ﬁlios,
2885 3545 2930 3589 et
2965 3553 3063 3590 non
3093 3538 3301 3610 recipiat
3329 3541 3508 3610 septies
3533 3549 3651 3596 tan-

2053 3634 2159 3678 tum
2180 3627 2231 3678 in
2251 3626 2346 3679 ista
2367 3636 2611 3695 tempore,
2639 3627 2693 3680 in
2721 3629 2907 3682 sarculo
2932 3639 3098 3684 autent
3129 3633 3299 3702 futuro
3327 3634 3477 3686 vitam
3496 3645 3646 3688 ceter-

2051 3734 2170 3770 nam
2195 3718 2390 3772 [rubebit
2412 3718 2430 3790 (
2453 3718 2638 3775 Matth.
2668 3734 2779 3785 nx,
2819 3718 2934 3792 29).
2957 3721 3092 3788 Quid
3124 3730 3206 3775 est
3230 3723 3509 3791 gloriosius
3540 3725 3643 3780 lto—

2050 3810 2200 3875 mini,
2233 3826 2392 3879 quam
2414 3826 2508 3866 sua
2535 3811 2788 3880 vendere,
2815 3821 2865 3868 et
2896 3811 3164 3868 Christum
3193 3830 3374 3871 emere
3402 3814 3474 3890 (a)
3499 3859 3514 3884 ,
3553 3818 3639 3872 of-

2050 3898 2189 3955 ferre
2215 3901 2326 3955 Deo
2355 3903 2787 3972 acceptissimmn
2819 3919 3015 3960 munus
3035 3948 3049 3971 ,
3083 3906 3444 3977 incorruptam
3472 3910 3640 3965 virtu-

2051 4001 2155 4047 tem
2185 3995 2398 4061 mentis,
2432 3995 2748 4050 incolumem
2773 3997 2980 4052 laudem
3011 3998 3343 4068 devotionis;
3366 4000 3640 4059 Christum

2047 4085 2312 4152 comitari,
2359 4100 2480 4140 cum
2521 4087 2707 4143 venire
2747 4089 2972 4158 eruperit
3001 4090 3286 4145 vindictam
3319 4093 3385 4147 dc
3410 4093 3640 4150 inimicis

2047 4190 2392 4249 recepturus;
2421 4180 2573 4234 lateri
2599 4182 2718 4249 ejus
2747 4182 3024 4249 assistere,
3053 4199 3174 4238 cum
3207 4184 3409 4240 sederit
3429 4186 3640 4257 judica-

2047 4283 2232 4338 turus;
2278 4273 2610 4329 cohaeredem
2653 4273 2850 4330 Christi
2891 4277 3030 4343 ﬁeri,
3070 4276 3288 4348 Angelis
3333 4281 3636 4352 adzequari,

2045 4380 2164 4420 cum
2192 4365 2540 4432 Patriarchis,
2575 4383 2695 4420 cum
2721 4369 3015 4436 Apostolis,
3041 4383 3160 4424 cum
3193 4371 3495 4440 Prophctis,
3526 4390 3639 4431 cce-

2046 4457 2196 4512 lestis
2226 4457 2371 4527 regni
2397 4457 2736 4528 possessione
2771 4458 2980 4514 lactari?
3006 4459 3113 4516 Has
3140 4462 3487 4530 cogitationes
3517 4481 3639 4534 qua:

2046 4550 2348 4620 persecutio
2379 4559 2551 4619 potest
2578 4551 2789 4606 vincere
2812 4593 2824 4616 ,
2849 4569 2969 4622 quae
2997 4561 3223 4622 possunt
3251 4564 3513 4609 tormenta
3541 4571 3637 4610 su-

2047 4641 2274 4712 perare?
2304 4641 2462 4708 Dura,
2490 4641 2640 4696 fortis
2665 4644 2706 4709 ³,
2731 4653 2786 4698 et
2813 4643 3018 4698 stabilis
3049 4643 3310 4712 religiosis
3331 4645 3636 4702 meditatio-

2045 4736 2205 4791 nibus
2228 4735 2443 4790 fundata
2467 4752 2640 4802 mens,
2670 4745 2722 4792 et
2753 4737 3012 4792 adversus
3041 4752 3229 4791 omnes
3257 4739 3426 4792 zabuli
3459 4747 3635 4796 terro-

2045 4845 2134 4886 res
2159 4839 2213 4885 et
2242 4830 2416 4886 minas
2448 4830 2630 4886 mundi
2662 4832 2871 4886 animus
2902 4831 3188 4886 immobilis
3217 4842 3447 4902 perstat,
3471 4851 3632 4906 quem

2109 5007 2127 5038 ι
2146 5011 2311 5066 Forte,
2347 5016 2518 5070 preme.

2052 5149 2063 5160 ο
2107 5091 2128 5121 ι
2148 5089 2277 5152 Apud
2295 5090 2598 5162 Cyprianum!
2623 5091 2774 5162 Durat
2993 5090 3149 5162 Dein,
3183 5088 3636 5162 claudanturoculi

2043 5150 2100 5219 in
2131 5150 2538 5219 persecutionibus
2581 5155 2774 5219 terra};
2803 5150 2950 5219 editio
2988 5153 3275 5202 ()xoniensis
3311 5154 3630 5219 simpliciter:

2043 5210 2346 5265 clauduntur
2368 5213 2419 5264 in
2440 5210 2844 5278 persecutianibus
2867 5218 3031 5263 ιρι-τω.
3081 5222 3135 5262 Μ.

2101 5358 2174 5421 (a)
2199 5365 2256 5409 Ut
2271 5359 2410 5407 modo
2421 5358 2798 5421 observavimus,
2819 5365 3059 5421 postrema
3078 5369 3182 5406 pars
3201 5367 3436 5421 sermonis
3447 5365 3510 5403 ex
3525 5353 3626 5406 ﬁne

2038 5416 2270 5472 tractatus
2280 5431 2321 5468 ς.
2335 5422 2546 5485 Cypriani
2558 5419 2619 5467 de
2634 5425 2692 5466 Ex
2701 5416 2972 5468 hortatione
2992 5416 3286 5485 martyrii,ad
3300 5423 3625 5485 Fortunatam,

2040 5485 2102 5532 ad
2125 5489 2329 5532 verbum
2363 5479 2602 5542 descripta
2629 5485 2722 5530 est.
2747 5488 2860 5529 Cum
2881 5488 3044 5529 autem
3068 5479 3330 5542 Angustino
3354 5484 3631 5533 inusitatum

2041 5545 2106 5607 sit
2127 5543 2307 5606 aliquid
2332 5555 2393 5591 ex
2419 5540 2868 5607 aliis—scriptoribus,
2895 5543 2955 5592 iis
2977 5556 3077 5607 non
3095 5540 3368 5607 nominatis,
3394 5546 3629 5607 mutuari;

2042 5605 2155 5656 hinc
2177 5604 2350 5667 magna
2373 5604 2603 5667 oboritur
2625 5606 2832 5666 suSpicio
2866 5617 3030 5666 neque
3068 5605 3194 5653 httne
3218 5604 3348 5654 illius
3381 5617 3494 5654 esse
3524 5604 3632 5657 seri-

2042 5663 2279 5724 mouem,“
2292 5666 2384 5738 sed
2419 5663 2805 5738 alicujusop'us;
2843 5667 2926 5738 qui
2951 5663 3146 5738 tamen,
3175 5667 3310 5738 sicut:
3339 5675 3634 5738 postremam

2043 5737 2233 5793 partem
2265 5742 2328 5778 ex
2360 5726 2606 5793 Cypriauo,
2631 5726 2701 5777 ita
2723 5741 2783 5777 ex
2819 5726 2975 5793 aliqua
3001 5728 3256 5793 _!tugustirii
3297 5726 3634 5793 lucubratione

2042 5790 2244 5858 primam
2268 5790 2512 5858 mutuatus
2550 5792 2636 5858 sit.
2655 5800 2766 5858 Quze
2790 5791 3032 5840 scribendi
3070 5791 3193 5840 ratio
3232 5790 3389 5853 Bede,
3415 5790 3632 5855 Alcuino,

2046 5851 2257 5918 itabauO,
2285 5854 2412 5905 tvoni
2436 5851 2668 5904 solemnis
2692 5853 2796 5906 l'uit.
2820 5868 2843 5904 υ
2896 5861 2951 5903 Μ.
