  <div class='ocr_page' id='page_1' title='image "/cluster/home/n/w/nwhite01/storage/ocr_20150623/38/hvd.32044015706294/703.png"; bbox 0 0 4036 6504; ppageno 0'>
   <div class='ocr_carea' id='block_1_1' title="bbox 409 414 550 485">
    <p class='ocr_par' dir='ltr' id='par_1_1' title="bbox 409 414 550 485">
     <span class='ocr_line' id='line_1_1' title="bbox 409 414 550 485; baseline 0 0"><span class='ocrx_word' id='word_1_1' title='bbox 409 414 550 485; x_wconf 64' lang='grc' dir='ltr'><strong>ηαδ</strong></span> 
     </span>
    </p>
   </div>
   <div class='ocr_carea' id='block_1_2' title="bbox 409 529 1988 598">
    <p class='ocr_par' dir='ltr' id='par_1_2' title="bbox 409 529 1988 598">
     <span class='ocr_line' id='line_1_2' title="bbox 409 529 1988 598; baseline -0.01 0"><span class='ocrx_word' id='word_1_2' title='bbox 409 542 711 598; x_wconf 68' lang='lat' dir='ltr'><strong>hitur-orum</strong></span> <span class='ocrx_word' id='word_1_3' title='bbox 738 536 871 595; x_wconf 72' lang='lat' dir='ltr'><strong>ﬁdos</strong></span> <span class='ocrx_word' id='word_1_4' title='bbox 900 542 1044 593; x_wconf 86' lang='lat' dir='ltr'><strong>certa</strong></span> <span class='ocrx_word' id='word_1_5' title='bbox 1082 539 1138 592; x_wconf 81' lang='lat' dir='ltr'><strong>et</strong></span> <span class='ocrx_word' id='word_1_6' title='bbox 1162 532 1332 590; x_wconf 79' lang='lat' dir='ltr'><strong>solida</strong></span> <span class='ocrx_word' id='word_1_7' title='bbox 1358 532 1685 590; x_wconf 82' lang='lat' dir='ltr'><strong>eorroborat.</strong></span> <span class='ocrx_word' id='word_1_8' title='bbox 1724 529 1988 586; x_wconf 84' lang='lat' dir='ltr'><strong>Claudun-</strong></span> 
     </span>
    </p>
   </div>
   <div class='ocr_carea' id='block_1_3' title="bbox 413 621 1988 701">
    <p class='ocr_par' dir='ltr' id='par_1_3' title="bbox 413 621 1988 701">
     <span class='ocr_line' id='line_1_3' title="bbox 413 621 1988 701; baseline -0.008 -13"><span class='ocrx_word' id='word_1_9' title='bbox 413 640 503 689; x_wconf 85' lang='lat' dir='ltr'><strong>tur</strong></span> <span class='ocrx_word' id='word_1_10' title='bbox 520 632 659 690; x_wconf 86' lang='lat' dir='ltr'><strong>oculi</strong></span> <span class='ocrx_word' id='word_1_11' title='bbox 693 631 745 686; x_wconf 87' lang='lat' dir='ltr'><strong>lu</strong></span> <span class='ocrx_word' id='word_1_12' title='bbox 768 624 1226 701; x_wconf 64' lang='lat' dir='ltr'><strong>peﬂecutlonibtts</strong></span> <span class='ocrx_word' id='word_1_13' title='bbox 1250 643 1264 693; x_wconf 91' lang='lat'><strong>;</strong></span> <span class='ocrx_word' id='word_1_14' title='bbox 1292 624 1384 681; x_wconf 82' lang='lat' dir='ltr'><strong>sed</strong></span> <span class='ocrx_word' id='word_1_15' title='bbox 1413 630 1557 696; x_wconf 87' lang='lat' dir='ltr'><strong>patet</strong></span> <span class='ocrx_word' id='word_1_16' title='bbox 1584 625 1796 680; x_wconf 62' lang='lat' dir='ltr'><strong>malum.</strong></span> <span class='ocrx_word' id='word_1_17' title='bbox 1824 621 1988 677; x_wconf 79' lang='lat' dir='ltr'><strong>Mina-</strong></span> 
     </span>
    </p>
   </div>
   <div class='ocr_carea' id='block_1_4' title="bbox 411 714 1987 786">
    <p class='ocr_par' dir='ltr' id='par_1_4' title="bbox 411 714 1987 786">
     <span class='ocr_line' id='line_1_4' title="bbox 411 714 1987 786; baseline -0.006 -7"><span class='ocrx_word' id='word_1_18' title='bbox 411 728 501 779; x_wconf 87' lang='lat' dir='ltr'><strong>tur</strong></span> <span class='ocrx_word' id='word_1_19' title='bbox 534 721 926 786; x_wconf 76' lang='lat' dir='ltr'><strong>Antichristus;</strong></span> <span class='ocrx_word' id='word_1_20' title='bbox 956 720 1047 775; x_wconf 81' lang='lat' dir='ltr'><strong>sed</strong></span> <span class='ocrx_word' id='word_1_21' title='bbox 1076 727 1253 774; x_wconf 78' lang='lat' dir='ltr'><strong>tuetur</strong></span> <span class='ocrx_word' id='word_1_22' title='bbox 1270 716 1530 773; x_wconf 76' lang='lat' dir='ltr'><strong>Christus.</strong></span> <span class='ocrx_word' id='word_1_23' title='bbox 1558 714 1701 773; x_wconf 81' lang='lat' dir='ltr'><strong>Mors</strong></span> <span class='ocrx_word' id='word_1_24' title='bbox 1728 714 1946 771; x_wconf 78' lang='lat' dir='ltr'><strong>infertur</strong></span> <span class='ocrx_word' id='word_1_25' title='bbox 1972 731 1987 781; x_wconf 89' lang='lat'><strong>;</strong></span> 
     </span>
    </p>
   </div>
   <div class='ocr_carea' id='block_1_5' title="bbox 411 810 1988 885">
    <p class='ocr_par' dir='ltr' id='par_1_5' title="bbox 411 810 1988 885">
     <span class='ocr_line' id='line_1_5' title="bbox 411 810 1988 885; baseline -0.006 -13"><span class='ocrx_word' id='word_1_26' title='bbox 411 817 507 873; x_wconf 81' lang='lat' dir='ltr'><strong>sed</strong></span> <span class='ocrx_word' id='word_1_27' title='bbox 550 815 920 871; x_wconf 85' lang='lat' dir='ltr'><strong>immortalitas</strong></span> <span class='ocrx_word' id='word_1_28' title='bbox 949 814 1204 885; x_wconf 79' lang='lat' dir='ltr'><strong>sequitur.</strong></span> <span class='ocrx_word' id='word_1_29' title='bbox 1250 811 1438 869; x_wconf 79' lang='lat' dir='ltr'><strong>Occiso</strong></span> <span class='ocrx_word' id='word_1_30' title='bbox 1475 811 1703 867; x_wconf 90' lang='lat' dir='ltr'><strong>mundus</strong></span> <span class='ocrx_word' id='word_1_31' title='bbox 1737 810 1988 880; x_wconf 86' lang='lat' dir='ltr'><strong>eripitur;</strong></span> 
     </span>
    </p>
   </div>
   <div class='ocr_carea' id='block_1_6' title="bbox 412 893 1994 979">
    <p class='ocr_par' dir='ltr' id='par_1_6' title="bbox 412 893 1994 979">
     <span class='ocr_line' id='line_1_6' title="bbox 412 893 1994 979; baseline -0.007 -13"><span class='ocrx_word' id='word_1_32' title='bbox 412 909 509 966; x_wconf 81' lang='lat' dir='ltr'><strong>sed</strong></span> <span class='ocrx_word' id='word_1_33' title='bbox 529 909 773 965; x_wconf 87' lang='lat' dir='ltr'><strong>restituto</strong></span> <span class='ocrx_word' id='word_1_34' title='bbox 796 893 1077 979; x_wconf 56' lang='lat' dir='ltr'><strong>paradisus</strong></span> <span class='ocrx_word' id='word_1_35' title='bbox 1104 905 1406 962; x_wconf 74' lang='lat' dir='ltr'><strong>exhibetur.</strong></span> <span class='ocrx_word' id='word_1_36' title='bbox 1436 904 1549 958; x_wconf 78' lang='lat' dir='ltr'><strong>Vita</strong></span> <span class='ocrx_word' id='word_1_37' title='bbox 1584 903 1888 973; x_wconf 88' lang='lat' dir='ltr'><strong>temporalis</strong></span> <span class='ocrx_word' id='word_1_38' title='bbox 1909 917 1994 956; x_wconf 78' lang='lat' dir='ltr'><strong>ex-</strong></span> 
     </span>
    </p>
   </div>
   <div class='ocr_carea' id='block_1_7' title="bbox 413 994 1993 1073">
    <p class='ocr_par' dir='ltr' id='par_1_7' title="bbox 413 994 1993 1073">
     <span class='ocr_line' id='line_1_7' title="bbox 413 994 1993 1073; baseline -0.008 -15"><span class='ocrx_word' id='word_1_39' title='bbox 413 1001 735 1073; x_wconf 78' lang='lat' dir='ltr'><strong>stinguitur;</strong></span> <span class='ocrx_word' id='word_1_40' title='bbox 763 1000 857 1056; x_wconf 89' lang='lat' dir='ltr'><strong>sed</strong></span> <span class='ocrx_word' id='word_1_41' title='bbox 883 1009 1078 1055; x_wconf 67' lang='lat' dir='ltr'><strong>aeterna</strong></span> <span class='ocrx_word' id='word_1_42' title='bbox 1108 1007 1402 1068; x_wconf 75' lang='lat' dir='ltr'><strong>reparatur.</strong></span> <span class='ocrx_word' id='word_1_43' title='bbox 1434 995 1639 1066; x_wconf 84' lang='lat' dir='ltr'><strong>Quanta</strong></span> <span class='ocrx_word' id='word_1_44' title='bbox 1670 994 1993 1065; x_wconf 74' lang='lat' dir='ltr'><strong>estdignitas</strong></span> 
     </span>
    </p>
   </div>
   <div class='ocr_carea' id='block_1_8' title="bbox 412 1084 1994 1166">
    <p class='ocr_par' dir='ltr' id='par_1_8' title="bbox 412 1084 1994 1166">
     <span class='ocr_line' id='line_1_8' title="bbox 412 1084 1994 1166; baseline -0.009 -14"><span class='ocrx_word' id='word_1_45' title='bbox 412 1102 469 1152; x_wconf 78' lang='lat' dir='ltr'><strong>et</strong></span> <span class='ocrx_word' id='word_1_46' title='bbox 517 1102 714 1166; x_wconf 85' lang='lat' dir='ltr'><strong>quanta</strong></span> <span class='ocrx_word' id='word_1_47' title='bbox 763 1094 1018 1148; x_wconf 77' lang='lat' dir='ltr'><strong>securitas</strong></span> <span class='ocrx_word' id='word_1_48' title='bbox 1062 1091 1206 1147; x_wconf 85' lang='lat' dir='ltr'><strong>exire</strong></span> <span class='ocrx_word' id='word_1_49' title='bbox 1257 1090 1379 1145; x_wconf 90' lang='lat' dir='ltr'><strong>hinc</strong></span> <span class='ocrx_word' id='word_1_50' title='bbox 1421 1088 1632 1157; x_wconf 76' lang='lat' dir='ltr'><strong>lzetum,</strong></span> <span class='ocrx_word' id='word_1_51' title='bbox 1667 1087 1811 1141; x_wconf 82' lang='lat' dir='ltr'><strong>exire</strong></span> <span class='ocrx_word' id='word_1_52' title='bbox 1857 1084 1994 1140; x_wconf 89' lang='lat' dir='ltr'><strong>inter</strong></span> 
     </span>
    </p>
   </div>
   <div class='ocr_carea' id='block_1_9' title="bbox 418 1176 1993 1254">
    <p class='ocr_par' dir='ltr' id='par_1_9' title="bbox 418 1176 1993 1254">
     <span class='ocr_line' id='line_1_9' title="bbox 418 1176 1993 1254; baseline -0.004 -18"><span class='ocrx_word' id='word_1_53' title='bbox 418 1199 695 1254; x_wconf 78' lang='lat' dir='ltr'><strong>pressurae</strong></span> <span class='ocrx_word' id='word_1_54' title='bbox 734 1192 790 1240; x_wconf 87' lang='lat' dir='ltr'><strong>et</strong></span> <span class='ocrx_word' id='word_1_55' title='bbox 831 1185 1100 1253; x_wconf 80' lang='lat' dir='ltr'><strong>angustias</strong></span> <span class='ocrx_word' id='word_1_56' title='bbox 1133 1182 1458 1253; x_wconf 78' lang='lat' dir='ltr'><strong>gloriosum;</strong></span> <span class='ocrx_word' id='word_1_57' title='bbox 1490 1176 1740 1234; x_wconf 89' lang='lat' dir='ltr'><strong>claudere</strong></span> <span class='ocrx_word' id='word_1_58' title='bbox 1775 1176 1828 1231; x_wconf 91' lang='lat' dir='ltr'><strong>in</strong></span> <span class='ocrx_word' id='word_1_59' title='bbox 1877 1176 1993 1231; x_wconf 81' lang='lat' dir='ltr'><strong>m&#39;o-</strong></span> 
     </span>
    </p>
   </div>
   <div class='ocr_carea' id='block_1_10' title="bbox 373 1192 1993 1368">
    <p class='ocr_par' dir='ltr' id='par_1_10' title="bbox 373 1192 1993 1368">
     <span class='ocr_line' id='line_1_10' title="bbox 418 1192 1993 1254; baseline -0.004 -18"><span class='ocrx_word' id='word_1_60' title='bbox 418 1199 695 1254; x_wconf 81' lang='lat' dir='ltr'><strong>pressuras</strong></span> <span class='ocrx_word' id='word_1_61' title='bbox 734 1192 790 1240; x_wconf 82' lang='lat' dir='ltr'><strong>et</strong></span> <span class='ocrx_word' id='word_1_62' title='bbox 831 1192 1100 1253; x_wconf 80' lang='lat' dir='ltr'><strong>angustias</strong></span> <span class='ocrx_word' id='word_1_63' title='bbox 1133 1192 1458 1253; x_wconf 77' lang='lat' dir='ltr'><strong>gloriosum;</strong></span> <span class='ocrx_word' id='word_1_64' title='bbox 1490 1192 1740 1234; x_wconf 86' lang='lat' dir='ltr'><strong>ctauuerc</strong></span> <span class='ocrx_word' id='word_1_65' title='bbox 1775 1192 1828 1231; x_wconf 86' lang='lat' dir='ltr'><strong>tn</strong></span> <span class='ocrx_word' id='word_1_66' title='bbox 1877 1192 1993 1231; x_wconf 84' lang='lat' dir='ltr'><strong>mo-</strong></span> 
     </span>
     <span class='ocr_line' id='line_1_11' title="bbox 373 1192 1993 1368; baseline -0.007 -38"><span class='ocrx_word' id='word_1_67' title='bbox 373 1192 598 1368; x_wconf 51' lang='lat' dir='ltr'><strong>Etnento</strong></span> <span class='ocrx_word' id='word_1_68' title='bbox 617 1275 824 1341; x_wconf 87' lang='lat' dir='ltr'><strong>oculos,</strong></span> <span class='ocrx_word' id='word_1_69' title='bbox 849 1274 1037 1345; x_wconf 84' lang='lat' dir='ltr'><strong>quibus</strong></span> <span class='ocrx_word' id='word_1_70' title='bbox 1061 1271 1303 1327; x_wconf 84' lang='lat' dir='ltr'><strong>homines</strong></span> <span class='ocrx_word' id='word_1_71' title='bbox 1330 1269 1647 1325; x_wconf 79' lang='lat' dir='ltr'><strong>videbantur</strong></span> <span class='ocrx_word' id='word_1_72' title='bbox 1668 1277 1720 1323; x_wconf 91' lang='lat' dir='ltr'><strong>et</strong></span> <span class='ocrx_word' id='word_1_73' title='bbox 1746 1265 1993 1348; x_wconf 87' lang='lat' dir='ltr'><strong>mundus;</strong></span> 
     </span>
    </p>
   </div>
   <div class='ocr_carea' id='block_1_11' title="bbox 384 1344 1999 1443">
    <p class='ocr_par' dir='ltr' id='par_1_11' title="bbox 384 1344 1999 1443">
     <span class='ocr_line' id='line_1_12' title="bbox 384 1344 1999 1443; baseline -0.006 -21"><span class='ocrx_word' id='word_1_74' title='bbox 384 1344 628 1443; x_wconf 61' lang='lat' dir='ltr'><strong>§Iperire</strong></span> <span class='ocrx_word' id='word_1_75' title='bbox 654 1380 749 1422; x_wconf 87' lang='lat' dir='ltr'><strong>eos</strong></span> <span class='ocrx_word' id='word_1_76' title='bbox 779 1344 986 1431; x_wconf 84' lang='lat' dir='ltr'><strong>statim,</strong></span> <span class='ocrx_word' id='word_1_77' title='bbox 1025 1375 1082 1418; x_wconf 91' lang='lat' dir='ltr'><strong>ut</strong></span> <span class='ocrx_word' id='word_1_78' title='bbox 1109 1360 1246 1418; x_wconf 88' lang='lat' dir='ltr'><strong>Dens</strong></span> <span class='ocrx_word' id='word_1_79' title='bbox 1282 1361 1542 1427; x_wconf 87' lang='lat' dir='ltr'><strong>videatur,</strong></span> <span class='ocrx_word' id='word_1_80' title='bbox 1570 1361 1729 1417; x_wconf 91' lang='lat' dir='ltr'><strong>etiam</strong></span> <span class='ocrx_word' id='word_1_81' title='bbox 1772 1344 1999 1415; x_wconf 78' lang='lat' dir='ltr'><strong>feliciter</strong></span> 
     </span>
    </p>
   </div>
   <div class='ocr_carea' id='block_1_12' title="bbox 390 1440 1996 1530">
    <p class='ocr_par' dir='ltr' id='par_1_12' title="bbox 390 1440 1996 1530">
     <span class='ocr_line' id='line_1_13' title="bbox 390 1440 1996 1530; baseline -0.005 -15"><span class='ocrx_word' id='word_1_82' title='bbox 390 1440 732 1530; x_wconf 77' lang='lat' dir='ltr'><strong>nigrandol</strong></span> <span class='ocrx_word' id='word_1_83' title='bbox 762 1457 965 1525; x_wconf 82' lang='lat' dir='ltr'><strong>Quanta</strong></span> <span class='ocrx_word' id='word_1_84' title='bbox 987 1455 1274 1511; x_wconf 76' lang='lat' dir='ltr'><strong>velocitas!</strong></span> <span class='ocrx_word' id='word_1_85' title='bbox 1301 1452 1480 1509; x_wconf 86' lang='lat' dir='ltr'><strong>Terris</strong></span> <span class='ocrx_word' id='word_1_86' title='bbox 1508 1462 1727 1523; x_wconf 89' lang='lat' dir='ltr'><strong>repente</strong></span> <span class='ocrx_word' id='word_1_87' title='bbox 1755 1452 1996 1507; x_wconf 85' lang='lat' dir='ltr'><strong>retrahe-</strong></span> 
     </span>
    </p>
   </div>
   <div class='ocr_carea' id='block_1_13' title="bbox 388 1542 1999 1621">
    <p class='ocr_par' dir='ltr' id='par_1_13' title="bbox 388 1542 1999 1621">
     <span class='ocr_line' id='line_1_14' title="bbox 388 1542 1999 1621; baseline -0.004 -14"><span class='ocrx_word' id='word_1_88' title='bbox 388 1542 407 1565; x_wconf 86' lang='grc'><strong>”</strong></span> <span class='ocrx_word' id='word_1_89' title='bbox 427 1552 515 1618; x_wconf 84' lang='lat' dir='ltr'><strong>ris,</strong></span> <span class='ocrx_word' id='word_1_90' title='bbox 547 1558 602 1606; x_wconf 87' lang='lat' dir='ltr'><strong>ut</strong></span> <span class='ocrx_word' id='word_1_91' title='bbox 650 1550 829 1621; x_wconf 81' lang='lat' dir='ltr'><strong>regnis</strong></span> <span class='ocrx_word' id='word_1_92' title='bbox 871 1547 1177 1605; x_wconf 69' lang='lat' dir='ltr'><strong>cmlestibus</strong></span> <span class='ocrx_word' id='word_1_93' title='bbox 1224 1546 1499 1617; x_wconf 87' lang='lat' dir='ltr'><strong>reponaris</strong></span> <span class='ocrx_word' id='word_1_94' title='bbox 1532 1547 1572 1600; x_wconf 88' lang='grc'><strong>¹.</strong></span> <span class='ocrx_word' id='word_1_95' title='bbox 1615 1544 1741 1602; x_wconf 78' lang='lat' dir='ltr'><strong>Haec</strong></span> <span class='ocrx_word' id='word_1_96' title='bbox 1788 1554 1999 1617; x_wconf 87' lang='lat' dir='ltr'><strong>oportet</strong></span> 
     </span>
    </p>
   </div>
   <div class='ocr_carea' id='block_1_14' title="bbox 428 1634 2001 1713">
    <p class='ocr_par' dir='ltr' id='par_1_14' title="bbox 428 1634 2001 1713">
     <span class='ocr_line' id='line_1_15' title="bbox 428 1634 2001 1713; baseline -0.004 -14"><span class='ocrx_word' id='word_1_97' title='bbox 428 1650 603 1699; x_wconf 75' lang='lat' dir='ltr'><strong>metite</strong></span> <span class='ocrx_word' id='word_1_98' title='bbox 641 1651 697 1698; x_wconf 88' lang='lat' dir='ltr'><strong>et</strong></span> <span class='ocrx_word' id='word_1_99' title='bbox 736 1642 1058 1713; x_wconf 76' lang='lat' dir='ltr'><strong>cogitatione</strong></span> <span class='ocrx_word' id='word_1_100' title='bbox 1096 1634 1410 1709; x_wconf 79' lang='lat' dir='ltr'><strong>complecti,</strong></span> <span class='ocrx_word' id='word_1_101' title='bbox 1454 1637 1568 1693; x_wconf 61' lang='lat' dir='ltr'><strong>haec</strong></span> <span class='ocrx_word' id='word_1_102' title='bbox 1605 1636 1692 1693; x_wconf 91' lang='lat' dir='ltr'><strong>die</strong></span> <span class='ocrx_word' id='word_1_103' title='bbox 1733 1653 1796 1694; x_wconf 90' lang='lat' dir='ltr'><strong>ac</strong></span> <span class='ocrx_word' id='word_1_104' title='bbox 1842 1644 2001 1693; x_wconf 91' lang='lat' dir='ltr'><strong>nocte</strong></span> 
     </span>
    </p>
   </div>
   <div class='ocr_carea' id='block_1_15' title="bbox 427 1730 1997 1809">
    <p class='ocr_par' dir='ltr' id='par_1_15' title="bbox 427 1730 1997 1809">
     <span class='ocr_line' id='line_1_16' title="bbox 427 1730 1997 1809; baseline -0.006 -16"><span class='ocrx_word' id='word_1_105' title='bbox 427 1736 688 1793; x_wconf 83' lang='lat' dir='ltr'><strong>meditari.</strong></span> <span class='ocrx_word' id='word_1_106' title='bbox 717 1736 772 1792; x_wconf 83' lang='lat' dir='ltr'><strong>Si</strong></span> <span class='ocrx_word' id='word_1_107' title='bbox 816 1742 972 1789; x_wconf 86' lang='lat' dir='ltr'><strong>tatem</strong></span> <span class='ocrx_word' id='word_1_108' title='bbox 998 1730 1298 1809; x_wconf 89' lang='lat' dir='ltr'><strong>persecutio</strong></span> <span class='ocrx_word' id='word_1_109' title='bbox 1329 1731 1591 1786; x_wconf 82' lang='lat' dir='ltr'><strong>invenerit</strong></span> <span class='ocrx_word' id='word_1_110' title='bbox 1631 1730 1720 1786; x_wconf 86' lang='lat' dir='ltr'><strong>Dei</strong></span> <span class='ocrx_word' id='word_1_111' title='bbox 1759 1730 1997 1795; x_wconf 91' lang='lat' dir='ltr'><strong>militem,</strong></span> 
     </span>
    </p>
   </div>
   <div class='ocr_carea' id='block_1_16' title="bbox 426 1820 2001 1899">
    <p class='ocr_par' dir='ltr' id='par_1_16' title="bbox 426 1820 2001 1899">
     <span class='ocr_line' id='line_1_17' title="bbox 426 1820 2001 1899; baseline -0.006 -14"><span class='ocrx_word' id='word_1_112' title='bbox 426 1831 563 1885; x_wconf 80' lang='lat' dir='ltr'><strong>vinci</strong></span> <span class='ocrx_word' id='word_1_113' title='bbox 595 1844 701 1884; x_wconf 86' lang='lat' dir='ltr'><strong>non</strong></span> <span class='ocrx_word' id='word_1_114' title='bbox 726 1827 920 1899; x_wconf 87' lang='lat' dir='ltr'><strong>poterit</strong></span> <span class='ocrx_word' id='word_1_115' title='bbox 952 1828 1117 1880; x_wconf 90' lang='lat' dir='ltr'><strong>virtus</strong></span> <span class='ocrx_word' id='word_1_116' title='bbox 1147 1824 1213 1880; x_wconf 90' lang='lat' dir='ltr'><strong>ad</strong></span> <span class='ocrx_word' id='word_1_117' title='bbox 1254 1823 1493 1896; x_wconf 67' lang='lat' dir='ltr'><strong>praelium</strong></span> <span class='ocrx_word' id='word_1_118' title='bbox 1525 1831 1788 1895; x_wconf 84' lang='lat' dir='ltr'><strong>prompta.</strong></span> <span class='ocrx_word' id='word_1_119' title='bbox 1826 1820 1926 1876; x_wconf 72' lang='lat' dir='ltr'><strong>Vel</strong></span> <span class='ocrx_word' id='word_1_120' title='bbox 1956 1822 2001 1875; x_wconf 79' lang='lat' dir='ltr'><strong>si</strong></span> 
     </span>
    </p>
   </div>
   <div class='ocr_carea' id='block_1_17' title="bbox 424 1913 2003 1988">
    <p class='ocr_par' dir='ltr' id='par_1_17' title="bbox 424 1913 2003 1988">
     <span class='ocr_line' id='line_1_18' title="bbox 424 1913 2003 1988; baseline -0.007 -10"><span class='ocrx_word' id='word_1_121' title='bbox 424 1920 703 1977; x_wconf 82' lang='lat' dir='ltr'><strong>socersitio</strong></span> <span class='ocrx_word' id='word_1_122' title='bbox 726 1926 849 1973; x_wconf 85' lang='lat' dir='ltr'><strong>ante</strong></span> <span class='ocrx_word' id='word_1_123' title='bbox 880 1917 1218 1988; x_wconf 82' lang='lat' dir='ltr'><strong>pervenerit;</strong></span> <span class='ocrx_word' id='word_1_124' title='bbox 1245 1915 1400 1983; x_wconf 87' lang='lat' dir='ltr'><strong>lldei,</strong></span> <span class='ocrx_word' id='word_1_125' title='bbox 1429 1930 1549 1987; x_wconf 68' lang='lat' dir='ltr'><strong>qua:</strong></span> <span class='ocrx_word' id='word_1_126' title='bbox 1572 1922 1688 1970; x_wconf 89' lang='lat' dir='ltr'><strong>erat</strong></span> <span class='ocrx_word' id='word_1_127' title='bbox 1711 1913 1778 1969; x_wconf 90' lang='lat' dir='ltr'><strong>ad</strong></span> <span class='ocrx_word' id='word_1_128' title='bbox 1807 1921 2003 1984; x_wconf 81' lang='lat' dir='ltr'><strong>marty-</strong></span> 
     </span>
    </p>
   </div>
   <div class='ocr_carea' id='block_1_18' title="bbox 424 2004 2004 2080">
    <p class='ocr_par' dir='ltr' id='par_1_18' title="bbox 424 2004 2004 2080">
     <span class='ocr_line' id='line_1_19' title="bbox 424 2004 2004 2080; baseline -0.006 -13"><span class='ocrx_word' id='word_1_129' title='bbox 424 2012 562 2067; x_wconf 86' lang='lat' dir='ltr'><strong>rium</strong></span> <span class='ocrx_word' id='word_1_130' title='bbox 588 2008 900 2080; x_wconf 76' lang='lat' dir='ltr'><strong>prseparata,</strong></span> <span class='ocrx_word' id='word_1_131' title='bbox 931 2008 1048 2063; x_wconf 89' lang='lat' dir='ltr'><strong>sine</strong></span> <span class='ocrx_word' id='word_1_132' title='bbox 1072 2006 1269 2062; x_wconf 89' lang='lat' dir='ltr'><strong>damno</strong></span> <span class='ocrx_word' id='word_1_133' title='bbox 1297 2005 1550 2076; x_wconf 86' lang='lat' dir='ltr'><strong>temporis</strong></span> <span class='ocrx_word' id='word_1_134' title='bbox 1575 2007 1618 2071; x_wconf 84' lang='grc'><strong>²,</strong></span> <span class='ocrx_word' id='word_1_135' title='bbox 1660 2018 1867 2060; x_wconf 87' lang='lat' dir='ltr'><strong>merces</strong></span> <span class='ocrx_word' id='word_1_136' title='bbox 1894 2004 2004 2059; x_wconf 84' lang='lat' dir='ltr'><strong>Deo</strong></span> 
     </span>
    </p>
   </div>
   <div class='ocr_carea' id='block_1_19' title="bbox 420 2096 2006 2175">
    <p class='ocr_par' dir='ltr' id='par_1_19' title="bbox 420 2096 2006 2175">
     <span class='ocr_line' id='line_1_20' title="bbox 420 2096 2006 2175; baseline -0.004 -16"><span class='ocrx_word' id='word_1_137' title='bbox 420 2103 600 2175; x_wconf 73' lang='lat' dir='ltr'><strong>judice</strong></span> <span class='ocrx_word' id='word_1_138' title='bbox 623 2101 879 2159; x_wconf 86' lang='lat' dir='ltr'><strong>redditur.</strong></span> <span class='ocrx_word' id='word_1_139' title='bbox 917 2101 974 2156; x_wconf 87' lang='lat' dir='ltr'><strong>in</strong></span> <span class='ocrx_word' id='word_1_140' title='bbox 1006 2100 1379 2172; x_wconf 84' lang='lat' dir='ltr'><strong>persecutione</strong></span> <span class='ocrx_word' id='word_1_141' title='bbox 1412 2096 1619 2168; x_wconf 88' lang='lat' dir='ltr'><strong>militia,</strong></span> <span class='ocrx_word' id='word_1_142' title='bbox 1640 2098 1695 2153; x_wconf 90' lang='lat' dir='ltr'><strong>in</strong></span> <span class='ocrx_word' id='word_1_143' title='bbox 1718 2112 1848 2173; x_wconf 87' lang='lat' dir='ltr'><strong>pace</strong></span> <span class='ocrx_word' id='word_1_144' title='bbox 1875 2111 2006 2152; x_wconf 87' lang='lat' dir='ltr'><strong>con-</strong></span> 
     </span>
    </p>
   </div>
   <div class='ocr_carea' id='block_1_20' title="bbox 424 2194 948 2250">
    <p class='ocr_par' dir='ltr' id='par_1_20' title="bbox 424 2194 948 2250">
     <span class='ocr_line' id='line_1_21' title="bbox 424 2194 948 2250; baseline -0.006 0"><span class='ocrx_word' id='word_1_145' title='bbox 424 2194 617 2250; x_wconf 73' lang='lat' dir='ltr'><strong>euntis</strong></span> <span class='ocrx_word' id='word_1_146' title='bbox 645 2199 948 2250; x_wconf 79' lang='lat' dir='ltr'><strong>coronatur.</strong></span> 
     </span>
    </p>
   </div>
   <div class='ocr_carea' id='block_1_21' title="bbox 905 2298 1513 2375">
    <p class='ocr_par' dir='ltr' id='par_1_21' title="bbox 905 2298 1513 2375">
     <span class='ocr_line' id='line_1_22' title="bbox 905 2298 1513 2375; baseline 0 -14"><span class='ocrx_word' id='word_1_147' title='bbox 905 2298 1139 2361; x_wconf 72' lang='lat' dir='ltr'><strong>saeuo</strong></span> <span class='ocrx_word' id='word_1_148' title='bbox 1174 2300 1371 2360; x_wconf 67' lang='grc' dir='ltr'><strong>δοσιν</strong></span> <span class='ocrx_word' id='word_1_149' title='bbox 1393 2305 1413 2329; x_wconf 87' lang='grc'><strong>·</strong></span> <span class='ocrx_word' id='word_1_150' title='bbox 1437 2302 1513 2375; x_wconf 80' lang='grc' dir='ltr'><strong>(α)</strong></span> 
     </span>
    </p>
   </div>
   <div class='ocr_carea' id='block_1_22' title="bbox 672 2413 1763 2481">
    <p class='ocr_par' dir='ltr' id='par_1_22' title="bbox 672 2413 1763 2481">
     <span class='ocr_line' id='line_1_23' title="bbox 672 2413 1763 2481; baseline -0.002 -13"><span class='ocrx_word' id='word_1_151' title='bbox 672 2423 723 2468; x_wconf 89' lang='lat' dir='ltr'><strong>tu</strong></span> <span class='ocrx_word' id='word_1_152' title='bbox 744 2414 1053 2475; x_wconf 76' lang='lat' dir='ltr'><strong>solemnitate</strong></span> <span class='ocrx_word' id='word_1_153' title='bbox 1072 2415 1315 2467; x_wconf 86' lang='lat' dir='ltr'><strong>Laurentii</strong></span> <span class='ocrx_word' id='word_1_154' title='bbox 1336 2414 1576 2481; x_wconf 79' lang='lat' dir='ltr'><strong>martyris,</strong></span> <span class='ocrx_word' id='word_1_155' title='bbox 1596 2430 1651 2469; x_wconf 83' lang='lat' dir='ltr'><strong>nt</strong></span> <span class='ocrx_word' id='word_1_156' title='bbox 1672 2413 1763 2481; x_wconf 70' lang='grc' dir='ltr'><strong>(ὁ).</strong></span> 
     </span>
    </p>
   </div>
   <div class='ocr_carea' id='block_1_23' title="bbox 498 2521 2012 2595">
    <p class='ocr_par' dir='ltr' id='par_1_23' title="bbox 498 2521 2012 2595">
     <span class='ocr_line' id='line_1_24' title="bbox 498 2521 2012 2595; baseline 0.002 -18"><span class='ocrx_word' id='word_1_157' title='bbox 498 2521 722 2580; x_wconf 76' lang='lat' dir='ltr'><strong>CAPUT</strong></span> <span class='ocrx_word' id='word_1_158' title='bbox 784 2523 1237 2580; x_wconf 78' lang='lat' dir='ltr'><strong>PRIMUM.—‘l.</strong></span> <span class='ocrx_word' id='word_1_159' title='bbox 1288 2521 1505 2579; x_wconf 68' lang='grc' dir='ltr'><strong>υίασοηί</strong></span> <span class='ocrx_word' id='word_1_160' title='bbox 1552 2523 1768 2595; x_wconf 63' lang='lat' dir='ltr'><strong>operum</strong></span> <span class='ocrx_word' id='word_1_161' title='bbox 1796 2560 1815 2592; x_wconf 93' lang='lat'><strong>,</strong></span> <span class='ocrx_word' id='word_1_162' title='bbox 1862 2523 2012 2581; x_wconf 67' lang='lat' dir='ltr'><strong>nant-</strong></span> 
     </span>
    </p>
   </div>
   <div class='ocr_carea' id='block_1_24' title="bbox 428 2614 2007 2688">
    <p class='ocr_par' dir='ltr' id='par_1_24' title="bbox 428 2614 2007 2688">
     <span class='ocr_line' id='line_1_25' title="bbox 428 2614 2007 2688; baseline 0.001 -16"><span class='ocrx_word' id='word_1_163' title='bbox 428 2624 591 2672; x_wconf 78' lang='lat' dir='ltr'><strong>strare</strong></span> <span class='ocrx_word' id='word_1_164' title='bbox 609 2616 906 2688; x_wconf 82' lang='lat' dir='ltr'><strong>sanguinem</strong></span> <span class='ocrx_word' id='word_1_165' title='bbox 928 2615 1136 2677; x_wconf 78' lang='lat' dir='ltr'><strong>Christi.</strong></span> <span class='ocrx_word' id='word_1_166' title='bbox 1166 2614 1335 2674; x_wconf 74' lang='lat' dir='ltr'><strong>Cm</strong></span> <span class='ocrx_word' id='word_1_167' title='bbox 1360 2615 1643 2672; x_wconf 71' lang='lat' dir='ltr'><strong>Domiuim</strong></span> <span class='ocrx_word' id='word_1_168' title='bbox 1677 2618 1967 2688; x_wconf 62' lang='lat' dir='ltr'><strong>mysterium</strong></span> <span class='ocrx_word' id='word_1_169' title='bbox 1991 2660 2007 2685; x_wconf 93' lang='lat'><strong>,</strong></span> 
     </span>
    </p>
   </div>
   <div class='ocr_carea' id='block_1_25' title="bbox 429 2706 2012 2781">
    <p class='ocr_par' dir='ltr' id='par_1_25' title="bbox 429 2706 2012 2781">
     <span class='ocr_line' id='line_1_26' title="bbox 429 2706 2012 2781; baseline 0.001 -18"><span class='ocrx_word' id='word_1_170' title='bbox 429 2714 488 2763; x_wconf 84' lang='lat' dir='ltr'><strong>ut</strong></span> <span class='ocrx_word' id='word_1_171' title='bbox 529 2708 674 2779; x_wconf 83' lang='lat' dir='ltr'><strong>cujus</strong></span> <span class='ocrx_word' id='word_1_172' title='bbox 697 2709 995 2780; x_wconf 82' lang='lat' dir='ltr'><strong>sanguinem</strong></span> <span class='ocrx_word' id='word_1_173' title='bbox 1036 2706 1303 2776; x_wconf 81' lang='lat' dir='ltr'><strong>sumimus,</strong></span> <span class='ocrx_word' id='word_1_174' title='bbox 1336 2724 1430 2778; x_wconf 78' lang='lat' dir='ltr'><strong>pro</strong></span> <span class='ocrx_word' id='word_1_175' title='bbox 1457 2708 1569 2778; x_wconf 73' lang='lat' dir='ltr'><strong>ipso</strong></span> <span class='ocrx_word' id='word_1_176' title='bbox 1603 2708 1827 2763; x_wconf 66' lang='lat' dir='ltr'><strong>animus</strong></span> <span class='ocrx_word' id='word_1_177' title='bbox 1851 2726 2012 2781; x_wconf 77' lang='lat' dir='ltr'><strong>pons-</strong></span> 
     </span>
    </p>
   </div>
   <div class='ocr_carea' id='block_1_26' title="bbox 429 2798 2014 2871">
    <p class='ocr_par' dir='ltr' id='par_1_26' title="bbox 429 2798 2014 2871">
     <span class='ocr_line' id='line_1_27' title="bbox 429 2798 2014 2871; baseline 0.003 -19"><span class='ocrx_word' id='word_1_178' title='bbox 429 2814 561 2853; x_wconf 83' lang='lat' dir='ltr'><strong>ntus.</strong></span> <span class='ocrx_word' id='word_1_179' title='bbox 606 2798 753 2854; x_wconf 86' lang='lat' dir='ltr'><strong>Beati</strong></span> <span class='ocrx_word' id='word_1_180' title='bbox 776 2798 1046 2855; x_wconf 88' lang='lat' dir='ltr'><strong>Laurentii</strong></span> <span class='ocrx_word' id='word_1_181' title='bbox 1076 2798 1449 2868; x_wconf 82' lang='lat' dir='ltr'><strong>triumphalem</strong></span> <span class='ocrx_word' id='word_1_182' title='bbox 1474 2798 1615 2856; x_wconf 87' lang='lat' dir='ltr'><strong>diem</strong></span> <span class='ocrx_word' id='word_1_183' title='bbox 1639 2841 1653 2865; x_wconf 91' lang='lat'><strong>,</strong></span> <span class='ocrx_word' id='word_1_184' title='bbox 1695 2815 1802 2871; x_wconf 82' lang='lat' dir='ltr'><strong>quo</strong></span> <span class='ocrx_word' id='word_1_185' title='bbox 1842 2800 2014 2857; x_wconf 80' lang='lat' dir='ltr'><strong>cales-</strong></span> 
     </span>
    </p>
   </div>
   <div class='ocr_carea' id='block_1_27' title="bbox 431 2889 2009 2960">
    <p class='ocr_par' dir='ltr' id='par_1_27' title="bbox 431 2889 2009 2960">
     <span class='ocr_line' id='line_1_28' title="bbox 431 2889 2009 2960; baseline 0.001 -14"><span class='ocrx_word' id='word_1_186' title='bbox 431 2890 507 2949; x_wconf 87' lang='lat' dir='ltr'><strong>vit</strong></span> <span class='ocrx_word' id='word_1_187' title='bbox 549 2889 807 2951; x_wconf 86' lang='lat' dir='ltr'><strong>mundum</strong></span> <span class='ocrx_word' id='word_1_188' title='bbox 839 2889 1177 2958; x_wconf 81' lang='lat' dir='ltr'><strong>trementem,</strong></span> <span class='ocrx_word' id='word_1_189' title='bbox 1214 2889 1416 2960; x_wconf 77' lang='lat' dir='ltr'><strong>sprevit</strong></span> <span class='ocrx_word' id='word_1_190' title='bbox 1441 2889 1832 2956; x_wconf 78' lang='lat' dir='ltr'><strong>blandientem,</strong></span> <span class='ocrx_word' id='word_1_191' title='bbox 1860 2899 1915 2949; x_wconf 86' lang='lat' dir='ltr'><strong>et</strong></span> <span class='ocrx_word' id='word_1_192' title='bbox 1958 2892 2009 2947; x_wconf 91' lang='lat' dir='ltr'><strong>in</strong></span> 
     </span>
    </p>
   </div>
   <div class='ocr_carea' id='block_1_28' title="bbox 430 2978 2009 3055">
    <p class='ocr_par' dir='ltr' id='par_1_28' title="bbox 430 2978 2009 3055">
     <span class='ocr_line' id='line_1_29' title="bbox 430 2978 2009 3055; baseline 0.002 -18"><span class='ocrx_word' id='word_1_193' title='bbox 430 2990 655 3054; x_wconf 87' lang='lat' dir='ltr'><strong>utroque</strong></span> <span class='ocrx_word' id='word_1_194' title='bbox 702 2983 827 3041; x_wconf 84' lang='lat' dir='ltr'><strong>vicit</strong></span> <span class='ocrx_word' id='word_1_195' title='bbox 872 2978 1141 3039; x_wconf 86' lang='lat' dir='ltr'><strong>diabolum</strong></span> <span class='ocrx_word' id='word_1_196' title='bbox 1198 2993 1645 3055; x_wconf 78' lang='lat' dir='ltr'><strong>persequentem,</strong></span> <span class='ocrx_word' id='word_1_197' title='bbox 1694 2983 2009 3041; x_wconf 81' lang='lat' dir='ltr'><strong>hodiernum</strong></span> 
     </span>
    </p>
   </div>
   <div class='ocr_carea' id='block_1_29' title="bbox 430 3073 2013 3145">
    <p class='ocr_par' dir='ltr' id='par_1_29' title="bbox 430 3073 2013 3145">
     <span class='ocr_line' id='line_1_30' title="bbox 430 3073 2013 3145; baseline 0.001 -14"><span class='ocrx_word' id='word_1_198' title='bbox 430 3073 587 3133; x_wconf 86' lang='lat' dir='ltr'><strong>nobis</strong></span> <span class='ocrx_word' id='word_1_199' title='bbox 638 3073 874 3131; x_wconf 82' lang='lat' dir='ltr'><strong>Ecclesia</strong></span> <span class='ocrx_word' id='word_1_200' title='bbox 917 3073 1156 3129; x_wconf 84' lang='lat' dir='ltr'><strong>Romana</strong></span> <span class='ocrx_word' id='word_1_201' title='bbox 1187 3074 1541 3131; x_wconf 83' lang='lat' dir='ltr'><strong>commendat.</strong></span> <span class='ocrx_word' id='word_1_202' title='bbox 1577 3073 1745 3143; x_wconf 80' lang='lat' dir='ltr'><strong>Quam</strong></span> <span class='ocrx_word' id='word_1_203' title='bbox 1784 3075 2013 3145; x_wconf 81' lang='lat' dir='ltr'><strong>gloriosa</strong></span> 
     </span>
    </p>
   </div>
   <div class='ocr_carea' id='block_1_30' title="bbox 430 3165 2013 3238">
    <p class='ocr_par' dir='ltr' id='par_1_30' title="bbox 430 3165 2013 3238">
     <span class='ocr_line' id='line_1_31' title="bbox 430 3165 2013 3238; baseline -0.001 -13"><span class='ocrx_word' id='word_1_204' title='bbox 430 3167 596 3233; x_wconf 85' lang='lat' dir='ltr'><strong>enim,</strong></span> <span class='ocrx_word' id='word_1_205' title='bbox 636 3174 690 3222; x_wconf 91' lang='lat' dir='ltr'><strong>et</strong></span> <span class='ocrx_word' id='word_1_206' title='bbox 720 3176 916 3238; x_wconf 83' lang='lat' dir='ltr'><strong>quanta</strong></span> <span class='ocrx_word' id='word_1_207' title='bbox 942 3166 1194 3225; x_wconf 85' lang='lat' dir='ltr'><strong>virtutum</strong></span> <span class='ocrx_word' id='word_1_208' title='bbox 1223 3165 1563 3222; x_wconf 84' lang='lat' dir='ltr'><strong>multitudine</strong></span> <span class='ocrx_word' id='word_1_209' title='bbox 1583 3206 1601 3233; x_wconf 86' lang='lat'><strong>,</strong></span> <span class='ocrx_word' id='word_1_210' title='bbox 1632 3167 1784 3237; x_wconf 89' lang='lat' dir='ltr'><strong>quasi</strong></span> <span class='ocrx_word' id='word_1_211' title='bbox 1824 3167 2013 3223; x_wconf 87' lang='lat' dir='ltr'><strong>ﬂorum</strong></span> 
     </span>
    </p>
   </div>
   <div class='ocr_carea' id='block_1_31' title="bbox 431 3256 2007 3329">
    <p class='ocr_par' dir='ltr' id='par_1_31' title="bbox 431 3256 2007 3329">
     <span class='ocr_line' id='line_1_32' title="bbox 431 3256 2007 3329; baseline -0.001 -12"><span class='ocrx_word' id='word_1_212' title='bbox 431 3257 712 3323; x_wconf 78' lang='lat' dir='ltr'><strong>varietate,</strong></span> <span class='ocrx_word' id='word_1_213' title='bbox 762 3256 1009 3315; x_wconf 86' lang='lat' dir='ltr'><strong>distincta</strong></span> <span class='ocrx_word' id='word_1_214' title='bbox 1047 3256 1322 3313; x_wconf 81' lang='lat' dir='ltr'><strong>Laurentii</strong></span> <span class='ocrx_word' id='word_1_215' title='bbox 1369 3258 1617 3329; x_wconf 83' lang='lat' dir='ltr'><strong>martyris</strong></span> <span class='ocrx_word' id='word_1_216' title='bbox 1662 3258 1733 3313; x_wconf 87' lang='lat' dir='ltr'><strong>sit</strong></span> <span class='ocrx_word' id='word_1_217' title='bbox 1779 3274 2007 3325; x_wconf 84' lang='lat' dir='ltr'><strong>corona,</strong></span> 
     </span>
    </p>
   </div>
   <div class='ocr_carea' id='block_1_32' title="bbox 436 3347 2014 3419">
    <p class='ocr_par' dir='ltr' id='par_1_32' title="bbox 436 3347 2014 3419">
     <span class='ocr_line' id='line_1_33' title="bbox 436 3347 2014 3419; baseline -0.001 -12"><span class='ocrx_word' id='word_1_218' title='bbox 436 3350 684 3407; x_wconf 84' lang='lat' dir='ltr'><strong>universa</strong></span> <span class='ocrx_word' id='word_1_219' title='bbox 718 3347 869 3404; x_wconf 85' lang='lat' dir='ltr'><strong>testis</strong></span> <span class='ocrx_word' id='word_1_220' title='bbox 891 3359 974 3405; x_wconf 89' lang='lat' dir='ltr'><strong>est</strong></span> <span class='ocrx_word' id='word_1_221' title='bbox 1001 3348 1190 3405; x_wconf 82' lang='lat' dir='ltr'><strong>Roma.</strong></span> <span class='ocrx_word' id='word_1_222' title='bbox 1222 3347 1283 3405; x_wconf 77' lang='lat' dir='ltr'><strong>In</strong></span> <span class='ocrx_word' id='word_1_223' title='bbox 1317 3347 1432 3419; x_wconf 79' lang='lat' dir='ltr'><strong>ipsa</strong></span> <span class='ocrx_word' id='word_1_224' title='bbox 1459 3349 1605 3407; x_wconf 78' lang='lat' dir='ltr'><strong>enim</strong></span> <span class='ocrx_word' id='word_1_225' title='bbox 1629 3349 1887 3416; x_wconf 87' lang='lat' dir='ltr'><strong>Ecclesia,</strong></span> <span class='ocrx_word' id='word_1_226' title='bbox 1910 3350 2014 3406; x_wconf 84' lang='lat' dir='ltr'><strong>sio-</strong></span> 
     </span>
    </p>
   </div>
   <div class='ocr_carea' id='block_1_33' title="bbox 438 3438 2015 3511">
    <p class='ocr_par' dir='ltr' id='par_1_33' title="bbox 438 3438 2015 3511">
     <span class='ocr_line' id='line_1_34' title="bbox 438 3438 2015 3511; baseline -0.001 -14"><span class='ocrx_word' id='word_1_227' title='bbox 438 3448 497 3499; x_wconf 83' lang='lat' dir='ltr'><strong>ut</strong></span> <span class='ocrx_word' id='word_1_228' title='bbox 539 3439 724 3497; x_wconf 87' lang='lat' dir='ltr'><strong>soletis</strong></span> <span class='ocrx_word' id='word_1_229' title='bbox 785 3440 996 3505; x_wconf 82' lang='lat' dir='ltr'><strong>audire,</strong></span> <span class='ocrx_word' id='word_1_230' title='bbox 1035 3438 1247 3495; x_wconf 88' lang='lat' dir='ltr'><strong>diaconi</strong></span> <span class='ocrx_word' id='word_1_231' title='bbox 1275 3439 1494 3511; x_wconf 77' lang='lat' dir='ltr'><strong>gerebat</strong></span> <span class='ocrx_word' id='word_1_232' title='bbox 1528 3439 1785 3496; x_wconf 78' lang='lat' dir='ltr'><strong>ofﬁcium.</strong></span> <span class='ocrx_word' id='word_1_233' title='bbox 1828 3441 1902 3498; x_wconf 81' lang='lat' dir='ltr'><strong>ibi</strong></span> <span class='ocrx_word' id='word_1_234' title='bbox 1929 3457 2015 3496; x_wconf 83' lang='lat' dir='ltr'><strong>sa-</strong></span> 
     </span>
    </p>
   </div>
   <div class='ocr_carea' id='block_1_34' title="bbox 434 3531 2013 3605">
    <p class='ocr_par' dir='ltr' id='par_1_34' title="bbox 434 3531 2013 3605">
     <span class='ocr_line' id='line_1_35' title="bbox 434 3531 2013 3605; baseline -0.003 -12"><span class='ocrx_word' id='word_1_235' title='bbox 434 3548 585 3593; x_wconf 82' lang='lat' dir='ltr'><strong>crum</strong></span> <span class='ocrx_word' id='word_1_236' title='bbox 607 3533 806 3591; x_wconf 88' lang='lat' dir='ltr'><strong>Christi</strong></span> <span class='ocrx_word' id='word_1_237' title='bbox 833 3531 1151 3604; x_wconf 80' lang='lat' dir='ltr'><strong>sanguinem</strong></span> <span class='ocrx_word' id='word_1_238' title='bbox 1188 3532 1508 3591; x_wconf 77' lang='lat' dir='ltr'><strong>ministravit</strong></span> <span class='ocrx_word' id='word_1_239' title='bbox 1535 3551 1550 3589; x_wconf 88' lang='lat'><strong>:</strong></span> <span class='ocrx_word' id='word_1_240' title='bbox 1581 3534 1655 3591; x_wconf 89' lang='lat' dir='ltr'><strong>ibi</strong></span> <span class='ocrx_word' id='word_1_241' title='bbox 1693 3549 1795 3605; x_wconf 84' lang='lat' dir='ltr'><strong>pro</strong></span> <span class='ocrx_word' id='word_1_242' title='bbox 1816 3532 2013 3590; x_wconf 87' lang='lat' dir='ltr'><strong>Christi</strong></span> 
     </span>
    </p>
   </div>
   <div class='ocr_carea' id='block_1_35' title="bbox 434 3624 2014 3698">
    <p class='ocr_par' dir='ltr' id='par_1_35' title="bbox 434 3624 2014 3698">
     <span class='ocr_line' id='line_1_36' title="bbox 434 3624 2014 3698; baseline -0.003 -12"><span class='ocrx_word' id='word_1_243' title='bbox 434 3629 650 3685; x_wconf 81' lang='lat' dir='ltr'><strong>nomine</strong></span> <span class='ocrx_word' id='word_1_244' title='bbox 674 3643 828 3685; x_wconf 89' lang='lat' dir='ltr'><strong>suum</strong></span> <span class='ocrx_word' id='word_1_245' title='bbox 854 3626 1169 3698; x_wconf 78' lang='lat' dir='ltr'><strong>sanguinem</strong></span> <span class='ocrx_word' id='word_1_246' title='bbox 1197 3624 1347 3681; x_wconf 81' lang='lat' dir='ltr'><strong>ludit.</strong></span> <span class='ocrx_word' id='word_1_247' title='bbox 1396 3625 1478 3683; x_wconf 84' lang='lat' dir='ltr'><strong>Ad</strong></span> <span class='ocrx_word' id='word_1_248' title='bbox 1515 3640 1755 3683; x_wconf 85' lang='lat' dir='ltr'><strong>mensam</strong></span> <span class='ocrx_word' id='word_1_249' title='bbox 1784 3627 2014 3696; x_wconf 89' lang='lat' dir='ltr'><strong>potentis</strong></span> 
     </span>
    </p>
   </div>
   <div class='ocr_carea' id='block_1_36' title="bbox 434 3722 2016 3800">
    <p class='ocr_par' dir='ltr' id='par_1_36' title="bbox 434 3722 2016 3800">
     <span class='ocr_line' id='line_1_37' title="bbox 434 3722 2016 3800; baseline -0.004 -15"><span class='ocrx_word' id='word_1_250' title='bbox 434 3727 723 3800; x_wconf 71' lang='lat' dir='ltr'><strong>prudenter</strong></span> <span class='ocrx_word' id='word_1_251' title='bbox 748 3734 1066 3782; x_wconf 84' lang='lat' dir='ltr'><strong>accesserat.</strong></span> <span class='ocrx_word' id='word_1_252' title='bbox 1106 3723 1189 3778; x_wconf 89' lang='lat' dir='ltr'><strong>Ad</strong></span> <span class='ocrx_word' id='word_1_253' title='bbox 1215 3723 1354 3781; x_wconf 82' lang='lat' dir='ltr'><strong>illam</strong></span> <span class='ocrx_word' id='word_1_254' title='bbox 1378 3738 1639 3790; x_wconf 81' lang='lat' dir='ltr'><strong>mensam,</strong></span> <span class='ocrx_word' id='word_1_255' title='bbox 1681 3722 1751 3779; x_wconf 85' lang='lat' dir='ltr'><strong>de</strong></span> <span class='ocrx_word' id='word_1_256' title='bbox 1784 3738 1887 3793; x_wconf 84' lang='lat' dir='ltr'><strong>qua</strong></span> <span class='ocrx_word' id='word_1_257' title='bbox 1920 3738 2016 3779; x_wconf 90' lang='lat' dir='ltr'><strong>no—</strong></span> 
     </span>
    </p>
   </div>
   <div class='ocr_carea' id='block_1_37' title="bbox 434 3814 2017 3887">
    <p class='ocr_par' dir='ltr' id='par_1_37' title="bbox 434 3814 2017 3887">
     <span class='ocr_line' id='line_1_38' title="bbox 434 3814 2017 3887; baseline -0.004 -12"><span class='ocrx_word' id='word_1_258' title='bbox 434 3816 517 3875; x_wconf 77' lang='lat' dir='ltr'><strong>bis</strong></span> <span class='ocrx_word' id='word_1_259' title='bbox 542 3817 699 3874; x_wconf 80' lang='lat' dir='ltr'><strong>modo</strong></span> <span class='ocrx_word' id='word_1_260' title='bbox 739 3816 1042 3873; x_wconf 82' lang='lat' dir='ltr'><strong>Salomonis</strong></span> <span class='ocrx_word' id='word_1_261' title='bbox 1065 3816 1344 3887; x_wconf 80' lang='lat' dir='ltr'><strong>proverbia</strong></span> <span class='ocrx_word' id='word_1_262' title='bbox 1369 3814 1740 3885; x_wconf 81' lang='lat' dir='ltr'><strong>loquebantur,</strong></span> <span class='ocrx_word' id='word_1_263' title='bbox 1763 3814 1849 3870; x_wconf 78' lang='lat' dir='ltr'><strong>ubi</strong></span> <span class='ocrx_word' id='word_1_264' title='bbox 1886 3814 2017 3870; x_wconf 88' lang='lat' dir='ltr'><strong>scri-</strong></span> 
     </span>
    </p>
   </div>
   <div class='ocr_carea' id='block_1_38' title="bbox 435 3908 2017 3982">
    <p class='ocr_par' dir='ltr' id='par_1_38' title="bbox 435 3908 2017 3982">
     <span class='ocr_line' id='line_1_39' title="bbox 435 3908 2017 3982; baseline -0.004 -15"><span class='ocrx_word' id='word_1_265' title='bbox 435 3920 583 3982; x_wconf 78' lang='lat' dir='ltr'><strong>ptum</strong></span> <span class='ocrx_word' id='word_1_266' title='bbox 630 3922 715 3967; x_wconf 77' lang='lat' dir='ltr'><strong>est</strong></span> <span class='ocrx_word' id='word_1_267' title='bbox 740 3929 755 3967; x_wconf 89' lang='lat'><strong>:</strong></span> <span class='ocrx_word' id='word_1_268' title='bbox 780 3910 847 3966; x_wconf 79' lang='lat' dir='ltr'><strong>Si</strong></span> <span class='ocrx_word' id='word_1_269' title='bbox 865 3910 1054 3969; x_wconf 77' lang='lat' dir='ltr'><strong>sederis</strong></span> <span class='ocrx_word' id='word_1_270' title='bbox 1077 3925 1279 3966; x_wconf 67' lang='lat' dir='ltr'><strong>canore</strong></span> <span class='ocrx_word' id='word_1_271' title='bbox 1303 3908 1373 3963; x_wconf 78' lang='lat' dir='ltr'><strong>ad</strong></span> <span class='ocrx_word' id='word_1_272' title='bbox 1398 3925 1623 3965; x_wconf 69' lang='lat' dir='ltr'><strong>inmani</strong></span> <span class='ocrx_word' id='word_1_273' title='bbox 1670 3909 1902 3978; x_wconf 76' lang='lat' dir='ltr'><strong>potentis,</strong></span> <span class='ocrx_word' id='word_1_274' title='bbox 1931 3925 2017 3962; x_wconf 82' lang='lat' dir='ltr'><strong>eo-</strong></span> 
     </span>
    </p>
   </div>
   <div class='ocr_carea' id='block_1_39' title="bbox 437 3996 2017 4075">
    <p class='ocr_par' dir='ltr' id='par_1_39' title="bbox 437 3996 2017 4075">
     <span class='ocr_line' id='line_1_40' title="bbox 437 3996 2017 4075; baseline -0.003 -18"><span class='ocrx_word' id='word_1_275' title='bbox 437 4016 685 4075; x_wconf 67' lang='lat' dir='ltr'><strong>gnoscens</strong></span> <span class='ocrx_word' id='word_1_276' title='bbox 720 3999 943 4071; x_wconf 71' lang='lat' dir='ltr'><strong>intelligo</strong></span> <span class='ocrx_word' id='word_1_277' title='bbox 965 4016 1081 4069; x_wconf 73' lang='lat' dir='ltr'><strong>qua:</strong></span> <span class='ocrx_word' id='word_1_278' title='bbox 1109 4008 1439 4071; x_wconf 74' lang='lat' dir='ltr'><strong>apponuntur</strong></span> <span class='ocrx_word' id='word_1_279' title='bbox 1465 3998 1553 4053; x_wconf 73' lang='lat' dir='ltr'><strong>tibi</strong></span> <span class='ocrx_word' id='word_1_280' title='bbox 1579 4016 1603 4066; x_wconf 82' lang='lat'><strong><em>;</em></strong></span> <span class='ocrx_word' id='word_1_281' title='bbox 1638 4006 1687 4053; x_wconf 82' lang='lat' dir='ltr'><strong>et</strong></span> <span class='ocrx_word' id='word_1_282' title='bbox 1714 3999 1788 4053; x_wconf 80' lang='lat' dir='ltr'><strong>sic</strong></span> <span class='ocrx_word' id='word_1_283' title='bbox 1812 3996 2017 4053; x_wconf 56' lang='lat' dir='ltr'><strong>“tarde</strong></span> 
     </span>
    </p>
   </div>
   <div class='ocr_carea' id='block_1_40' title="bbox 435 4090 2053 4162">
    <p class='ocr_par' dir='ltr' id='par_1_40' title="bbox 435 4090 2053 4162">
     <span class='ocr_line' id='line_1_41' title="bbox 435 4090 2053 4162; baseline -0.004 -15"><span class='ocrx_word' id='word_1_284' title='bbox 435 4108 644 4147; x_wconf 76' lang='lat' dir='ltr'><strong>mnum</strong></span> <span class='ocrx_word' id='word_1_285' title='bbox 677 4100 846 4157; x_wconf 63' lang='lat' dir='ltr'><strong>nam,</strong></span> <span class='ocrx_word' id='word_1_286' title='bbox 890 4090 1052 4147; x_wconf 78' lang='lat' dir='ltr'><strong>sciens</strong></span> <span class='ocrx_word' id='word_1_287' title='bbox 1088 4090 1330 4162; x_wconf 76' lang='lat' dir='ltr'><strong>quoan</strong></span> <span class='ocrx_word' id='word_1_288' title='bbox 1355 4090 1544 4145; x_wconf 72' lang='lat' dir='ltr'><strong>similia</strong></span> <span class='ocrx_word' id='word_1_289' title='bbox 1576 4098 1625 4145; x_wconf 83' lang='lat' dir='ltr'><strong>te</strong></span> <span class='ocrx_word' id='word_1_290' title='bbox 1660 4098 1859 4159; x_wconf 76' lang='lat' dir='ltr'><strong>oportet</strong></span> <span class='ocrx_word' id='word_1_291' title='bbox 1880 4104 2016 4159; x_wconf 70' lang='lat' dir='ltr'><strong>pra-</strong></span> <span class='ocrx_word' id='word_1_292' title='bbox 2040 4124 2053 4141; x_wconf 45' lang='grc' dir='ltr'>κ</span> 
     </span>
    </p>
   </div>
   <div class='ocr_carea' id='block_1_41' title="bbox 437 4179 2016 4253">
    <p class='ocr_par' dir='ltr' id='par_1_41' title="bbox 437 4179 2016 4253">
     <span class='ocr_line' id='line_1_42' title="bbox 437 4179 2016 4253; baseline 0.001 -18"><span class='ocrx_word' id='word_1_293' title='bbox 437 4197 621 4253; x_wconf 74' lang='lat' dir='ltr'><strong>parare</strong></span> <span class='ocrx_word' id='word_1_294' title='bbox 657 4179 850 4251; x_wconf 67' lang='lat' dir='ltr'><strong>(Prom.</strong></span> <span class='ocrx_word' id='word_1_295' title='bbox 886 4196 1038 4248; x_wconf 74' lang='lat' dir='ltr'><strong>um,</strong></span> <span class='ocrx_word' id='word_1_296' title='bbox 1062 4182 1114 4246; x_wconf 77' lang='grc'><strong>1,</strong></span> <span class='ocrx_word' id='word_1_297' title='bbox 1141 4180 1237 4252; x_wconf 75' lang='grc'><strong>2).</strong></span> <span class='ocrx_word' id='word_1_298' title='bbox 1289 4179 1460 4252; x_wconf 77' lang='lat' dir='ltr'><strong>Hujus</strong></span> <span class='ocrx_word' id='word_1_299' title='bbox 1494 4195 1663 4236; x_wconf 73' lang='lat' dir='ltr'><strong>emus:</strong></span> <span class='ocrx_word' id='word_1_300' title='bbox 1705 4180 2016 4251; x_wconf 75' lang='lat' dir='ltr'><strong>mysterium</strong></span> 
     </span>
    </p>
   </div>
   <div class='ocr_carea' id='block_1_42' title="bbox 434 4271 2015 4342">
    <p class='ocr_par' dir='ltr' id='par_1_42' title="bbox 434 4271 2015 4342">
     <span class='ocr_line' id='line_1_43' title="bbox 434 4271 2015 4342; baseline -0.003 -9"><span class='ocrx_word' id='word_1_301' title='bbox 434 4275 625 4333; x_wconf 82' lang='lat' dir='ltr'><strong>beatus</strong></span> <span class='ocrx_word' id='word_1_302' title='bbox 651 4273 923 4342; x_wconf 79' lang='lat' dir='ltr'><strong>apostolus</strong></span> <span class='ocrx_word' id='word_1_303' title='bbox 940 4273 1173 4331; x_wconf 66' lang='lat' dir='ltr'><strong>Joannes</strong></span> <span class='ocrx_word' id='word_1_304' title='bbox 1196 4273 1470 4330; x_wconf 75' lang='lat' dir='ltr'><strong>evidenter</strong></span> <span class='ocrx_word' id='word_1_305' title='bbox 1493 4272 1759 4342; x_wconf 77' lang='lat' dir='ltr'><strong>exposuit,</strong></span> <span class='ocrx_word' id='word_1_306' title='bbox 1789 4271 2015 4330; x_wconf 84' lang='lat' dir='ltr'><strong>dicens:</strong></span> 
     </span>
    </p>
   </div>
   <div class='ocr_carea' id='block_1_43' title="bbox 438 4363 2018 4435">
    <p class='ocr_par' dir='ltr' id='par_1_43' title="bbox 438 4363 2018 4435">
     <span class='ocr_line' id='line_1_44' title="bbox 438 4363 2018 4435; baseline -0.004 -11"><span class='ocrx_word' id='word_1_307' title='bbox 438 4366 584 4424; x_wconf 85' lang='lat' dir='ltr'><strong>Sicut</strong></span> <span class='ocrx_word' id='word_1_308' title='bbox 604 4363 836 4421; x_wconf 77' lang='lat' dir='ltr'><strong>Christus</strong></span> <span class='ocrx_word' id='word_1_309' title='bbox 852 4380 947 4435; x_wconf 80' lang='lat' dir='ltr'><strong>pro</strong></span> <span class='ocrx_word' id='word_1_310' title='bbox 961 4363 1105 4419; x_wconf 86' lang='lat' dir='ltr'><strong>nobis</strong></span> <span class='ocrx_word' id='word_1_311' title='bbox 1131 4364 1354 4421; x_wconf 67' lang='lat' dir='ltr'><strong>assistant</strong></span> <span class='ocrx_word' id='word_1_312' title='bbox 1379 4380 1521 4419; x_wconf 79' lang='lat' dir='ltr'><strong>suam</strong></span> <span class='ocrx_word' id='word_1_313' title='bbox 1549 4364 1735 4433; x_wconf 74' lang='lat' dir='ltr'><strong>posuit,</strong></span> <span class='ocrx_word' id='word_1_314' title='bbox 1756 4364 1831 4419; x_wconf 79' lang='lat' dir='ltr'><strong>sic</strong></span> <span class='ocrx_word' id='word_1_315' title='bbox 1854 4372 1903 4418; x_wconf 85' lang='lat' dir='ltr'><strong>et</strong></span> <span class='ocrx_word' id='word_1_316' title='bbox 1927 4380 2018 4418; x_wconf 84' lang='lat' dir='ltr'><strong>uos</strong></span> 
     </span>
    </p>
   </div>
   <div class='ocr_carea' id='block_1_44' title="bbox 437 4453 2019 4526">
    <p class='ocr_par' dir='ltr' id='par_1_44' title="bbox 437 4453 2019 4526">
     <span class='ocr_line' id='line_1_45' title="bbox 437 4453 2019 4526; baseline -0.001 -12"><span class='ocrx_word' id='word_1_317' title='bbox 437 4456 671 4515; x_wconf 83' lang='lat' dir='ltr'><strong>debemus</strong></span> <span class='ocrx_word' id='word_1_318' title='bbox 685 4455 885 4510; x_wconf 71' lang='lat' dir='ltr'><strong>artiums</strong></span> <span class='ocrx_word' id='word_1_319' title='bbox 899 4471 991 4525; x_wconf 82' lang='lat' dir='ltr'><strong>pro</strong></span> <span class='ocrx_word' id='word_1_320' title='bbox 1005 4454 1245 4525; x_wconf 74' lang='lat' dir='ltr'><strong>fratribus</strong></span> <span class='ocrx_word' id='word_1_321' title='bbox 1259 4454 1499 4526; x_wconf 68' lang='lat' dir='ltr'><strong>ponereﬂ</strong></span> <span class='ocrx_word' id='word_1_322' title='bbox 1514 4453 1670 4511; x_wconf 68' lang='lat' dir='ltr'><strong>Joau.</strong></span> <span class='ocrx_word' id='word_1_323' title='bbox 1697 4471 1774 4521; x_wconf 78' lang='lat' dir='ltr'><strong>tu,</strong></span> <span class='ocrx_word' id='word_1_324' title='bbox 1798 4455 1889 4525; x_wconf 70' lang='grc'><strong>16)</strong></span> <span class='ocrx_word' id='word_1_325' title='bbox 1899 4494 1911 4509; x_wconf 93' lang='grc'><em>.</em></span> <span class='ocrx_word' id='word_1_326' title='bbox 1934 4454 2019 4513; x_wconf 79' lang='lat' dir='ltr'><strong>ln-</strong></span> 
     </span>
    </p>
   </div>
   <div class='ocr_carea' id='block_1_45' title="bbox 440 4547 2019 4615">
    <p class='ocr_par' dir='ltr' id='par_1_45' title="bbox 440 4547 2019 4615">
     <span class='ocr_line' id='line_1_46' title="bbox 440 4547 2019 4615; baseline -0.001 -8"><span class='ocrx_word' id='word_1_327' title='bbox 440 4549 645 4607; x_wconf 80' lang='lat' dir='ltr'><strong>tellexit</strong></span> <span class='ocrx_word' id='word_1_328' title='bbox 663 4548 784 4615; x_wconf 86' lang='lat' dir='ltr'><strong>hoc,</strong></span> <span class='ocrx_word' id='word_1_329' title='bbox 814 4547 1028 4613; x_wconf 79' lang='lat' dir='ltr'><strong>fratres,</strong></span> <span class='ocrx_word' id='word_1_330' title='bbox 1047 4557 1261 4604; x_wconf 89' lang='lat' dir='ltr'><strong>sanctus</strong></span> <span class='ocrx_word' id='word_1_331' title='bbox 1273 4547 1591 4603; x_wconf 87' lang='lat' dir='ltr'><strong>Laurentius</strong></span> <span class='ocrx_word' id='word_1_332' title='bbox 1610 4565 1625 4613; x_wconf 87' lang='lat'><strong>;</strong></span> <span class='ocrx_word' id='word_1_333' title='bbox 1645 4549 1926 4615; x_wconf 77' lang='lat' dir='ltr'><strong>intellexit,</strong></span> <span class='ocrx_word' id='word_1_334' title='bbox 1954 4564 2019 4606; x_wconf 81' lang='lat' dir='ltr'><strong>ae</strong></span> 
     </span>
    </p>
   </div>
   <div class='ocr_carea' id='block_1_46' title="bbox 438 4638 2016 4712">
    <p class='ocr_par' dir='ltr' id='par_1_46' title="bbox 438 4638 2016 4712">
     <span class='ocr_line' id='line_1_47' title="bbox 438 4638 2016 4712; baseline -0.003 -12"><span class='ocrx_word' id='word_1_335' title='bbox 438 4641 566 4705; x_wconf 75' lang='lat' dir='ltr'><strong>fecit</strong></span> <span class='ocrx_word' id='word_1_336' title='bbox 607 4660 622 4697; x_wconf 90' lang='lat'><strong>:</strong></span> <span class='ocrx_word' id='word_1_337' title='bbox 666 4651 725 4699; x_wconf 83' lang='lat' dir='ltr'><strong>et</strong></span> <span class='ocrx_word' id='word_1_338' title='bbox 755 4655 976 4712; x_wconf 82' lang='lat' dir='ltr'><strong>prorsus</strong></span> <span class='ocrx_word' id='word_1_339' title='bbox 999 4639 1171 4711; x_wconf 85' lang='lat' dir='ltr'><strong>qualia</strong></span> <span class='ocrx_word' id='word_1_340' title='bbox 1198 4638 1426 4708; x_wconf 87' lang='lat' dir='ltr'><strong>sumpsit</strong></span> <span class='ocrx_word' id='word_1_341' title='bbox 1453 4640 1505 4693; x_wconf 91' lang='lat' dir='ltr'><strong>in</strong></span> <span class='ocrx_word' id='word_1_342' title='bbox 1534 4638 1621 4693; x_wconf 93' lang='lat' dir='ltr'><strong>illa</strong></span> <span class='ocrx_word' id='word_1_343' title='bbox 1653 4654 1858 4706; x_wconf 87' lang='lat' dir='ltr'><strong>mensa,</strong></span> <span class='ocrx_word' id='word_1_344' title='bbox 1891 4639 2016 4695; x_wconf 88' lang='lat' dir='ltr'><strong>talia</strong></span> 
     </span>
    </p>
   </div>
   <div class='ocr_carea' id='block_1_47' title="bbox 440 4731 2021 4806">
    <p class='ocr_par' dir='ltr' id='par_1_47' title="bbox 440 4731 2021 4806">
     <span class='ocr_line' id='line_1_48' title="bbox 440 4731 2021 4806; baseline -0.001 -14"><span class='ocrx_word' id='word_1_345' title='bbox 440 4735 778 4806; x_wconf 61' lang='lat' dir='ltr'><strong>praeparavit.</strong></span> <span class='ocrx_word' id='word_1_346' title='bbox 800 4733 1017 4790; x_wconf 87' lang='lat' dir='ltr'><strong>Amavit</strong></span> <span class='ocrx_word' id='word_1_347' title='bbox 1034 4731 1303 4788; x_wconf 87' lang='lat' dir='ltr'><strong>Christum</strong></span> <span class='ocrx_word' id='word_1_348' title='bbox 1324 4731 1379 4786; x_wconf 91' lang='lat' dir='ltr'><strong>in</strong></span> <span class='ocrx_word' id='word_1_349' title='bbox 1399 4731 1505 4787; x_wconf 89' lang='lat' dir='ltr'><strong>vita</strong></span> <span class='ocrx_word' id='word_1_350' title='bbox 1532 4746 1651 4800; x_wconf 86' lang='lat' dir='ltr'><strong>sua,</strong></span> <span class='ocrx_word' id='word_1_351' title='bbox 1681 4732 1913 4791; x_wconf 73' lang='lat' dir='ltr'><strong>imitatus</strong></span> <span class='ocrx_word' id='word_1_352' title='bbox 1935 4741 2021 4791; x_wconf 80' lang='lat' dir='ltr'><strong>est</strong></span> 
     </span>
    </p>
   </div>
   <div class='ocr_carea' id='block_1_48' title="bbox 439 4826 974 4885">
    <p class='ocr_par' dir='ltr' id='par_1_48' title="bbox 439 4826 974 4885">
     <span class='ocr_line' id='line_1_49' title="bbox 439 4826 974 4885; baseline -0.007 0"><span class='ocrx_word' id='word_1_353' title='bbox 439 4841 563 4885; x_wconf 85' lang='lat' dir='ltr'><strong>eum</strong></span> <span class='ocrx_word' id='word_1_354' title='bbox 588 4826 641 4881; x_wconf 93' lang='lat' dir='ltr'><strong>in</strong></span> <span class='ocrx_word' id='word_1_355' title='bbox 668 4834 840 4883; x_wconf 81' lang='lat' dir='ltr'><strong>morte</strong></span> <span class='ocrx_word' id='word_1_356' title='bbox 859 4840 974 4882; x_wconf 82' lang='lat' dir='ltr'><strong>sua.</strong></span> 
     </span>
    </p>
   </div>
   <div class='ocr_carea' id='block_1_49' title="bbox 510 4914 2016 4987">
    <p class='ocr_par' dir='ltr' id='par_1_49' title="bbox 510 4914 2016 4987">
     <span class='ocr_line' id='line_1_50' title="bbox 510 4914 2016 4987; baseline -0.002 -12"><span class='ocrx_word' id='word_1_357' title='bbox 510 4919 735 4976; x_wconf 84' lang='lat' dir='ltr'><strong>CAPUT</strong></span> <span class='ocrx_word' id='word_1_358' title='bbox 773 4918 997 4974; x_wconf 75' lang='lat' dir='ltr'><strong>ll.—2.</strong></span> <span class='ocrx_word' id='word_1_359' title='bbox 1047 4914 1304 4973; x_wconf 85' lang='lat' dir='ltr'><strong>Christum</strong></span> <span class='ocrx_word' id='word_1_360' title='bbox 1349 4915 1489 4987; x_wconf 87' lang='lat' dir='ltr'><strong>sequi</strong></span> <span class='ocrx_word' id='word_1_361' title='bbox 1538 4932 1708 4971; x_wconf 88' lang='lat' dir='ltr'><strong>omnes</strong></span> <span class='ocrx_word' id='word_1_362' title='bbox 1763 4917 2016 4974; x_wconf 87' lang='lat' dir='ltr'><strong>debemus.</strong></span> 
     </span>
    </p>
   </div>
   <div class='ocr_carea' id='block_1_50' title="bbox 440 5008 2017 5090">
    <p class='ocr_par' dir='ltr' id='par_1_50' title="bbox 440 5008 2017 5090">
     <span class='ocr_line' id='line_1_51' title="bbox 440 5008 2017 5090; baseline -0.002 -22"><span class='ocrx_word' id='word_1_363' title='bbox 440 5013 507 5068; x_wconf 83' lang='lat' dir='ltr'><strong>Et</strong></span> <span class='ocrx_word' id='word_1_364' title='bbox 546 5026 644 5067; x_wconf 90' lang='lat' dir='ltr'><strong>nos</strong></span> <span class='ocrx_word' id='word_1_365' title='bbox 667 5026 814 5082; x_wconf 91' lang='lat' dir='ltr'><strong>ergo,</strong></span> <span class='ocrx_word' id='word_1_366' title='bbox 841 5009 1049 5090; x_wconf 70' lang='lat' dir='ltr'><strong>fratres,</strong></span> <span class='ocrx_word' id='word_1_367' title='bbox 1085 5009 1129 5063; x_wconf 92' lang='lat' dir='ltr'><strong>si</strong></span> <span class='ocrx_word' id='word_1_368' title='bbox 1155 5008 1416 5065; x_wconf 87' lang='lat' dir='ltr'><strong>veraciter</strong></span> <span class='ocrx_word' id='word_1_369' title='bbox 1442 5022 1704 5076; x_wconf 78' lang='lat' dir='ltr'><strong>amamus,</strong></span> <span class='ocrx_word' id='word_1_370' title='bbox 1729 5008 2017 5066; x_wconf 80' lang='lat' dir='ltr'><strong>imitemur.</strong></span> 
     </span>
    </p>
   </div>
   <div class='ocr_carea' id='block_1_51' title="bbox 437 5101 2020 5171">
    <p class='ocr_par' dir='ltr' id='par_1_51' title="bbox 437 5101 2020 5171">
     <span class='ocr_line' id='line_1_52' title="bbox 437 5101 2020 5171; baseline -0.001 -7"><span class='ocrx_word' id='word_1_371' title='bbox 437 5105 563 5164; x_wconf 68' lang='lat' dir='ltr'><strong>Nu</strong></span> <span class='ocrx_word' id='word_1_372' title='bbox 602 5104 751 5162; x_wconf 67' lang='lat' dir='ltr'><strong>enim</strong></span> <span class='ocrx_word' id='word_1_373' title='bbox 791 5103 1067 5159; x_wconf 86' lang='lat' dir='ltr'><strong>meliorem</strong></span> <span class='ocrx_word' id='word_1_374' title='bbox 1108 5101 1335 5158; x_wconf 85' lang='lat' dir='ltr'><strong>reddere</strong></span> <span class='ocrx_word' id='word_1_375' title='bbox 1368 5101 1662 5171; x_wconf 72' lang='lat' dir='ltr'><strong>poterimus</strong></span> <span class='ocrx_word' id='word_1_376' title='bbox 1721 5102 2020 5163; x_wconf 78' lang='lat' dir='ltr'><strong>dilectionis</strong></span> 
     </span>
    </p>
   </div>
   <div class='ocr_carea' id='block_1_52' title="bbox 507 5232 2020 5347">
    <p class='ocr_par' dir='ltr' id='par_1_52' title="bbox 507 5232 2020 5347">
     <span class='ocr_line' id='line_1_53' title="bbox 507 5232 2020 5306; baseline 0.003 -20"><span class='ocrx_word' id='word_1_377' title='bbox 507 5238 526 5270; x_wconf 71' lang='grc' dir='ltr'>ί</span> <span class='ocrx_word' id='word_1_378' title='bbox 553 5236 682 5300; x_wconf 81' lang='lat' dir='ltr'><strong>Apud</strong></span> <span class='ocrx_word' id='word_1_379' title='bbox 815 5236 1023 5306; x_wconf 71' lang='lat' dir='ltr'><strong>risum,</strong></span> <span class='ocrx_word' id='word_1_380' title='bbox 1044 5237 1092 5285; x_wconf 72' lang='lat' dir='ltr'><strong>et</strong></span> <span class='ocrx_word' id='word_1_381' title='bbox 1132 5232 1326 5306; x_wconf 76' lang='lat' dir='ltr'><strong>aperire</strong></span> <span class='ocrx_word' id='word_1_382' title='bbox 1360 5245 1442 5285; x_wconf 83' lang='lat' dir='ltr'><strong>eos</strong></span> <span class='ocrx_word' id='word_1_383' title='bbox 1469 5233 1655 5296; x_wconf 61' lang='lat' dir='ltr'><strong>statim</strong></span> <span class='ocrx_word' id='word_1_384' title='bbox 1680 5238 1736 5285; x_wconf 86' lang='lat' dir='ltr'><strong>ut</strong></span> <span class='ocrx_word' id='word_1_385' title='bbox 1781 5242 1909 5287; x_wconf 83' lang='lat' dir='ltr'><strong>Deus</strong></span> <span class='ocrx_word' id='word_1_386' title='bbox 1948 5237 2020 5290; x_wconf 79' lang='lat' dir='ltr'><strong>vt-</strong></span> 
     </span>
     <span class='ocr_line' id='line_1_54' title="bbox 507 5242 2019 5347; baseline 0 0"><span class='ocrx_word' id='word_1_387' title='bbox 507 5304 618 5347; x_wconf 86' lang='lat' dir='ltr'><strong>atur</strong></span> <span class='ocrx_word' id='word_1_388' title='bbox 660 5242 967 5347; x_wconf 87' lang='lat' dir='ltr'><strong>et</strong></span> <span class='ocrx_word' id='word_1_389' title='bbox 999 5305 1109 5345; x_wconf 88' lang='lat' dir='ltr'><strong>Tam</strong></span> <span class='ocrx_word' id='word_1_390' title='bbox 1133 5296 1337 5347; x_wconf 79' lang='lat' dir='ltr'><strong>feltciter</strong></span> <span class='ocrx_word' id='word_1_391' title='bbox 1379 5295 1625 5347; x_wconf 83' lang='lat' dir='ltr'><strong>miarandt&#39;</strong></span> <span class='ocrx_word' id='word_1_392' title='bbox 1666 5303 1845 5347; x_wconf 76' lang='lat' dir='ltr'><strong>eumut</strong></span> <span class='ocrx_word' id='word_1_393' title='bbox 1894 5300 2019 5347; x_wconf 84' lang='lat' dir='ltr'><strong>uelo-</strong></span> 
     </span>
    </p>
   </div>
   <div class='ocr_carea' id='block_1_53' title="bbox 444 5295 2019 5373">
    <p class='ocr_par' dir='ltr' id='par_1_53' title="bbox 444 5295 2019 5373">
     <span class='ocr_line' id='line_1_55' title="bbox 444 5295 2019 5373; baseline 0 0"><span class='ocrx_word' id='word_1_394' title='bbox 444 5295 618 5373; x_wconf 64' lang='lat' dir='ltr'><strong>demi</strong></span> <span class='ocrx_word' id='word_1_395' title='bbox 652 5303 707 5373; x_wconf 66' lang='grc' dir='ltr'><strong>ἐι</strong></span> <span class='ocrx_word' id='word_1_396' title='bbox 736 5295 1109 5373; x_wconf 28' lang='grc' dir='ltr'><strong>ἀῖινίδὲεξξτκῐαῐνὲ</strong></span> <span class='ocrx_word' id='word_1_397' title='bbox 1894 5300 2019 5350; x_wconf 57' lang='grc' dir='ltr'><strong>ναο-</strong></span> 
     </span>
    </p>
   </div>
   <div class='ocr_carea' id='block_1_54' title="bbox 440 5357 2022 5475">
    <p class='ocr_par' dir='ltr' id='par_1_54' title="bbox 440 5357 2022 5475">
     <span class='ocr_line' id='line_1_56' title="bbox 440 5357 2022 5475; baseline -0.003 -61"><span class='ocrx_word' id='word_1_398' title='bbox 440 5358 807 5475; x_wconf 43' lang='grc' dir='ltr'><strong>φῶΞὲιΤονώ</strong></span> <span class='ocrx_word' id='word_1_399' title='bbox 840 5363 1032 5422; x_wconf 75' lang='lat' dir='ltr'><strong>repente</strong></span> <span class='ocrx_word' id='word_1_400' title='bbox 1064 5357 1273 5410; x_wconf 64' lang='lat' dir='ltr'><strong>om</strong></span> <span class='ocrx_word' id='word_1_401' title='bbox 1312 5364 1365 5410; x_wconf 82' lang='lat' dir='ltr'><strong>ut</strong></span> <span class='ocrx_word' id='word_1_402' title='bbox 1395 5357 1617 5425; x_wconf 61' lang='lat' dir='ltr'><strong>itt&#39;regns&#39;</strong></span> <span class='ocrx_word' id='word_1_403' title='bbox 1658 5357 1927 5413; x_wconf 55' lang='lat' dir='ltr'><strong>animum</strong></span> <span class='ocrx_word' id='word_1_404' title='bbox 1947 5374 2022 5411; x_wconf 81' lang='lat' dir='ltr'><strong>re-</strong></span> 
     </span>
    </p>
   </div>
   <div class='ocr_carea' id='block_1_55' title="bbox 506 5500 2025 5580">
    <p class='ocr_par' dir='ltr' id='par_1_55' title="bbox 506 5500 2025 5580">
     <span class='ocr_line' id='line_1_57' title="bbox 506 5500 2025 5580; baseline 0 0"><span class='ocrx_word' id='word_1_405' title='bbox 506 5510 528 5542; x_wconf 84' lang='grc'>¹</span> <span class='ocrx_word' id='word_1_406' title='bbox 562 5506 690 5580; x_wconf 56' lang='lat' dir='ltr'><strong>AP“</strong></span> <span class='ocrx_word' id='word_1_407' title='bbox 735 5500 1397 5580; x_wconf 47' lang='grc' dir='ltr'><strong>Τεὲἕσηζάέίξ</strong></span> <span class='ocrx_word' id='word_1_408' title='bbox 1570 5505 1876 5580; x_wconf 59' lang='grc' dir='ltr'><strong>ηῖωιγεηενίεν</strong></span> <span class='ocrx_word' id='word_1_409' title='bbox 1919 5504 2025 5580; x_wconf 61' lang='lat'><strong>8&quot;.&quot;</strong></span> 
     </span>
    </p>
   </div>
   <div class='ocr_carea' id='block_1_56' title="bbox 442 5562 2017 5694">
    <p class='ocr_par' dir='ltr' id='par_1_56' title="bbox 442 5562 2017 5694">
     <span class='ocr_line' id='line_1_58' title="bbox 442 5562 2017 5694; baseline 0.001 -76"><span class='ocrx_word' id='word_1_410' title='bbox 442 5562 756 5684; x_wconf 55' lang='lat' dir='ltr'><strong>mm</strong></span> <span class='ocrx_word' id='word_1_411' title='bbox 770 5562 1031 5694; x_wconf 49' lang='grc' dir='ltr'><strong>νέξ.ρσ</strong></span> <span class='ocrx_word' id='word_1_412' title='bbox 1051 5575 1161 5624; x_wconf 68' lang='lat' dir='ltr'><strong>qua</strong></span> <span class='ocrx_word' id='word_1_413' title='bbox 1179 5570 1287 5617; x_wconf 81' lang='lat' dir='ltr'><strong>erat</strong></span> <span class='ocrx_word' id='word_1_414' title='bbox 1320 5564 1389 5616; x_wconf 86' lang='lat' dir='ltr'><strong>ad</strong></span> <span class='ocrx_word' id='word_1_415' title='bbox 1418 5562 1704 5633; x_wconf 66' lang='lat' dir='ltr'><strong>martyrium</strong></span> <span class='ocrx_word' id='word_1_416' title='bbox 1726 5562 2017 5634; x_wconf 69' lang='lat' dir='ltr'><strong>purpurata.</strong></span> 
     </span>
    </p>
   </div>
   <div class='ocr_carea' id='block_1_57' title="bbox 507 5707 1760 5779">
    <p class='ocr_par' dir='ltr' id='par_1_57' title="bbox 507 5707 1760 5779">
     <span class='ocr_line' id='line_1_59' title="bbox 507 5707 1760 5779; baseline 0 -16"><span class='ocrx_word' id='word_1_417' title='bbox 507 5717 529 5736; x_wconf 83' lang='lat'>&#39;</span> <span class='ocrx_word' id='word_1_418' title='bbox 552 5714 837 5779; x_wconf 70' lang='lat' dir='ltr'><strong>tteoognitus</strong></span> <span class='ocrx_word' id='word_1_419' title='bbox 857 5713 908 5763; x_wconf 87' lang='lat' dir='ltr'><strong>in</strong></span> <span class='ocrx_word' id='word_1_420' title='bbox 940 5709 1001 5761; x_wconf 91' lang='lat' dir='ltr'><strong>el.</strong></span> <span class='ocrx_word' id='word_1_421' title='bbox 1024 5709 1073 5761; x_wconf 90' lang='lat' dir='ltr'><strong>d.</strong></span> <span class='ocrx_word' id='word_1_422' title='bbox 1094 5723 1139 5762; x_wconf 90' lang='lat' dir='ltr'><strong>r.</strong></span> <span class='ocrx_word' id='word_1_423' title='bbox 1161 5716 1202 5762; x_wconf 84' lang='lat' dir='ltr'><strong>t.</strong></span> <span class='ocrx_word' id='word_1_424' title='bbox 1222 5717 1275 5762; x_wconf 90' lang='lat' dir='ltr'><strong>et</strong></span> <span class='ocrx_word' id='word_1_425' title='bbox 1295 5709 1344 5762; x_wconf 84' lang='lat' dir='ltr'><strong>in</strong></span> <span class='ocrx_word' id='word_1_426' title='bbox 1367 5707 1505 5761; x_wconf 88' lang='lat' dir='ltr'><strong>Ulim.</strong></span> <span class='ocrx_word' id='word_1_427' title='bbox 1526 5717 1631 5763; x_wconf 86' lang='lat' dir='ltr'><strong>Par.</strong></span> <span class='ocrx_word' id='word_1_428' title='bbox 1648 5718 1760 5765; x_wconf 86' lang='lat' dir='ltr'><strong>Lov.</strong></span> 
     </span>
    </p>
   </div>
   <div class='ocr_carea' id='block_1_58' title="bbox 506 5795 1171 5861">
    <p class='ocr_par' dir='ltr' id='par_1_58' title="bbox 506 5795 1171 5861">
     <span class='ocr_line' id='line_1_60' title="bbox 506 5795 1171 5861; baseline -0.011 -10"><span class='ocrx_word' id='word_1_429' title='bbox 506 5796 587 5861; x_wconf 63' lang='lat' dir='ltr'><strong>(ei</strong></span> <span class='ocrx_word' id='word_1_430' title='bbox 613 5796 754 5855; x_wconf 71' lang='lat' dir='ltr'><strong>Alias,</strong></span> <span class='ocrx_word' id='word_1_431' title='bbox 777 5795 842 5846; x_wconf 90' lang='lat' dir='ltr'><strong>de</strong></span> <span class='ocrx_word' id='word_1_432' title='bbox 865 5796 1074 5847; x_wconf 86' lang='lat' dir='ltr'><strong>Diversis</strong></span> <span class='ocrx_word' id='word_1_433' title='bbox 1091 5795 1171 5846; x_wconf 80' lang='lat'><strong>57.</strong></span> 
     </span>
    </p>
   </div>
   <div class='ocr_carea' id='block_1_59' title="bbox 509 5878 1286 5948">
    <p class='ocr_par' dir='ltr' id='par_1_59' title="bbox 509 5878 1286 5948">
     <span class='ocr_line' id='line_1_61' title="bbox 509 5878 1286 5948; baseline -0.001 -15"><span class='ocrx_word' id='word_1_434' title='bbox 509 5884 584 5948; x_wconf 86' lang='lat' dir='ltr'><strong>(b)</strong></span> <span class='ocrx_word' id='word_1_435' title='bbox 614 5884 731 5933; x_wconf 72' lang='lat' dir='ltr'><strong>citat</strong></span> <span class='ocrx_word' id='word_1_436' title='bbox 752 5879 917 5932; x_wconf 80' lang='lat' dir='ltr'><strong>Florus</strong></span> <span class='ocrx_word' id='word_1_437' title='bbox 931 5878 991 5931; x_wconf 85' lang='lat' dir='ltr'><strong>ad</strong></span> <span class='ocrx_word' id='word_1_438' title='bbox 1011 5880 1211 5944; x_wconf 78' lang='lat' dir='ltr'><strong>Philipp.</strong></span> <span class='ocrx_word' id='word_1_439' title='bbox 1231 5892 1286 5932; x_wconf 84' lang='grc' dir='ltr'><strong>ιι.</strong></span> 
     </span>
    </p>
   </div>
   <div class='ocr_carea' id='block_1_60' title="bbox 1632 412 2436 475">
    <p class='ocr_par' dir='ltr' id='par_1_60' title="bbox 1632 412 2436 475">
     <span class='ocr_line' id='line_1_62' title="bbox 1632 412 2436 475; baseline 0.001 -1"><span class='ocrx_word' id='word_1_440' title='bbox 1632 418 1687 474; x_wconf 89' lang='lat' dir='ltr'><strong>S.</strong></span> <span class='ocrx_word' id='word_1_441' title='bbox 1730 412 2098 474; x_wconf 76' lang='lat' dir='ltr'><strong>AUCUSTINI</strong></span> <span class='ocrx_word' id='word_1_442' title='bbox 2136 414 2436 475; x_wconf 78' lang='lat' dir='ltr'><strong>EPISCOPI</strong></span> 
     </span>
    </p>
   </div>
   <div class='ocr_carea' id='block_1_61' title="bbox 3539 426 3670 486">
    <p class='ocr_par' dir='ltr' id='par_1_61' title="bbox 3539 426 3670 486">
     <span class='ocr_line' id='line_1_63' title="bbox 3539 426 3670 486; baseline 0.015 -2"><span class='ocrx_word' id='word_1_443' title='bbox 3539 426 3670 486; x_wconf 73' lang='lat' dir='ltr'><strong>i596</strong></span> 
     </span>
    </p>
   </div>
   <div class='ocr_carea' id='block_1_62' title="bbox 2097 528 3671 609">
    <p class='ocr_par' dir='ltr' id='par_1_62' title="bbox 2097 528 3671 609">
     <span class='ocr_line' id='line_1_64' title="bbox 2097 528 3671 609; baseline 0.007 -23"><span class='ocrx_word' id='word_1_444' title='bbox 2097 529 2346 601; x_wconf 78' lang='lat' dir='ltr'><strong>fructum,</strong></span> <span class='ocrx_word' id='word_1_445' title='bbox 2392 547 2549 605; x_wconf 90' lang='lat' dir='ltr'><strong>quam</strong></span> <span class='ocrx_word' id='word_1_446' title='bbox 2577 531 2885 592; x_wconf 84' lang='lat' dir='ltr'><strong>imitationis</strong></span> <span class='ocrx_word' id='word_1_447' title='bbox 2922 528 3255 609; x_wconf 81' lang='lat' dir='ltr'><strong>exemplum;</strong></span> <span class='ocrx_word' id='word_1_448' title='bbox 3284 534 3513 596; x_wconf 78' lang='lat' dir='ltr'><strong>Christus</strong></span> <span class='ocrx_word' id='word_1_449' title='bbox 3536 541 3671 597; x_wconf 90' lang='lat' dir='ltr'><strong>enim</strong></span> 
     </span>
    </p>
   </div>
   <div class='ocr_carea' id='block_1_63' title="bbox 2098 623 3674 703">
    <p class='ocr_par' dir='ltr' id='par_1_63' title="bbox 2098 623 3674 703">
     <span class='ocr_line' id='line_1_65' title="bbox 2098 623 3674 703; baseline 0.008 -26"><span class='ocrx_word' id='word_1_450' title='bbox 2098 641 2191 695; x_wconf 82' lang='lat' dir='ltr'><strong>pro</strong></span> <span class='ocrx_word' id='word_1_451' title='bbox 2220 623 2359 679; x_wconf 83' lang='lat' dir='ltr'><strong>nobis</strong></span> <span class='ocrx_word' id='word_1_452' title='bbox 2389 644 2564 698; x_wconf 87' lang='lat' dir='ltr'><strong>passus</strong></span> <span class='ocrx_word' id='word_1_453' title='bbox 2591 637 2682 696; x_wconf 84' lang='lat' dir='ltr'><strong>est,</strong></span> <span class='ocrx_word' id='word_1_454' title='bbox 2713 624 2998 701; x_wconf 79' lang='lat' dir='ltr'><strong>relinquens</strong></span> <span class='ocrx_word' id='word_1_455' title='bbox 3023 627 3164 683; x_wconf 85' lang='lat' dir='ltr'><strong>nobis</strong></span> <span class='ocrx_word' id='word_1_456' title='bbox 3188 631 3492 703; x_wconf 70' lang='lat' dir='ltr'><strong>exentplum,</strong></span> <span class='ocrx_word' id='word_1_457' title='bbox 3522 643 3575 686; x_wconf 87' lang='lat' dir='ltr'><strong>ut</strong></span> <span class='ocrx_word' id='word_1_458' title='bbox 3600 651 3674 689; x_wconf 84' lang='lat' dir='ltr'><strong>se-</strong></span> 
     </span>
    </p>
   </div>
   <div class='ocr_carea' id='block_1_64' title="bbox 2098 716 3673 793">
    <p class='ocr_par' dir='ltr' id='par_1_64' title="bbox 2098 716 3673 793">
     <span class='ocr_line' id='line_1_66' title="bbox 2098 716 3673 793; baseline 0.007 -25"><span class='ocrx_word' id='word_1_459' title='bbox 2098 732 2312 783; x_wconf 88' lang='lat' dir='ltr'><strong>quamur</strong></span> <span class='ocrx_word' id='word_1_460' title='bbox 2334 717 2537 789; x_wconf 72' lang='lat' dir='ltr'><strong>vestigia</strong></span> <span class='ocrx_word' id='word_1_461' title='bbox 2563 716 2671 788; x_wconf 85' lang='lat' dir='ltr'><strong>ejus</strong></span> <span class='ocrx_word' id='word_1_462' title='bbox 2695 716 2714 791; x_wconf 88' lang='lat'>(</span> <span class='ocrx_word' id='word_1_463' title='bbox 2736 719 2757 774; x_wconf 89' lang='grc' dir='ltr'>ι</span> <span class='ocrx_word' id='word_1_464' title='bbox 2789 717 2926 774; x_wconf 66' lang='lat' dir='ltr'><strong>Patr.</strong></span> <span class='ocrx_word' id='word_1_465' title='bbox 2957 736 3013 783; x_wconf 86' lang='lat' dir='ltr'><strong>ll,</strong></span> <span class='ocrx_word' id='word_1_466' title='bbox 3039 718 3100 775; x_wconf 73' lang='lat'><strong>2|</strong></span> <span class='ocrx_word' id='word_1_467' title='bbox 3132 724 3173 793; x_wconf 94' lang='lat'><strong>).</strong></span> <span class='ocrx_word' id='word_1_468' title='bbox 3204 718 3259 775; x_wconf 88' lang='lat' dir='ltr'><strong>In</strong></span> <span class='ocrx_word' id='word_1_469' title='bbox 3287 718 3386 778; x_wconf 87' lang='lat' dir='ltr'><strong>hac</strong></span> <span class='ocrx_word' id='word_1_470' title='bbox 3411 725 3673 779; x_wconf 83' lang='lat' dir='ltr'><strong>sententia</strong></span> 
     </span>
    </p>
   </div>
   <div class='ocr_carea' id='block_1_65' title="bbox 2099 809 3676 886">
    <p class='ocr_par' dir='ltr' id='par_1_65' title="bbox 2099 809 3676 886">
     <span class='ocr_line' id='line_1_67' title="bbox 2099 809 3676 886; baseline 0.007 -25"><span class='ocrx_word' id='word_1_471' title='bbox 2099 809 2295 864; x_wconf 89' lang='lat' dir='ltr'><strong>vidisse</strong></span> <span class='ocrx_word' id='word_1_472' title='bbox 2333 809 2544 866; x_wconf 89' lang='lat' dir='ltr'><strong>videtur</strong></span> <span class='ocrx_word' id='word_1_473' title='bbox 2592 812 2861 884; x_wconf 84' lang='lat' dir='ltr'><strong>apostolus</strong></span> <span class='ocrx_word' id='word_1_474' title='bbox 2901 812 3112 880; x_wconf 78' lang='lat' dir='ltr'><strong>Petrus,</strong></span> <span class='ocrx_word' id='word_1_475' title='bbox 3150 810 3291 886; x_wconf 87' lang='lat' dir='ltr'><strong>quod</strong></span> <span class='ocrx_word' id='word_1_476' title='bbox 3323 830 3420 885; x_wconf 87' lang='lat' dir='ltr'><strong>pro</strong></span> <span class='ocrx_word' id='word_1_477' title='bbox 3447 810 3529 872; x_wconf 79' lang='lat' dir='ltr'><strong>ltlS</strong></span> <span class='ocrx_word' id='word_1_478' title='bbox 3564 826 3676 872; x_wconf 89' lang='lat' dir='ltr'><strong>tan-</strong></span> 
     </span>
    </p>
   </div>
   <div class='ocr_carea' id='block_1_66' title="bbox 2100 900 3674 980">
    <p class='ocr_par' dir='ltr' id='par_1_66' title="bbox 2100 900 3674 980">
     <span class='ocr_line' id='line_1_68' title="bbox 2100 900 3674 980; baseline 0.006 -24"><span class='ocrx_word' id='word_1_479' title='bbox 2100 909 2208 957; x_wconf 88' lang='lat' dir='ltr'><strong>tum</strong></span> <span class='ocrx_word' id='word_1_480' title='bbox 2239 914 2424 975; x_wconf 84' lang='lat' dir='ltr'><strong>passus</strong></span> <span class='ocrx_word' id='word_1_481' title='bbox 2443 915 2523 959; x_wconf 89' lang='lat' dir='ltr'><strong>est</strong></span> <span class='ocrx_word' id='word_1_482' title='bbox 2547 900 2817 971; x_wconf 77' lang='lat' dir='ltr'><strong>Christus,</strong></span> <span class='ocrx_word' id='word_1_483' title='bbox 2853 906 2941 976; x_wconf 89' lang='lat' dir='ltr'><strong>qui</strong></span> <span class='ocrx_word' id='word_1_484' title='bbox 2971 918 3263 978; x_wconf 87' lang='lat' dir='ltr'><strong>sequuntur</strong></span> <span class='ocrx_word' id='word_1_485' title='bbox 3290 908 3514 979; x_wconf 84' lang='lat' dir='ltr'><strong>vestigia</strong></span> <span class='ocrx_word' id='word_1_486' title='bbox 3543 910 3674 980; x_wconf 88' lang='lat' dir='ltr'><strong>ejus,</strong></span> 
     </span>
    </p>
   </div>
   <div class='ocr_carea' id='block_1_67' title="bbox 2099 996 3677 1072">
    <p class='ocr_par' dir='ltr' id='par_1_67' title="bbox 2099 996 3677 1072">
     <span class='ocr_line' id='line_1_69' title="bbox 2099 996 3677 1072; baseline 0.003 -20"><span class='ocrx_word' id='word_1_487' title='bbox 2099 1012 2271 1068; x_wconf 84' lang='lat' dir='ltr'><strong>neque</strong></span> <span class='ocrx_word' id='word_1_488' title='bbox 2313 998 2476 1068; x_wconf 90' lang='lat' dir='ltr'><strong>prosit</strong></span> <span class='ocrx_word' id='word_1_489' title='bbox 2502 997 2785 1069; x_wconf 85' lang='lat' dir='ltr'><strong>quidquam</strong></span> <span class='ocrx_word' id='word_1_490' title='bbox 2833 996 3030 1054; x_wconf 88' lang='lat' dir='ltr'><strong>Christi</strong></span> <span class='ocrx_word' id='word_1_491' title='bbox 3076 998 3271 1069; x_wconf 82' lang='lat' dir='ltr'><strong>passio,</strong></span> <span class='ocrx_word' id='word_1_492' title='bbox 3319 1000 3420 1055; x_wconf 90' lang='lat' dir='ltr'><strong>nisi</strong></span> <span class='ocrx_word' id='word_1_493' title='bbox 3466 1001 3569 1056; x_wconf 92' lang='lat' dir='ltr'><strong>illis</strong></span> <span class='ocrx_word' id='word_1_494' title='bbox 3592 1004 3677 1072; x_wconf 90' lang='lat' dir='ltr'><strong>qni</strong></span> 
     </span>
    </p>
   </div>
   <div class='ocr_carea' id='block_1_68' title="bbox 2101 1088 3679 1165">
    <p class='ocr_par' dir='ltr' id='par_1_68' title="bbox 2101 1088 3679 1165">
     <span class='ocr_line' id='line_1_70' title="bbox 2101 1088 3679 1165; baseline 0.002 -21"><span class='ocrx_word' id='word_1_495' title='bbox 2101 1100 2394 1160; x_wconf 86' lang='lat' dir='ltr'><strong>sequuntur</strong></span> <span class='ocrx_word' id='word_1_496' title='bbox 2445 1092 2664 1160; x_wconf 75' lang='lat' dir='ltr'><strong>vestigia</strong></span> <span class='ocrx_word' id='word_1_497' title='bbox 2709 1088 2843 1161; x_wconf 89' lang='lat' dir='ltr'><strong>ejus.</strong></span> <span class='ocrx_word' id='word_1_498' title='bbox 2889 1090 3068 1147; x_wconf 89' lang='lat' dir='ltr'><strong>Secuti</strong></span> <span class='ocrx_word' id='word_1_499' title='bbox 3108 1100 3231 1145; x_wconf 91' lang='lat' dir='ltr'><strong>sunt</strong></span> <span class='ocrx_word' id='word_1_500' title='bbox 3269 1107 3392 1148; x_wconf 87' lang='lat' dir='ltr'><strong>cum</strong></span> <span class='ocrx_word' id='word_1_501' title='bbox 3422 1104 3679 1165; x_wconf 78' lang='lat' dir='ltr'><strong>martyres</strong></span> 
     </span>
    </p>
   </div>
   <div class='ocr_carea' id='block_1_69' title="bbox 2102 1180 3675 1261">
    <p class='ocr_par' dir='ltr' id='par_1_69' title="bbox 2102 1180 3675 1261">
     <span class='ocr_line' id='line_1_71' title="bbox 2102 1180 3675 1261; baseline 0 -23"><span class='ocrx_word' id='word_1_502' title='bbox 2102 1185 2289 1249; x_wconf 86' lang='lat' dir='ltr'><strong>sancti,</strong></span> <span class='ocrx_word' id='word_1_503' title='bbox 2345 1196 2510 1261; x_wconf 83' lang='lat' dir='ltr'><strong>Usque</strong></span> <span class='ocrx_word' id='word_1_504' title='bbox 2549 1182 2613 1238; x_wconf 89' lang='lat' dir='ltr'><strong>ad</strong></span> <span class='ocrx_word' id='word_1_505' title='bbox 2647 1184 2958 1239; x_wconf 86' lang='lat' dir='ltr'><strong>ell’usiunem</strong></span> <span class='ocrx_word' id='word_1_506' title='bbox 2985 1184 3209 1247; x_wconf 85' lang='lat' dir='ltr'><strong>cruoris,</strong></span> <span class='ocrx_word' id='word_1_507' title='bbox 3243 1199 3411 1255; x_wconf 85' lang='lat' dir='ltr'><strong>usque</strong></span> <span class='ocrx_word' id='word_1_508' title='bbox 3442 1180 3506 1239; x_wconf 86' lang='lat' dir='ltr'><strong>ad</strong></span> <span class='ocrx_word' id='word_1_509' title='bbox 3536 1187 3675 1239; x_wconf 54' lang='lat' dir='ltr'><strong>simi.</strong></span> 
     </span>
    </p>
   </div>
   <div class='ocr_carea' id='block_1_70' title="bbox 2100 1274 3679 1349">
    <p class='ocr_par' dir='ltr' id='par_1_70' title="bbox 2100 1274 3679 1349">
     <span class='ocr_line' id='line_1_72' title="bbox 2100 1274 3679 1349; baseline -0.001 -18"><span class='ocrx_word' id='word_1_510' title='bbox 2100 1275 2371 1337; x_wconf 84' lang='lat' dir='ltr'><strong>litudinem</strong></span> <span class='ocrx_word' id='word_1_511' title='bbox 2404 1274 2664 1348; x_wconf 82' lang='lat' dir='ltr'><strong>passionis</strong></span> <span class='ocrx_word' id='word_1_512' title='bbox 2704 1294 2719 1331; x_wconf 88' lang='lat'><strong>:</strong></span> <span class='ocrx_word' id='word_1_513' title='bbox 2751 1275 2919 1331; x_wconf 90' lang='lat' dir='ltr'><strong>secuti</strong></span> <span class='ocrx_word' id='word_1_514' title='bbox 2947 1278 3069 1331; x_wconf 90' lang='lat' dir='ltr'><strong>sunt</strong></span> <span class='ocrx_word' id='word_1_515' title='bbox 3098 1284 3358 1349; x_wconf 86' lang='lat' dir='ltr'><strong>martyres</strong></span> <span class='ocrx_word' id='word_1_516' title='bbox 3379 1317 3394 1343; x_wconf 91' lang='lat'><strong>,</strong></span> <span class='ocrx_word' id='word_1_517' title='bbox 3440 1275 3535 1330; x_wconf 84' lang='lat' dir='ltr'><strong>sed</strong></span> <span class='ocrx_word' id='word_1_518' title='bbox 3579 1294 3679 1330; x_wconf 92' lang='lat' dir='ltr'><strong>non</strong></span> 
     </span>
    </p>
   </div>
   <div class='ocr_carea' id='block_1_71' title="bbox 2101 1364 3678 1439">
    <p class='ocr_par' dir='ltr' id='par_1_71' title="bbox 2101 1364 3678 1439">
     <span class='ocr_line' id='line_1_73' title="bbox 2101 1364 3678 1439; baseline -0.002 -15"><span class='ocrx_word' id='word_1_519' title='bbox 2101 1368 2218 1424; x_wconf 90' lang='lat' dir='ltr'><strong>soli.</strong></span> <span class='ocrx_word' id='word_1_520' title='bbox 2263 1368 2376 1423; x_wconf 82' lang='lat' dir='ltr'><strong>Non</strong></span> <span class='ocrx_word' id='word_1_521' title='bbox 2417 1368 2557 1423; x_wconf 89' lang='lat' dir='ltr'><strong>enim</strong></span> <span class='ocrx_word' id='word_1_522' title='bbox 2591 1376 2865 1439; x_wconf 83' lang='lat' dir='ltr'><strong>postquam</strong></span> <span class='ocrx_word' id='word_1_523' title='bbox 2900 1366 2970 1423; x_wconf 88' lang='lat' dir='ltr'><strong>illi</strong></span> <span class='ocrx_word' id='word_1_524' title='bbox 2999 1364 3324 1423; x_wconf 76' lang='lat' dir='ltr'><strong>transierunt</strong></span> <span class='ocrx_word' id='word_1_525' title='bbox 3348 1410 3363 1435; x_wconf 91' lang='lat'><strong>,</strong></span> <span class='ocrx_word' id='word_1_526' title='bbox 3396 1369 3678 1438; x_wconf 87' lang='lat' dir='ltr'><strong>ponsinei-</strong></span> 
     </span>
    </p>
   </div>
   <div class='ocr_carea' id='block_1_72' title="bbox 2102 1456 3683 1532">
    <p class='ocr_par' dir='ltr' id='par_1_72' title="bbox 2102 1456 3683 1532">
     <span class='ocr_line' id='line_1_74' title="bbox 2102 1456 3683 1532; baseline -0.002 -16"><span class='ocrx_word' id='word_1_527' title='bbox 2102 1474 2193 1516; x_wconf 92' lang='lat' dir='ltr'><strong>sus</strong></span> <span class='ocrx_word' id='word_1_528' title='bbox 2224 1468 2341 1522; x_wconf 85' lang='lat' dir='ltr'><strong>est;</strong></span> <span class='ocrx_word' id='word_1_529' title='bbox 2387 1468 2477 1515; x_wconf 90' lang='lat' dir='ltr'><strong>aut</strong></span> <span class='ocrx_word' id='word_1_530' title='bbox 2502 1460 2777 1531; x_wconf 84' lang='lat' dir='ltr'><strong>postquam</strong></span> <span class='ocrx_word' id='word_1_531' title='bbox 2804 1459 2903 1532; x_wconf 86' lang='lat' dir='ltr'><strong>ipsi</strong></span> <span class='ocrx_word' id='word_1_532' title='bbox 2934 1459 3198 1519; x_wconf 83' lang='lat' dir='ltr'><strong>biberunt,</strong></span> <span class='ocrx_word' id='word_1_533' title='bbox 3226 1456 3346 1513; x_wconf 79' lang='lat' dir='ltr'><strong>fons</strong></span> <span class='ocrx_word' id='word_1_534' title='bbox 3372 1458 3488 1529; x_wconf 90' lang='lat' dir='ltr'><strong>ipse</strong></span> <span class='ocrx_word' id='word_1_535' title='bbox 3517 1458 3683 1514; x_wconf 81' lang='lat' dir='ltr'><strong>sicea-</strong></span> 
     </span>
    </p>
   </div>
   <div class='ocr_carea' id='block_1_73' title="bbox 2105 1542 3758 1623">
    <p class='ocr_par' dir='ltr' id='par_1_73' title="bbox 2105 1542 3758 1623">
     <span class='ocr_line' id='line_1_75' title="bbox 2105 1542 3758 1623; baseline -0.004 -13"><span class='ocrx_word' id='word_1_536' title='bbox 2105 1564 2190 1610; x_wconf 85' lang='lat' dir='ltr'><strong>tus</strong></span> <span class='ocrx_word' id='word_1_537' title='bbox 2210 1562 2308 1610; x_wconf 90' lang='lat' dir='ltr'><strong>est.</strong></span> <span class='ocrx_word' id='word_1_538' title='bbox 2337 1554 2466 1622; x_wconf 70' lang='lat' dir='ltr'><strong>Quae</strong></span> <span class='ocrx_word' id='word_1_539' title='bbox 2511 1560 2593 1608; x_wconf 87' lang='lat' dir='ltr'><strong>est</strong></span> <span class='ocrx_word' id='word_1_540' title='bbox 2637 1551 2777 1608; x_wconf 89' lang='lat' dir='ltr'><strong>enim</strong></span> <span class='ocrx_word' id='word_1_541' title='bbox 2821 1558 2944 1623; x_wconf 84' lang='lat' dir='ltr'><strong>s‘pes</strong></span> <span class='ocrx_word' id='word_1_542' title='bbox 2979 1546 3212 1605; x_wconf 87' lang='lat' dir='ltr'><strong>tidelium</strong></span> <span class='ocrx_word' id='word_1_543' title='bbox 3251 1542 3546 1615; x_wconf 82' lang='lat' dir='ltr'><strong>bonorum,</strong></span> <span class='ocrx_word' id='word_1_544' title='bbox 3599 1550 3684 1618; x_wconf 90' lang='lat' dir='ltr'><strong>qni</strong></span> <span class='ocrx_word' id='word_1_545' title='bbox 3755 1552 3758 1554; x_wconf 64' lang='grc'>⁷</span> 
     </span>
    </p>
   </div>
   <div class='ocr_carea' id='block_1_74' title="bbox 2104 1642 3685 1717">
    <p class='ocr_par' dir='ltr' id='par_1_74' title="bbox 2104 1642 3685 1717">
     <span class='ocr_line' id='line_1_76' title="bbox 2104 1642 3685 1717; baseline -0.004 -15"><span class='ocrx_word' id='word_1_546' title='bbox 2104 1647 2190 1702; x_wconf 86' lang='lat' dir='ltr'><strong>vel</strong></span> <span class='ocrx_word' id='word_1_547' title='bbox 2228 1645 2327 1702; x_wconf 86' lang='lat' dir='ltr'><strong>Sub</strong></span> <span class='ocrx_word' id='word_1_548' title='bbox 2369 1646 2571 1702; x_wconf 73' lang='lat' dir='ltr'><strong>fmdere</strong></span> <span class='ocrx_word' id='word_1_549' title='bbox 2616 1644 3080 1717; x_wconf 83' lang='lat' dir='ltr'><strong>conjugalijugum</strong></span> <span class='ocrx_word' id='word_1_550' title='bbox 3110 1642 3431 1698; x_wconf 85' lang='lat' dir='ltr'><strong>matrimonii</strong></span> <span class='ocrx_word' id='word_1_551' title='bbox 3458 1652 3604 1696; x_wconf 85' lang='lat' dir='ltr'><strong>caste</strong></span> <span class='ocrx_word' id='word_1_552' title='bbox 3633 1650 3685 1696; x_wconf 92' lang='lat' dir='ltr'><strong>et</strong></span> 
     </span>
    </p>
   </div>
   <div class='ocr_carea' id='block_1_75' title="bbox 2105 1734 3687 1806">
    <p class='ocr_par' dir='ltr' id='par_1_75' title="bbox 2105 1734 3687 1806">
     <span class='ocr_line' id='line_1_77' title="bbox 2105 1734 3687 1806; baseline -0.006 -9"><span class='ocrx_word' id='word_1_553' title='bbox 2105 1739 2441 1797; x_wconf 84' lang='lat' dir='ltr'><strong>concorditer</strong></span> <span class='ocrx_word' id='word_1_554' title='bbox 2468 1740 2705 1806; x_wconf 92' lang='lat' dir='ltr'><strong>ducunt,</strong></span> <span class='ocrx_word' id='word_1_555' title='bbox 2745 1739 2829 1794; x_wconf 86' lang='lat' dir='ltr'><strong>vel</strong></span> <span class='ocrx_word' id='word_1_556' title='bbox 2860 1738 2959 1794; x_wconf 88' lang='lat' dir='ltr'><strong>sub</strong></span> <span class='ocrx_word' id='word_1_557' title='bbox 2995 1736 3321 1793; x_wconf 88' lang='lat' dir='ltr'><strong>continentia</strong></span> <span class='ocrx_word' id='word_1_558' title='bbox 3354 1734 3549 1791; x_wconf 83' lang='lat' dir='ltr'><strong>viduali</strong></span> <span class='ocrx_word' id='word_1_559' title='bbox 3589 1734 3687 1788; x_wconf 90' lang='lat' dir='ltr'><strong>do-</strong></span> 
     </span>
    </p>
   </div>
   <div class='ocr_carea' id='block_1_76' title="bbox 2107 1827 3687 1897">
    <p class='ocr_par' dir='ltr' id='par_1_76' title="bbox 2107 1827 3687 1897">
     <span class='ocr_line' id='line_1_78' title="bbox 2107 1827 3687 1897; baseline -0.002 -12"><span class='ocrx_word' id='word_1_560' title='bbox 2107 1840 2255 1886; x_wconf 90' lang='lat' dir='ltr'><strong>mant</strong></span> <span class='ocrx_word' id='word_1_561' title='bbox 2281 1830 2457 1887; x_wconf 90' lang='lat' dir='ltr'><strong>carnis</strong></span> <span class='ocrx_word' id='word_1_562' title='bbox 2497 1829 2794 1895; x_wconf 88' lang='lat' dir='ltr'><strong>illecebras,</strong></span> <span class='ocrx_word' id='word_1_563' title='bbox 2826 1830 2912 1885; x_wconf 91' lang='lat' dir='ltr'><strong>vel</strong></span> <span class='ocrx_word' id='word_1_564' title='bbox 2940 1829 3097 1885; x_wconf 90' lang='lat' dir='ltr'><strong>etiam</strong></span> <span class='ocrx_word' id='word_1_565' title='bbox 3147 1828 3442 1882; x_wconf 89' lang='lat' dir='ltr'><strong>sanctitatis</strong></span> <span class='ocrx_word' id='word_1_566' title='bbox 3484 1827 3687 1897; x_wconf 90' lang='lat' dir='ltr'><strong>apicem</strong></span> 
     </span>
    </p>
   </div>
   <div class='ocr_carea' id='block_1_77' title="bbox 2108 1918 3687 1994">
    <p class='ocr_par' dir='ltr' id='par_1_77' title="bbox 2108 1918 3687 1994">
     <span class='ocr_line' id='line_1_79' title="bbox 2108 1918 3687 1994; baseline -0.002 -16"><span class='ocrx_word' id='word_1_567' title='bbox 2108 1922 2303 1979; x_wconf 88' lang='lat' dir='ltr'><strong>celsius</strong></span> <span class='ocrx_word' id='word_1_568' title='bbox 2347 1924 2610 1994; x_wconf 80' lang='lat' dir='ltr'><strong>erigentes</strong></span> <span class='ocrx_word' id='word_1_569' title='bbox 2639 1931 2693 1979; x_wconf 92' lang='lat' dir='ltr'><strong>et</strong></span> <span class='ocrx_word' id='word_1_570' title='bbox 2722 1922 2773 1977; x_wconf 91' lang='lat' dir='ltr'><strong>in</strong></span> <span class='ocrx_word' id='word_1_571' title='bbox 2805 1937 2940 1977; x_wconf 92' lang='lat' dir='ltr'><strong>nova</strong></span> <span class='ocrx_word' id='word_1_572' title='bbox 2978 1920 3277 1991; x_wconf 80' lang='lat' dir='ltr'><strong>virginitate</strong></span> <span class='ocrx_word' id='word_1_573' title='bbox 3319 1918 3575 1976; x_wconf 88' lang='lat' dir='ltr'><strong>ﬂorentes</strong></span> <span class='ocrx_word' id='word_1_574' title='bbox 3602 1936 3687 1975; x_wconf 81' lang='lat' dir='ltr'><strong>se-</strong></span> 
     </span>
    </p>
   </div>
   <div class='ocr_carea' id='block_1_78' title="bbox 2109 2004 3687 2079">
    <p class='ocr_par' dir='ltr' id='par_1_78' title="bbox 2109 2004 3687 2079">
     <span class='ocr_line' id='line_1_80' title="bbox 2109 2004 3687 2079; baseline -0.002 -17"><span class='ocrx_word' id='word_1_575' title='bbox 2109 2012 2343 2078; x_wconf 72' lang='lat' dir='ltr'><strong>quantur</strong></span> <span class='ocrx_word' id='word_1_576' title='bbox 2366 2020 2558 2079; x_wconf 84' lang='lat' dir='ltr'><strong>agnum</strong></span> <span class='ocrx_word' id='word_1_577' title='bbox 2586 2022 2918 2079; x_wconf 89' lang='lat' dir='ltr'><strong>quocumque</strong></span> <span class='ocrx_word' id='word_1_578' title='bbox 2941 2006 3058 2061; x_wconf 88' lang='lat' dir='ltr'><strong>ierit</strong></span> <span class='ocrx_word' id='word_1_579' title='bbox 3086 2004 3263 2074; x_wconf 69' lang='lat' dir='ltr'><strong>iQuzc</strong></span> <span class='ocrx_word' id='word_1_580' title='bbox 3291 2004 3428 2070; x_wconf 89' lang='lat' dir='ltr'><strong>istis,</strong></span> <span class='ocrx_word' id='word_1_581' title='bbox 3454 2005 3687 2074; x_wconf 84' lang='lat' dir='ltr'><strong>inquam,</strong></span> 
     </span>
    </p>
   </div>
   <div class='ocr_carea' id='block_1_79' title="bbox 2111 2094 3688 2169">
    <p class='ocr_par' dir='ltr' id='par_1_79' title="bbox 2111 2094 3688 2169">
     <span class='ocr_line' id='line_1_81' title="bbox 2111 2094 3688 2169; baseline -0.003 -16"><span class='ocrx_word' id='word_1_582' title='bbox 2111 2113 2228 2169; x_wconf 78' lang='lat' dir='ltr'><strong>qua:</strong></span> <span class='ocrx_word' id='word_1_583' title='bbox 2257 2097 2411 2153; x_wconf 90' lang='lat' dir='ltr'><strong>nobis</strong></span> <span class='ocrx_word' id='word_1_584' title='bbox 2441 2098 2688 2154; x_wconf 79' lang='lat' dir='ltr'><strong>Omnibus</strong></span> <span class='ocrx_word' id='word_1_585' title='bbox 2715 2112 2837 2168; x_wconf 85' lang='lat' dir='ltr'><strong>spes</strong></span> <span class='ocrx_word' id='word_1_586' title='bbox 2874 2106 2974 2162; x_wconf 89' lang='lat' dir='ltr'><strong>est,</strong></span> <span class='ocrx_word' id='word_1_587' title='bbox 3005 2097 3051 2151; x_wconf 91' lang='lat' dir='ltr'><strong>si</strong></span> <span class='ocrx_word' id='word_1_588' title='bbox 3086 2106 3191 2151; x_wconf 88' lang='lat' dir='ltr'><strong>non</strong></span> <span class='ocrx_word' id='word_1_589' title='bbox 3214 2103 3508 2166; x_wconf 82' lang='lat' dir='ltr'><strong>sequuntur</strong></span> <span class='ocrx_word' id='word_1_590' title='bbox 3534 2094 3688 2150; x_wconf 85' lang='lat' dir='ltr'><strong>Chri-</strong></span> 
     </span>
    </p>
   </div>
   <div class='ocr_carea' id='block_1_80' title="bbox 2110 2182 3685 2261">
    <p class='ocr_par' dir='ltr' id='par_1_80' title="bbox 2110 2182 3685 2261">
     <span class='ocr_line' id='line_1_82' title="bbox 2110 2182 3685 2261; baseline -0.003 -16"><span class='ocrx_word' id='word_1_591' title='bbox 2110 2198 2272 2255; x_wconf 88' lang='lat' dir='ltr'><strong>stum,</strong></span> <span class='ocrx_word' id='word_1_592' title='bbox 2299 2189 2399 2244; x_wconf 88' lang='lat' dir='ltr'><strong>nisi</strong></span> <span class='ocrx_word' id='word_1_593' title='bbox 2429 2189 2517 2261; x_wconf 89' lang='lat' dir='ltr'><strong>qui</strong></span> <span class='ocrx_word' id='word_1_594' title='bbox 2554 2204 2647 2260; x_wconf 89' lang='lat' dir='ltr'><strong>pro</strong></span> <span class='ocrx_word' id='word_1_595' title='bbox 2687 2190 2801 2261; x_wconf 71' lang='lat' dir='ltr'><strong>ipso</strong></span> <span class='ocrx_word' id='word_1_596' title='bbox 2838 2187 3147 2259; x_wconf 85' lang='lat' dir='ltr'><strong>sanguinem</strong></span> <span class='ocrx_word' id='word_1_597' title='bbox 3196 2185 3422 2242; x_wconf 73' lang='lat' dir='ltr'><strong>tundunt</strong></span> <span class='ocrx_word' id='word_1_598' title='bbox 3453 2186 3479 2240; x_wconf 78' lang='lat'><strong>?</strong></span> <span class='ocrx_word' id='word_1_599' title='bbox 3506 2182 3685 2241; x_wconf 85' lang='lat' dir='ltr'><strong>Perdi-</strong></span> 
     </span>
    </p>
   </div>
   <div class='ocr_carea' id='block_1_81' title="bbox 2113 2274 3686 2352">
    <p class='ocr_par' dir='ltr' id='par_1_81' title="bbox 2113 2274 3686 2352">
     <span class='ocr_line' id='line_1_83' title="bbox 2113 2274 3686 2352; baseline -0.004 -15"><span class='ocrx_word' id='word_1_600' title='bbox 2113 2289 2229 2337; x_wconf 88' lang='lat' dir='ltr'><strong>tnra</strong></span> <span class='ocrx_word' id='word_1_601' title='bbox 2259 2290 2339 2336; x_wconf 88' lang='lat' dir='ltr'><strong>est</strong></span> <span class='ocrx_word' id='word_1_602' title='bbox 2358 2296 2484 2351; x_wconf 87' lang='lat' dir='ltr'><strong>ergo</strong></span> <span class='ocrx_word' id='word_1_603' title='bbox 2513 2279 2646 2336; x_wconf 87' lang='lat' dir='ltr'><strong>tilios</strong></span> <span class='ocrx_word' id='word_1_604' title='bbox 2672 2292 2818 2347; x_wconf 87' lang='lat' dir='ltr'><strong>suos,</strong></span> <span class='ocrx_word' id='word_1_605' title='bbox 2842 2292 2975 2352; x_wconf 88' lang='lat' dir='ltr'><strong>quos</strong></span> <span class='ocrx_word' id='word_1_606' title='bbox 3002 2288 3148 2335; x_wconf 90' lang='lat' dir='ltr'><strong>tanto</strong></span> <span class='ocrx_word' id='word_1_607' title='bbox 3170 2274 3470 2345; x_wconf 77' lang='lat' dir='ltr'><strong>fecundius,</strong></span> <span class='ocrx_word' id='word_1_608' title='bbox 3492 2287 3686 2348; x_wconf 87' lang='lat' dir='ltr'><strong>quanto</strong></span> 
     </span>
    </p>
   </div>
   <div class='ocr_carea' id='block_1_82' title="bbox 2113 2369 3690 2444">
    <p class='ocr_par' dir='ltr' id='par_1_82' title="bbox 2113 2369 3690 2444">
     <span class='ocr_line' id='line_1_84' title="bbox 2113 2369 3690 2444; baseline -0.004 -15"><span class='ocrx_word' id='word_1_609' title='bbox 2113 2373 2352 2429; x_wconf 85' lang='lat' dir='ltr'><strong>securius</strong></span> <span class='ocrx_word' id='word_1_610' title='bbox 2399 2381 2638 2444; x_wconf 89' lang='lat' dir='ltr'><strong>tempore</strong></span> <span class='ocrx_word' id='word_1_611' title='bbox 2687 2372 2830 2443; x_wconf 84' lang='lat' dir='ltr'><strong>pacis</strong></span> <span class='ocrx_word' id='word_1_612' title='bbox 2876 2373 3029 2428; x_wconf 78' lang='lat' dir='ltr'><strong>enixa</strong></span> <span class='ocrx_word' id='word_1_613' title='bbox 3083 2381 3167 2427; x_wconf 90' lang='lat' dir='ltr'><strong>est</strong></span> <span class='ocrx_word' id='word_1_614' title='bbox 3202 2376 3374 2425; x_wconf 89' lang='lat' dir='ltr'><strong>mater</strong></span> <span class='ocrx_word' id='word_1_615' title='bbox 3412 2369 3690 2426; x_wconf 82' lang='lat' dir='ltr'><strong>Ecclesia?</strong></span> 
     </span>
    </p>
   </div>
   <div class='ocr_carea' id='block_1_83' title="bbox 2113 2462 3693 2534">
    <p class='ocr_par' dir='ltr' id='par_1_83' title="bbox 2113 2462 3693 2534">
     <span class='ocr_line' id='line_1_85' title="bbox 2113 2462 3693 2534; baseline -0.003 -14"><span class='ocrx_word' id='word_1_616' title='bbox 2113 2465 2259 2532; x_wconf 82' lang='lat' dir='ltr'><strong>Quos</strong></span> <span class='ocrx_word' id='word_1_617' title='bbox 2303 2480 2370 2520; x_wconf 90' lang='lat' dir='ltr'><strong>ne</strong></span> <span class='ocrx_word' id='word_1_618' title='bbox 2412 2463 2617 2534; x_wconf 86' lang='lat' dir='ltr'><strong>perdat,</strong></span> <span class='ocrx_word' id='word_1_619' title='bbox 2647 2462 2845 2518; x_wconf 86' lang='lat' dir='ltr'><strong>oranda</strong></span> <span class='ocrx_word' id='word_1_620' title='bbox 2875 2471 2959 2519; x_wconf 91' lang='lat' dir='ltr'><strong>est</strong></span> <span class='ocrx_word' id='word_1_621' title='bbox 2987 2463 3305 2533; x_wconf 88' lang='lat' dir='ltr'><strong>persecutio,</strong></span> <span class='ocrx_word' id='word_1_622' title='bbox 3336 2462 3538 2516; x_wconf 88' lang='lat' dir='ltr'><strong>oranda</strong></span> <span class='ocrx_word' id='word_1_623' title='bbox 3578 2470 3693 2516; x_wconf 82' lang='lat' dir='ltr'><strong>ten-</strong></span> 
     </span>
    </p>
   </div>
   <div class='ocr_carea' id='block_1_84' title="bbox 2114 2555 3694 2627">
    <p class='ocr_par' dir='ltr' id='par_1_84' title="bbox 2114 2555 3694 2627">
     <span class='ocr_line' id='line_1_86' title="bbox 2114 2555 3694 2627; baseline -0.002 -13"><span class='ocrx_word' id='word_1_624' title='bbox 2114 2557 2291 2614; x_wconf 84' lang='lat' dir='ltr'><strong>tatio?</strong></span> <span class='ocrx_word' id='word_1_625' title='bbox 2332 2557 2524 2625; x_wconf 81' lang='lat' dir='ltr'><strong>Absit,</strong></span> <span class='ocrx_word' id='word_1_626' title='bbox 2576 2555 2784 2612; x_wconf 79' lang='lat' dir='ltr'><strong>fratres.</strong></span> <span class='ocrx_word' id='word_1_627' title='bbox 2816 2555 3094 2624; x_wconf 76' lang='lat' dir='ltr'><strong>Quomodo</strong></span> <span class='ocrx_word' id='word_1_628' title='bbox 3136 2556 3277 2611; x_wconf 87' lang='lat' dir='ltr'><strong>enim</strong></span> <span class='ocrx_word' id='word_1_629' title='bbox 3326 2564 3503 2627; x_wconf 85' lang='lat' dir='ltr'><strong>potest</strong></span> <span class='ocrx_word' id='word_1_630' title='bbox 3542 2570 3694 2611; x_wconf 89' lang='lat' dir='ltr'><strong>orare</strong></span> 
     </span>
    </p>
   </div>
   <div class='ocr_carea' id='block_1_85' title="bbox 2116 2643 3775 2720">
    <p class='ocr_par' dir='ltr' id='par_1_85' title="bbox 2116 2643 3775 2720">
     <span class='ocr_line' id='line_1_87' title="bbox 2116 2643 3775 2720; baseline -0.003 -15"><span class='ocrx_word' id='word_1_631' title='bbox 2116 2649 2563 2720; x_wconf 88' lang='lat' dir='ltr'><strong>persecutionem,</strong></span> <span class='ocrx_word' id='word_1_632' title='bbox 2588 2647 2674 2717; x_wconf 87' lang='lat' dir='ltr'><strong>qui</strong></span> <span class='ocrx_word' id='word_1_633' title='bbox 2692 2647 2931 2718; x_wconf 76' lang='lat' dir='ltr'><strong>qautidie</strong></span> <span class='ocrx_word' id='word_1_634' title='bbox 2957 2646 3173 2715; x_wconf 80' lang='lat' dir='ltr'><strong>clamat,</strong></span> <span class='ocrx_word' id='word_1_635' title='bbox 3201 2643 3285 2703; x_wconf 84' lang='lat' dir='ltr'><strong>Ne</strong></span> <span class='ocrx_word' id='word_1_636' title='bbox 3304 2662 3398 2701; x_wconf 85' lang='lat' dir='ltr'><strong>nos</strong></span> <span class='ocrx_word' id='word_1_637' title='bbox 3422 2647 3613 2717; x_wconf 75' lang='lat' dir='ltr'><strong>inferas</strong></span> <span class='ocrx_word' id='word_1_638' title='bbox 3638 2646 3690 2701; x_wconf 73' lang='lat' dir='ltr'><strong>in</strong></span> <span class='ocrx_word' id='word_1_639' title='bbox 3771 2650 3775 2654; x_wconf 77' lang='grc'><em>’</em></span> 
     </span>
    </p>
   </div>
   <div class='ocr_carea' id='block_1_86' title="bbox 2115 2734 2994 2809">
    <p class='ocr_par' dir='ltr' id='par_1_86' title="bbox 2115 2734 2994 2809">
     <span class='ocr_line' id='line_1_88' title="bbox 2115 2734 2994 2809; baseline -0.002 -15"><span class='ocrx_word' id='word_1_640' title='bbox 2115 2740 2437 2794; x_wconf 83' lang='lat' dir='ltr'><strong>tentationem</strong></span> <span class='ocrx_word' id='word_1_641' title='bbox 2467 2738 2485 2809; x_wconf 87' lang='lat'><strong>(</strong></span> <span class='ocrx_word' id='word_1_642' title='bbox 2510 2734 2697 2791; x_wconf 73' lang='lat' dir='ltr'><strong>Matth.</strong></span> <span class='ocrx_word' id='word_1_643' title='bbox 2728 2753 2801 2803; x_wconf 81' lang='lat' dir='ltr'><strong>vr,</strong></span> <span class='ocrx_word' id='word_1_644' title='bbox 2829 2734 2938 2808; x_wconf 77' lang='grc'><strong>13)</strong></span> <span class='ocrx_word' id='word_1_645' title='bbox 2968 2737 2994 2791; x_wconf 86' lang='lat'>?</span> 
     </span>
    </p>
   </div>
   <div class='ocr_carea' id='block_1_87' title="bbox 2186 2828 3693 2899">
    <p class='ocr_par' dir='ltr' id='par_1_87' title="bbox 2186 2828 3693 2899">
     <span class='ocr_line' id='line_1_89' title="bbox 2186 2828 3693 2899; baseline -0.002 -11"><span class='ocrx_word' id='word_1_646' title='bbox 2186 2831 2412 2889; x_wconf 81' lang='lat' dir='ltr'><strong>CAPUT</strong></span> <span class='ocrx_word' id='word_1_647' title='bbox 2441 2828 2822 2895; x_wconf 82' lang='lat' dir='ltr'><strong>lll.——Habet,</strong></span> <span class='ocrx_word' id='word_1_648' title='bbox 2871 2830 3050 2897; x_wconf 84' lang='lat' dir='ltr'><strong>habet,</strong></span> <span class='ocrx_word' id='word_1_649' title='bbox 3085 2828 3294 2899; x_wconf 79' lang='lat' dir='ltr'><strong>fratres,</strong></span> <span class='ocrx_word' id='word_1_650' title='bbox 3321 2829 3483 2886; x_wconf 85' lang='lat' dir='ltr'><strong>habet</strong></span> <span class='ocrx_word' id='word_1_651' title='bbox 3510 2830 3693 2885; x_wconf 87' lang='lat' dir='ltr'><strong>hortus</strong></span> 
     </span>
    </p>
   </div>
   <div class='ocr_carea' id='block_1_88' title="bbox 2117 2922 3696 2996">
    <p class='ocr_par' dir='ltr' id='par_1_88' title="bbox 2117 2922 3696 2996">
     <span class='ocr_line' id='line_1_90' title="bbox 2117 2922 3696 2996; baseline -0.001 -15"><span class='ocrx_word' id='word_1_652' title='bbox 2117 2927 2207 2982; x_wconf 90' lang='lat' dir='ltr'><strong>ille</strong></span> <span class='ocrx_word' id='word_1_653' title='bbox 2231 2925 2562 2990; x_wconf 88' lang='lat' dir='ltr'><strong>dominicus,</strong></span> <span class='ocrx_word' id='word_1_654' title='bbox 2601 2938 2709 2979; x_wconf 92' lang='lat' dir='ltr'><strong>non</strong></span> <span class='ocrx_word' id='word_1_655' title='bbox 2755 2923 2927 2979; x_wconf 87' lang='lat' dir='ltr'><strong>solum</strong></span> <span class='ocrx_word' id='word_1_656' title='bbox 2957 2938 3108 2979; x_wconf 86' lang='lat' dir='ltr'><strong>rosas</strong></span> <span class='ocrx_word' id='word_1_657' title='bbox 3152 2933 3467 2996; x_wconf 76' lang='lat' dir='ltr'><strong>martyrum,</strong></span> <span class='ocrx_word' id='word_1_658' title='bbox 3515 2922 3615 2979; x_wconf 87' lang='lat' dir='ltr'><strong>sed</strong></span> <span class='ocrx_word' id='word_1_659' title='bbox 3643 2932 3696 2979; x_wconf 90' lang='lat' dir='ltr'><strong>et</strong></span> 
     </span>
    </p>
   </div>
   <div class='ocr_carea' id='block_1_89' title="bbox 2116 3015 3699 3089">
    <p class='ocr_par' dir='ltr' id='par_1_89' title="bbox 2116 3015 3699 3089">
     <span class='ocr_line' id='line_1_91' title="bbox 2116 3015 3699 3089; baseline -0.002 -15"><span class='ocrx_word' id='word_1_660' title='bbox 2116 3019 2226 3074; x_wconf 85' lang='lat' dir='ltr'><strong>lilia</strong></span> <span class='ocrx_word' id='word_1_661' title='bbox 2269 3017 2568 3089; x_wconf 79' lang='lat' dir='ltr'><strong>virginum,</strong></span> <span class='ocrx_word' id='word_1_662' title='bbox 2612 3023 2667 3073; x_wconf 90' lang='lat' dir='ltr'><strong>et</strong></span> <span class='ocrx_word' id='word_1_663' title='bbox 2703 3016 3106 3087; x_wconf 72' lang='lat' dir='ltr'><strong>coniugatorum</strong></span> <span class='ocrx_word' id='word_1_664' title='bbox 3152 3015 3399 3082; x_wconf 88' lang='lat' dir='ltr'><strong>hederas,</strong></span> <span class='ocrx_word' id='word_1_665' title='bbox 3428 3018 3699 3086; x_wconf 86' lang='lat' dir='ltr'><strong>violasqne</strong></span> 
     </span>
    </p>
   </div>
   <div class='ocr_carea' id='block_1_90' title="bbox 2117 3105 3700 3178">
    <p class='ocr_par' dir='ltr' id='par_1_90' title="bbox 2117 3105 3700 3178">
     <span class='ocr_line' id='line_1_92' title="bbox 2117 3105 3700 3178; baseline -0.001 -15"><span class='ocrx_word' id='word_1_666' title='bbox 2117 3109 2414 3165; x_wconf 79' lang='lat' dir='ltr'><strong>viduarum.</strong></span> <span class='ocrx_word' id='word_1_667' title='bbox 2468 3108 2713 3175; x_wconf 87' lang='lat' dir='ltr'><strong>Prorsus,</strong></span> <span class='ocrx_word' id='word_1_668' title='bbox 2761 3105 3116 3173; x_wconf 89' lang='lat' dir='ltr'><strong>dilectissimi,</strong></span> <span class='ocrx_word' id='word_1_669' title='bbox 3169 3107 3372 3162; x_wconf 90' lang='lat' dir='ltr'><strong>nullum</strong></span> <span class='ocrx_word' id='word_1_670' title='bbox 3410 3122 3578 3178; x_wconf 88' lang='lat' dir='ltr'><strong>genus</strong></span> <span class='ocrx_word' id='word_1_671' title='bbox 3606 3105 3700 3161; x_wconf 86' lang='lat' dir='ltr'><strong>ho-</strong></span> 
     </span>
    </p>
   </div>
   <div class='ocr_carea' id='block_1_91' title="bbox 2118 3198 3701 3268">
    <p class='ocr_par' dir='ltr' id='par_1_91' title="bbox 2118 3198 3701 3268">
     <span class='ocr_line' id='line_1_93' title="bbox 2118 3198 3701 3268; baseline -0.004 -11"><span class='ocrx_word' id='word_1_672' title='bbox 2118 3202 2319 3257; x_wconf 91' lang='lat' dir='ltr'><strong>minum</strong></span> <span class='ocrx_word' id='word_1_673' title='bbox 2348 3200 2415 3255; x_wconf 90' lang='lat' dir='ltr'><strong>de</strong></span> <span class='ocrx_word' id='word_1_674' title='bbox 2434 3215 2527 3255; x_wconf 88' lang='lat' dir='ltr'><strong>sua</strong></span> <span class='ocrx_word' id='word_1_675' title='bbox 2562 3199 2838 3255; x_wconf 88' lang='lat' dir='ltr'><strong>vocatione</strong></span> <span class='ocrx_word' id='word_1_676' title='bbox 2867 3198 3151 3267; x_wconf 88' lang='lat' dir='ltr'><strong>desperet:</strong></span> <span class='ocrx_word' id='word_1_677' title='bbox 3182 3213 3280 3268; x_wconf 91' lang='lat' dir='ltr'><strong>pro</strong></span> <span class='ocrx_word' id='word_1_678' title='bbox 3308 3198 3559 3252; x_wconf 85' lang='lat' dir='ltr'><strong>omnibus</strong></span> <span class='ocrx_word' id='word_1_679' title='bbox 3589 3212 3701 3265; x_wconf 80' lang='lat' dir='ltr'><strong>pas-</strong></span> 
     </span>
    </p>
   </div>
   <div class='ocr_carea' id='block_1_92' title="bbox 2119 3287 3701 3358">
    <p class='ocr_par' dir='ltr' id='par_1_92' title="bbox 2119 3287 3701 3358">
     <span class='ocr_line' id='line_1_94' title="bbox 2119 3287 3701 3358; baseline -0.003 -11"><span class='ocrx_word' id='word_1_680' title='bbox 2119 3306 2211 3347; x_wconf 86' lang='lat' dir='ltr'><strong>sus</strong></span> <span class='ocrx_word' id='word_1_681' title='bbox 2239 3300 2320 3348; x_wconf 91' lang='lat' dir='ltr'><strong>est</strong></span> <span class='ocrx_word' id='word_1_682' title='bbox 2344 3291 2605 3348; x_wconf 87' lang='lat' dir='ltr'><strong>Christus.</strong></span> <span class='ocrx_word' id='word_1_683' title='bbox 2639 3289 2912 3347; x_wconf 76' lang='lat' dir='ltr'><strong>Veraciter</strong></span> <span class='ocrx_word' id='word_1_684' title='bbox 2938 3288 3005 3344; x_wconf 89' lang='lat' dir='ltr'><strong>de</strong></span> <span class='ocrx_word' id='word_1_685' title='bbox 3026 3288 3119 3344; x_wconf 92' lang='lat' dir='ltr'><strong>illo</strong></span> <span class='ocrx_word' id='word_1_686' title='bbox 3163 3288 3417 3358; x_wconf 88' lang='lat' dir='ltr'><strong>scriptum</strong></span> <span class='ocrx_word' id='word_1_687' title='bbox 3443 3297 3525 3343; x_wconf 88' lang='lat' dir='ltr'><strong>est</strong></span> <span class='ocrx_word' id='word_1_688' title='bbox 3549 3330 3562 3352; x_wconf 95' lang='lat'><strong>,</strong></span> <span class='ocrx_word' id='word_1_689' title='bbox 3605 3287 3701 3354; x_wconf 71' lang='lat' dir='ltr'><strong>Qui</strong></span> 
     </span>
    </p>
   </div>
   <div class='ocr_carea' id='block_1_93' title="bbox 2118 3380 3700 3452">
    <p class='ocr_par' dir='ltr' id='par_1_93' title="bbox 2118 3380 3700 3452">
     <span class='ocr_line' id='line_1_95' title="bbox 2118 3380 3700 3452; baseline -0.002 -14"><span class='ocrx_word' id='word_1_690' title='bbox 2118 3382 2225 3439; x_wconf 80' lang='lat' dir='ltr'><strong>vult</strong></span> <span class='ocrx_word' id='word_1_691' title='bbox 2252 3401 2423 3439; x_wconf 84' lang='lat' dir='ltr'><strong>omnes</strong></span> <span class='ocrx_word' id='word_1_692' title='bbox 2448 3384 2672 3438; x_wconf 80' lang='lat' dir='ltr'><strong>homines</strong></span> <span class='ocrx_word' id='word_1_693' title='bbox 2700 3382 2868 3437; x_wconf 79' lang='lat' dir='ltr'><strong>salvos</strong></span> <span class='ocrx_word' id='word_1_694' title='bbox 2917 3381 3047 3450; x_wconf 77' lang='lat' dir='ltr'><strong>ﬁeri,</strong></span> <span class='ocrx_word' id='word_1_695' title='bbox 3088 3390 3136 3435; x_wconf 89' lang='lat' dir='ltr'><strong>et</strong></span> <span class='ocrx_word' id='word_1_696' title='bbox 3160 3382 3213 3436; x_wconf 88' lang='lat' dir='ltr'><strong>in</strong></span> <span class='ocrx_word' id='word_1_697' title='bbox 3243 3381 3550 3452; x_wconf 80' lang='lat' dir='ltr'><strong>agnitionem</strong></span> <span class='ocrx_word' id='word_1_698' title='bbox 3574 3380 3700 3435; x_wconf 76' lang='lat' dir='ltr'><strong>reri-</strong></span> 
     </span>
    </p>
   </div>
   <div class='ocr_carea' id='block_1_94' title="bbox 2119 3472 2876 3547">
    <p class='ocr_par' dir='ltr' id='par_1_94' title="bbox 2119 3472 2876 3547">
     <span class='ocr_line' id='line_1_96' title="bbox 2119 3472 2876 3547; baseline -0.003 -17"><span class='ocrx_word' id='word_1_699' title='bbox 2119 3476 2237 3531; x_wconf 80' lang='lat' dir='ltr'><strong>tatis</strong></span> <span class='ocrx_word' id='word_1_700' title='bbox 2261 3476 2462 3546; x_wconf 74' lang='lat' dir='ltr'><strong>uenire(</strong></span> <span class='ocrx_word' id='word_1_701' title='bbox 2486 3472 2505 3530; x_wconf 93' lang='grc' dir='ltr'><strong>Ι</strong></span> <span class='ocrx_word' id='word_1_702' title='bbox 2533 3475 2666 3530; x_wconf 85' lang='lat' dir='ltr'><strong>Tim.</strong></span> <span class='ocrx_word' id='word_1_703' title='bbox 2697 3490 2753 3541; x_wconf 85' lang='grc' dir='ltr'><strong>η,</strong></span> <span class='ocrx_word' id='word_1_704' title='bbox 2785 3472 2876 3547; x_wconf 74' lang='grc'><strong>4).</strong></span> 
     </span>
    </p>
   </div>
   <div class='ocr_carea' id='block_1_95' title="bbox 2191 3565 3698 3640">
    <p class='ocr_par' dir='ltr' id='par_1_95' title="bbox 2191 3565 3698 3640">
     <span class='ocr_line' id='line_1_97' title="bbox 2191 3565 3698 3640; baseline -0.005 -16"><span class='ocrx_word' id='word_1_705' title='bbox 2191 3568 2246 3624; x_wconf 77' lang='grc'><strong>5.</strong></span> <span class='ocrx_word' id='word_1_706' title='bbox 2266 3565 2334 3621; x_wconf 82' lang='lat' dir='ltr'><strong>In</strong></span> <span class='ocrx_word' id='word_1_707' title='bbox 2358 3568 2537 3639; x_wconf 80' lang='lat' dir='ltr'><strong>quibus</strong></span> <span class='ocrx_word' id='word_1_708' title='bbox 2560 3567 2671 3622; x_wconf 85' lang='lat' dir='ltr'><strong>licet</strong></span> <span class='ocrx_word' id='word_1_709' title='bbox 2692 3567 2949 3624; x_wconf 78' lang='lat' dir='ltr'><strong>Christum</strong></span> <span class='ocrx_word' id='word_1_710' title='bbox 2983 3566 3142 3640; x_wconf 82' lang='lat' dir='ltr'><strong>sequi,</strong></span> <span class='ocrx_word' id='word_1_711' title='bbox 3174 3576 3356 3638; x_wconf 67' lang='lat' dir='ltr'><strong>prater</strong></span> <span class='ocrx_word' id='word_1_712' title='bbox 3379 3565 3698 3634; x_wconf 72' lang='lat' dir='ltr'><strong>martyrium.</strong></span> 
     </span>
    </p>
   </div>
   <div class='ocr_carea' id='block_1_96' title="bbox 2125 3653 3699 3728">
    <p class='ocr_par' dir='ltr' id='par_1_96' title="bbox 2125 3653 3699 3728">
     <span class='ocr_line' id='line_1_98' title="bbox 2125 3653 3699 3728; baseline -0.004 -15"><span class='ocrx_word' id='word_1_713' title='bbox 2125 3657 2404 3713; x_wconf 85' lang='lat' dir='ltr'><strong>Humilitas</strong></span> <span class='ocrx_word' id='word_1_714' title='bbox 2451 3659 2613 3728; x_wconf 76' lang='lat' dir='ltr'><strong>ipsius</strong></span> <span class='ocrx_word' id='word_1_715' title='bbox 2652 3658 2909 3713; x_wconf 81' lang='lat' dir='ltr'><strong>sectanda.</strong></span> <span class='ocrx_word' id='word_1_716' title='bbox 2960 3656 3196 3713; x_wconf 75' lang='lat' dir='ltr'><strong>Vindicta</strong></span> <span class='ocrx_word' id='word_1_717' title='bbox 3232 3657 3461 3722; x_wconf 69' lang='lat' dir='ltr'><strong>exernpto</strong></span> <span class='ocrx_word' id='word_1_718' title='bbox 3495 3653 3699 3718; x_wconf 79' lang='lat' dir='ltr'><strong>Christi,</strong></span> 
     </span>
    </p>
   </div>
   <div class='ocr_carea' id='block_1_97' title="bbox 2120 3744 3704 3820">
    <p class='ocr_par' dir='ltr' id='par_1_97' title="bbox 2120 3744 3704 3820">
     <span class='ocr_line' id='line_1_99' title="bbox 2120 3744 3704 3820; baseline -0.004 -16"><span class='ocrx_word' id='word_1_719' title='bbox 2120 3766 2223 3805; x_wconf 85' lang='lat' dir='ltr'><strong>non</strong></span> <span class='ocrx_word' id='word_1_720' title='bbox 2264 3748 2557 3820; x_wconf 70' lang='lat' dir='ltr'><strong>expetenda.</strong></span> <span class='ocrx_word' id='word_1_721' title='bbox 2602 3748 2884 3804; x_wconf 73' lang='lat' dir='ltr'><strong>Prwsentia</strong></span> <span class='ocrx_word' id='word_1_722' title='bbox 2926 3746 3303 3804; x_wconf 77' lang='lat' dir='ltr'><strong>contemnenda.</strong></span> <span class='ocrx_word' id='word_1_723' title='bbox 3347 3744 3704 3816; x_wconf 78' lang='lat' dir='ltr'><strong>Intelligamus</strong></span> 
     </span>
    </p>
   </div>
   <div class='ocr_carea' id='block_1_98' title="bbox 2121 3836 3701 3911">
    <p class='ocr_par' dir='ltr' id='par_1_98' title="bbox 2121 3836 3701 3911">
     <span class='ocr_line' id='line_1_100' title="bbox 2121 3836 3701 3911; baseline -0.004 -16"><span class='ocrx_word' id='word_1_724' title='bbox 2121 3854 2250 3911; x_wconf 87' lang='lat' dir='ltr'><strong>ergo</strong></span> <span class='ocrx_word' id='word_1_725' title='bbox 2304 3848 2500 3911; x_wconf 61' lang='lat' dir='ltr'><strong>praeter</strong></span> <span class='ocrx_word' id='word_1_726' title='bbox 2544 3841 2855 3896; x_wconf 74' lang='lat' dir='ltr'><strong>eihrsionem</strong></span> <span class='ocrx_word' id='word_1_727' title='bbox 2895 3836 3133 3906; x_wconf 80' lang='lat' dir='ltr'><strong>cruoris,</strong></span> <span class='ocrx_word' id='word_1_728' title='bbox 3177 3846 3373 3910; x_wconf 67' lang='lat' dir='ltr'><strong>praeter</strong></span> <span class='ocrx_word' id='word_1_729' title='bbox 3413 3837 3701 3905; x_wconf 85' lang='lat' dir='ltr'><strong>perieulum</strong></span> 
     </span>
    </p>
   </div>
   <div class='ocr_carea' id='block_1_99' title="bbox 2126 3927 3704 4002">
    <p class='ocr_par' dir='ltr' id='par_1_99' title="bbox 2126 3927 3704 4002">
     <span class='ocr_line' id='line_1_101' title="bbox 2126 3927 3704 4002; baseline -0.005 -13"><span class='ocrx_word' id='word_1_730' title='bbox 2126 3933 2406 4002; x_wconf 84' lang='lat' dir='ltr'><strong>passionis,</strong></span> <span class='ocrx_word' id='word_1_731' title='bbox 2440 3932 2703 4002; x_wconf 87' lang='lat' dir='ltr'><strong>quomodo</strong></span> <span class='ocrx_word' id='word_1_732' title='bbox 2728 3930 2994 3987; x_wconf 85' lang='lat' dir='ltr'><strong>Christum</strong></span> <span class='ocrx_word' id='word_1_733' title='bbox 3022 3931 3214 3987; x_wconf 81' lang='lat' dir='ltr'><strong>debeat</strong></span> <span class='ocrx_word' id='word_1_734' title='bbox 3252 3930 3403 4000; x_wconf 85' lang='lat' dir='ltr'><strong>sequi</strong></span> <span class='ocrx_word' id='word_1_735' title='bbox 3442 3927 3704 3984; x_wconf 79' lang='lat' dir='ltr'><strong>Christia-</strong></span> 
     </span>
    </p>
   </div>
   <div class='ocr_carea' id='block_1_100' title="bbox 2123 4020 3703 4095">
    <p class='ocr_par' dir='ltr' id='par_1_100' title="bbox 2123 4020 3703 4095">
     <span class='ocr_line' id='line_1_102' title="bbox 2123 4020 3703 4095; baseline -0.003 -17"><span class='ocrx_word' id='word_1_736' title='bbox 2123 4038 2243 4078; x_wconf 90' lang='lat' dir='ltr'><strong>nus.</strong></span> <span class='ocrx_word' id='word_1_737' title='bbox 2294 4023 2581 4094; x_wconf 82' lang='lat' dir='ltr'><strong>Apostolus</strong></span> <span class='ocrx_word' id='word_1_738' title='bbox 2630 4023 2776 4092; x_wconf 82' lang='lat' dir='ltr'><strong>dicit,</strong></span> <span class='ocrx_word' id='word_1_739' title='bbox 2819 4023 3043 4095; x_wconf 86' lang='lat' dir='ltr'><strong>loquens</strong></span> <span class='ocrx_word' id='word_1_740' title='bbox 3080 4022 3148 4078; x_wconf 91' lang='lat' dir='ltr'><strong>de</strong></span> <span class='ocrx_word' id='word_1_741' title='bbox 3190 4021 3418 4077; x_wconf 85' lang='lat' dir='ltr'><strong>Domino</strong></span> <span class='ocrx_word' id='word_1_742' title='bbox 3442 4020 3703 4076; x_wconf 85' lang='lat' dir='ltr'><strong>Christo:</strong></span> 
     </span>
    </p>
   </div>
   <div class='ocr_carea' id='block_1_101' title="bbox 2126 4104 3707 4186">
    <p class='ocr_par' dir='ltr' id='par_1_101' title="bbox 2126 4104 3707 4186">
     <span class='ocr_line' id='line_1_103' title="bbox 2126 4104 3707 4186; baseline -0.001 -18"><span class='ocrx_word' id='word_1_743' title='bbox 2126 4112 2364 4180; x_wconf 84' lang='lat' dir='ltr'><strong>Quicum</strong></span> <span class='ocrx_word' id='word_1_744' title='bbox 2402 4115 2455 4168; x_wconf 88' lang='lat' dir='ltr'><strong>in</strong></span> <span class='ocrx_word' id='word_1_745' title='bbox 2499 4119 2661 4186; x_wconf 85' lang='lat' dir='ltr'><strong>forma</strong></span> <span class='ocrx_word' id='word_1_746' title='bbox 2686 4114 2781 4170; x_wconf 86' lang='lat' dir='ltr'><strong>Dei</strong></span> <span class='ocrx_word' id='word_1_747' title='bbox 2806 4124 2951 4182; x_wconf 85' lang='lat' dir='ltr'><strong>esset,</strong></span> <span class='ocrx_word' id='word_1_748' title='bbox 3001 4130 3100 4168; x_wconf 89' lang='lat' dir='ltr'><strong>non</strong></span> <span class='ocrx_word' id='word_1_749' title='bbox 3151 4113 3387 4183; x_wconf 85' lang='lat' dir='ltr'><strong>rapinam</strong></span> <span class='ocrx_word' id='word_1_750' title='bbox 3434 4104 3707 4167; x_wconf 58' lang='lat' dir='ltr'><strong>arbitratus</strong></span> 
     </span>
    </p>
   </div>
   <div class='ocr_carea' id='block_1_102' title="bbox 2122 4202 3706 4276">
    <p class='ocr_par' dir='ltr' id='par_1_102' title="bbox 2122 4202 3706 4276">
     <span class='ocr_line' id='line_1_104' title="bbox 2122 4202 3706 4276; baseline -0.003 -17"><span class='ocrx_word' id='word_1_751' title='bbox 2122 4217 2195 4259; x_wconf 84' lang='lat' dir='ltr'><strong>est</strong></span> <span class='ocrx_word' id='word_1_752' title='bbox 2230 4221 2336 4259; x_wconf 83' lang='lat' dir='ltr'><strong>esse</strong></span> <span class='ocrx_word' id='word_1_753' title='bbox 2374 4205 2586 4276; x_wconf 62' lang='lat' dir='ltr'><strong>aqualis</strong></span> <span class='ocrx_word' id='word_1_754' title='bbox 2615 4203 2743 4261; x_wconf 81' lang='lat' dir='ltr'><strong>Deo.</strong></span> <span class='ocrx_word' id='word_1_755' title='bbox 2799 4204 3007 4273; x_wconf 76' lang='lat' dir='ltr'><strong>Quanta</strong></span> <span class='ocrx_word' id='word_1_756' title='bbox 3051 4203 3301 4272; x_wconf 72' lang='lat' dir='ltr'><strong>majestas</strong></span> <span class='ocrx_word' id='word_1_757' title='bbox 3331 4204 3344 4257; x_wconf 84' lang='lat' dir='ltr'><strong>l</strong></span> <span class='ocrx_word' id='word_1_758' title='bbox 3379 4202 3486 4259; x_wconf 88' lang='lat' dir='ltr'><strong>Sed</strong></span> <span class='ocrx_word' id='word_1_759' title='bbox 3530 4211 3706 4257; x_wconf 83' lang='lat' dir='ltr'><strong>semet-</strong></span> 
     </span>
    </p>
   </div>
   <div class='ocr_carea' id='block_1_103' title="bbox 2124 4293 3707 4368">
    <p class='ocr_par' dir='ltr' id='par_1_103' title="bbox 2124 4293 3707 4368">
     <span class='ocr_line' id='line_1_105' title="bbox 2124 4293 3707 4368; baseline -0.001 -19"><span class='ocrx_word' id='word_1_760' title='bbox 2124 4296 2295 4365; x_wconf 82' lang='lat' dir='ltr'><strong>ipsum</strong></span> <span class='ocrx_word' id='word_1_761' title='bbox 2316 4296 2612 4363; x_wconf 70' lang='lat' dir='ltr'><strong>eatinaniuit,</strong></span> <span class='ocrx_word' id='word_1_762' title='bbox 2639 4301 2856 4368; x_wconf 69' lang='lat' dir='ltr'><strong>form</strong></span> <span class='ocrx_word' id='word_1_763' title='bbox 2876 4296 3005 4352; x_wconf 80' lang='lat' dir='ltr'><strong>seni</strong></span> <span class='ocrx_word' id='word_1_764' title='bbox 3022 4296 3297 4367; x_wconf 65' lang='lat' dir='ltr'><strong>accipias,</strong></span> <span class='ocrx_word' id='word_1_765' title='bbox 3334 4295 3387 4348; x_wconf 89' lang='lat' dir='ltr'><strong>in</strong></span> <span class='ocrx_word' id='word_1_766' title='bbox 3414 4293 3707 4349; x_wconf 77' lang='lat' dir='ltr'><strong>similitudi-</strong></span> 
     </span>
    </p>
   </div>
   <div class='ocr_carea' id='block_1_104' title="bbox 2124 4389 3702 4461">
    <p class='ocr_par' dir='ltr' id='par_1_104' title="bbox 2124 4389 3702 4461">
     <span class='ocr_line' id='line_1_106' title="bbox 2124 4389 3702 4461; baseline -0.004 -17"><span class='ocrx_word' id='word_1_767' title='bbox 2124 4407 2237 4446; x_wconf 87' lang='lat' dir='ltr'><strong>nem</strong></span> <span class='ocrx_word' id='word_1_768' title='bbox 2284 4390 2541 4445; x_wconf 86' lang='lat' dir='ltr'><strong>hominum</strong></span> <span class='ocrx_word' id='word_1_769' title='bbox 2594 4394 2757 4461; x_wconf 78' lang='lat' dir='ltr'><strong>[actus</strong></span> <span class='ocrx_word' id='word_1_770' title='bbox 2781 4430 2797 4455; x_wconf 90' lang='lat'><strong>,</strong></span> <span class='ocrx_word' id='word_1_771' title='bbox 2842 4399 2887 4445; x_wconf 92' lang='lat' dir='ltr'><strong>et</strong></span> <span class='ocrx_word' id='word_1_772' title='bbox 2932 4390 3105 4445; x_wconf 86' lang='lat' dir='ltr'><strong>habitu</strong></span> <span class='ocrx_word' id='word_1_773' title='bbox 3152 4390 3378 4443; x_wconf 84' lang='lat' dir='ltr'><strong>inventus</strong></span> <span class='ocrx_word' id='word_1_774' title='bbox 3425 4396 3482 4441; x_wconf 89' lang='lat' dir='ltr'><strong>ut</strong></span> <span class='ocrx_word' id='word_1_775' title='bbox 3535 4389 3702 4440; x_wconf 87' lang='lat' dir='ltr'><strong>homo.</strong></span> 
     </span>
    </p>
   </div>
   <div class='ocr_carea' id='block_1_105' title="bbox 2124 4472 3704 4553">
    <p class='ocr_par' dir='ltr' id='par_1_105' title="bbox 2124 4472 3704 4553">
     <span class='ocr_line' id='line_1_107' title="bbox 2124 4472 3704 4553; baseline -0.002 -17"><span class='ocrx_word' id='word_1_776' title='bbox 2124 4478 2331 4553; x_wconf 82' lang='lat' dir='ltr'><strong>Quanta</strong></span> <span class='ocrx_word' id='word_1_777' title='bbox 2377 4483 2687 4539; x_wconf 80' lang='lat' dir='ltr'><strong>humilitas!</strong></span> <span class='ocrx_word' id='word_1_778' title='bbox 2722 4480 3025 4538; x_wconf 85' lang='lat' dir='ltr'><strong>Humiliavit</strong></span> <span class='ocrx_word' id='word_1_779' title='bbox 3067 4498 3125 4538; x_wconf 90' lang='lat' dir='ltr'><strong>se</strong></span> <span class='ocrx_word' id='word_1_780' title='bbox 3173 4472 3415 4535; x_wconf 78' lang='lat' dir='ltr'><strong>Christus</strong></span> <span class='ocrx_word' id='word_1_781' title='bbox 3454 4476 3704 4548; x_wconf 81' lang='lat' dir='ltr'><strong>:hahes,</strong></span> 
     </span>
    </p>
   </div>
   <div class='ocr_carea' id='block_1_106' title="bbox 2124 4560 3711 4646">
    <p class='ocr_par' dir='ltr' id='par_1_106' title="bbox 2124 4560 3711 4646">
     <span class='ocr_line' id='line_1_108' title="bbox 2124 4560 3711 4646; baseline -0.002 -15"><span class='ocrx_word' id='word_1_782' title='bbox 2124 4575 2443 4641; x_wconf 79' lang='lat' dir='ltr'><strong>Christiane,</strong></span> <span class='ocrx_word' id='word_1_783' title='bbox 2474 4575 2615 4646; x_wconf 89' lang='lat' dir='ltr'><strong>quod</strong></span> <span class='ocrx_word' id='word_1_784' title='bbox 2644 4584 2846 4630; x_wconf 82' lang='lat' dir='ltr'><strong>teneas.</strong></span> <span class='ocrx_word' id='word_1_785' title='bbox 2875 4570 3118 4630; x_wconf 85' lang='lat' dir='ltr'><strong>Christus</strong></span> <span class='ocrx_word' id='word_1_786' title='bbox 3143 4577 3305 4646; x_wconf 74' lang='lat' dir='ltr'><strong>{actus</strong></span> <span class='ocrx_word' id='word_1_787' title='bbox 3336 4581 3406 4626; x_wconf 85' lang='lat' dir='ltr'><strong>est</strong></span> <span class='ocrx_word' id='word_1_788' title='bbox 3429 4560 3711 4628; x_wconf 76' lang='lat' dir='ltr'><strong>obediens:</strong></span> 
     </span>
    </p>
   </div>
   <div class='ocr_carea' id='block_1_107' title="bbox 2127 4650 3707 4736">
    <p class='ocr_par' dir='ltr' id='par_1_107' title="bbox 2127 4650 3707 4736">
     <span class='ocr_line' id='line_1_109' title="bbox 2127 4650 3707 4736; baseline -0.003 -16"><span class='ocrx_word' id='word_1_789' title='bbox 2127 4666 2252 4736; x_wconf 89' lang='lat' dir='ltr'><strong>quid</strong></span> <span class='ocrx_word' id='word_1_790' title='bbox 2283 4665 2575 4736; x_wconf 78' lang='lat' dir='ltr'><strong>superbis?</strong></span> <span class='ocrx_word' id='word_1_791' title='bbox 2604 4665 2886 4736; x_wconf 87' lang='lat' dir='ltr'><strong>Quousque</strong></span> <span class='ocrx_word' id='word_1_792' title='bbox 2915 4665 3083 4720; x_wconf 79' lang='lat' dir='ltr'><strong>factus</strong></span> <span class='ocrx_word' id='word_1_793' title='bbox 3128 4675 3211 4719; x_wconf 89' lang='lat' dir='ltr'><strong>est</strong></span> <span class='ocrx_word' id='word_1_794' title='bbox 3253 4662 3508 4718; x_wconf 55' lang='lat' dir='ltr'><strong>obed&#39;icns</strong></span> <span class='ocrx_word' id='word_1_795' title='bbox 3552 4650 3707 4717; x_wconf 82' lang='lat' dir='ltr'><strong>Chri-</strong></span> 
     </span>
    </p>
   </div>
   <div class='ocr_carea' id='block_1_108' title="bbox 2127 4748 3706 4829">
    <p class='ocr_par' dir='ltr' id='par_1_108' title="bbox 2127 4748 3706 4829">
     <span class='ocr_line' id='line_1_110' title="bbox 2127 4748 3706 4829; baseline -0.001 -17"><span class='ocrx_word' id='word_1_796' title='bbox 2127 4756 2287 4813; x_wconf 71' lang='lat' dir='ltr'><strong>stus?</strong></span> <span class='ocrx_word' id='word_1_797' title='bbox 2317 4756 2492 4829; x_wconf 87' lang='lat' dir='ltr'><strong>Usque</strong></span> <span class='ocrx_word' id='word_1_798' title='bbox 2518 4757 2585 4813; x_wconf 92' lang='lat' dir='ltr'><strong>ad</strong></span> <span class='ocrx_word' id='word_1_799' title='bbox 2615 4758 3028 4813; x_wconf 88' lang='lat' dir='ltr'><strong>incarnationem</strong></span> <span class='ocrx_word' id='word_1_800' title='bbox 3055 4756 3242 4823; x_wconf 80' lang='lat' dir='ltr'><strong>Verbi,</strong></span> <span class='ocrx_word' id='word_1_801' title='bbox 3288 4772 3458 4826; x_wconf 90' lang='lat' dir='ltr'><strong>usque</strong></span> <span class='ocrx_word' id='word_1_802' title='bbox 3485 4748 3555 4810; x_wconf 81' lang='lat' dir='ltr'><strong>ad</strong></span> <span class='ocrx_word' id='word_1_803' title='bbox 3582 4772 3706 4825; x_wconf 86' lang='lat' dir='ltr'><strong>par-</strong></span> 
     </span>
    </p>
   </div>
   <div class='ocr_carea' id='block_1_109' title="bbox 2128 4840 3709 4920">
    <p class='ocr_par' dir='ltr' id='par_1_109' title="bbox 2128 4840 3709 4920">
     <span class='ocr_line' id='line_1_111' title="bbox 2128 4840 3709 4920; baseline -0.001 -15"><span class='ocrx_word' id='word_1_804' title='bbox 2128 4849 2487 4919; x_wconf 83' lang='lat' dir='ltr'><strong>ticipationem</strong></span> <span class='ocrx_word' id='word_1_805' title='bbox 2514 4850 2851 4905; x_wconf 88' lang='lat' dir='ltr'><strong>mortalitatis</strong></span> <span class='ocrx_word' id='word_1_806' title='bbox 2879 4849 3123 4904; x_wconf 67' lang='lat' dir='ltr'><strong>humanae</strong></span> <span class='ocrx_word' id='word_1_807' title='bbox 3143 4890 3157 4913; x_wconf 91' lang='lat'><strong>,</strong></span> <span class='ocrx_word' id='word_1_808' title='bbox 3203 4864 3368 4920; x_wconf 84' lang='lat' dir='ltr'><strong>usque</strong></span> <span class='ocrx_word' id='word_1_809' title='bbox 3398 4840 3467 4902; x_wconf 83' lang='lat' dir='ltr'><strong>ad</strong></span> <span class='ocrx_word' id='word_1_810' title='bbox 3514 4849 3709 4903; x_wconf 84' lang='lat' dir='ltr'><strong>trinam</strong></span> 
     </span>
    </p>
   </div>
   <div class='ocr_carea' id='block_1_110' title="bbox 2127 4936 3710 5012">
    <p class='ocr_par' dir='ltr' id='par_1_110' title="bbox 2127 4936 3710 5012">
     <span class='ocr_line' id='line_1_112' title="bbox 2127 4936 3710 5012; baseline -0.003 -15"><span class='ocrx_word' id='word_1_811' title='bbox 2127 4940 2321 4997; x_wconf 86' lang='lat' dir='ltr'><strong>diaboli</strong></span> <span class='ocrx_word' id='word_1_812' title='bbox 2355 4941 2722 5006; x_wconf 86' lang='lat' dir='ltr'><strong>tentationem,</strong></span> <span class='ocrx_word' id='word_1_813' title='bbox 2752 4955 2920 5012; x_wconf 90' lang='lat' dir='ltr'><strong>usque</strong></span> <span class='ocrx_word' id='word_1_814' title='bbox 2962 4940 3033 4995; x_wconf 86' lang='lat' dir='ltr'><strong>ad</strong></span> <span class='ocrx_word' id='word_1_815' title='bbox 3069 4940 3366 4996; x_wconf 88' lang='lat' dir='ltr'><strong>irrisionem</strong></span> <span class='ocrx_word' id='word_1_816' title='bbox 3405 4936 3591 5012; x_wconf 79' lang='lat' dir='ltr'><strong>populi</strong></span> <span class='ocrx_word' id='word_1_817' title='bbox 3619 4938 3710 4994; x_wconf 79' lang='lat' dir='ltr'><strong>Ju-</strong></span> 
     </span>
    </p>
   </div>
   <div class='ocr_carea' id='block_1_111' title="bbox 2128 5030 3709 5104">
    <p class='ocr_par' dir='ltr' id='par_1_111' title="bbox 2128 5030 3709 5104">
     <span class='ocr_line' id='line_1_113' title="bbox 2128 5030 3709 5104; baseline -0.001 -18"><span class='ocrx_word' id='word_1_818' title='bbox 2128 5030 2385 5100; x_wconf 81' lang='lat' dir='ltr'><strong>daeorum,</strong></span> <span class='ocrx_word' id='word_1_819' title='bbox 2418 5047 2585 5103; x_wconf 89' lang='lat' dir='ltr'><strong>usque</strong></span> <span class='ocrx_word' id='word_1_820' title='bbox 2607 5032 2672 5087; x_wconf 89' lang='lat' dir='ltr'><strong>ad</strong></span> <span class='ocrx_word' id='word_1_821' title='bbox 2700 5041 2851 5104; x_wconf 88' lang='lat' dir='ltr'><strong>sputa</strong></span> <span class='ocrx_word' id='word_1_822' title='bbox 2885 5041 2940 5088; x_wconf 90' lang='lat' dir='ltr'><strong>et</strong></span> <span class='ocrx_word' id='word_1_823' title='bbox 2964 5032 3171 5086; x_wconf 89' lang='lat' dir='ltr'><strong>vincula</strong></span> <span class='ocrx_word' id='word_1_824' title='bbox 3203 5073 3217 5097; x_wconf 93' lang='lat'><strong>,</strong></span> <span class='ocrx_word' id='word_1_825' title='bbox 3241 5047 3407 5100; x_wconf 86' lang='lat' dir='ltr'><strong>usque</strong></span> <span class='ocrx_word' id='word_1_826' title='bbox 3436 5030 3506 5084; x_wconf 80' lang='lat' dir='ltr'><strong>ad</strong></span> <span class='ocrx_word' id='word_1_827' title='bbox 3529 5030 3709 5099; x_wconf 82' lang='lat' dir='ltr'><strong>alapas</strong></span> 
     </span>
    </p>
   </div>
   <div class='ocr_carea' id='block_1_112' title="bbox 2128 5110 3711 5205">
    <p class='ocr_par' dir='ltr' id='par_1_112' title="bbox 2128 5110 3711 5205">
     <span class='ocr_line' id='line_1_114' title="bbox 2128 5110 3711 5205; baseline -0.004 -24"><span class='ocrx_word' id='word_1_828' title='bbox 2128 5134 2181 5181; x_wconf 89' lang='lat' dir='ltr'><strong>et</strong></span> <span class='ocrx_word' id='word_1_829' title='bbox 2211 5120 2412 5196; x_wconf 80' lang='lat' dir='ltr'><strong>ﬂagella</strong></span> <span class='ocrx_word' id='word_1_830' title='bbox 2439 5142 2455 5191; x_wconf 89' lang='lat'><strong>;</strong></span> <span class='ocrx_word' id='word_1_831' title='bbox 2487 5125 2752 5205; x_wconf 81' lang='lat' dir='ltr'><strong>siparum</strong></span> <span class='ocrx_word' id='word_1_832' title='bbox 2781 5132 2884 5192; x_wconf 90' lang='lat' dir='ltr'><strong>est,</strong></span> <span class='ocrx_word' id='word_1_833' title='bbox 2924 5141 3080 5196; x_wconf 85' lang='lat' dir='ltr'><strong>usque</strong></span> <span class='ocrx_word' id='word_1_834' title='bbox 3125 5123 3197 5179; x_wconf 86' lang='lat' dir='ltr'><strong>ad</strong></span> <span class='ocrx_word' id='word_1_835' title='bbox 3247 5126 3506 5189; x_wconf 81' lang='lat' dir='ltr'><strong>mortem;</strong></span> <span class='ocrx_word' id='word_1_836' title='bbox 3565 5124 3619 5176; x_wconf 86' lang='lat' dir='ltr'><strong>et</strong></span> <span class='ocrx_word' id='word_1_837' title='bbox 3667 5110 3711 5175; x_wconf 85' lang='lat' dir='ltr'><strong>si</strong></span> 
     </span>
    </p>
   </div>
   <div class='ocr_carea' id='block_1_113' title="bbox 2126 5206 3705 5295">
    <p class='ocr_par' dir='ltr' id='par_1_113' title="bbox 2126 5206 3705 5295">
     <span class='ocr_line' id='line_1_115' title="bbox 2126 5206 3705 5295; baseline -0.003 -22"><span class='ocrx_word' id='word_1_838' title='bbox 2126 5219 2299 5275; x_wconf 84' lang='lat' dir='ltr'><strong>adhuc</strong></span> <span class='ocrx_word' id='word_1_839' title='bbox 2339 5217 2535 5295; x_wconf 81' lang='lat' dir='ltr'><strong>aliquid</strong></span> <span class='ocrx_word' id='word_1_840' title='bbox 2583 5218 2743 5275; x_wconf 89' lang='lat' dir='ltr'><strong>etiam</strong></span> <span class='ocrx_word' id='word_1_841' title='bbox 2786 5218 2855 5273; x_wconf 88' lang='lat' dir='ltr'><strong>de</strong></span> <span class='ocrx_word' id='word_1_842' title='bbox 2901 5234 3097 5288; x_wconf 85' lang='lat' dir='ltr'><strong>genere</strong></span> <span class='ocrx_word' id='word_1_843' title='bbox 3139 5217 3322 5273; x_wconf 90' lang='lat' dir='ltr'><strong>mortis</strong></span> <span class='ocrx_word' id='word_1_844' title='bbox 3365 5206 3705 5278; x_wconf 78' lang='lat' dir='ltr'><strong>addendum,</strong></span> 
     </span>
    </p>
   </div>
   <div class='ocr_carea' id='block_1_114' title="bbox 2126 5306 3709 5383">
    <p class='ocr_par' dir='ltr' id='par_1_114' title="bbox 2126 5306 3709 5383">
     <span class='ocr_line' id='line_1_116' title="bbox 2126 5306 3709 5383; baseline -0.003 -18"><span class='ocrx_word' id='word_1_845' title='bbox 2126 5320 2333 5365; x_wconf 85' lang='lat' dir='ltr'><strong>mortem</strong></span> <span class='ocrx_word' id='word_1_846' title='bbox 2362 5320 2528 5365; x_wconf 86' lang='lat' dir='ltr'><strong>autem</strong></span> <span class='ocrx_word' id='word_1_847' title='bbox 2557 5311 2720 5365; x_wconf 81' lang='lat' dir='ltr'><strong>crucis</strong></span> <span class='ocrx_word' id='word_1_848' title='bbox 2745 5306 3001 5383; x_wconf 84' lang='lat' dir='ltr'><strong>(Philipp.</strong></span> <span class='ocrx_word' id='word_1_849' title='bbox 3030 5326 3087 5376; x_wconf 85' lang='lat' dir='ltr'><strong>Il,</strong></span> <span class='ocrx_word' id='word_1_850' title='bbox 3115 5308 3219 5365; x_wconf 87' lang='lat'><strong>6-8</strong></span> <span class='ocrx_word' id='word_1_851' title='bbox 3247 5307 3288 5383; x_wconf 91' lang='lat'><strong>).</strong></span> <span class='ocrx_word' id='word_1_852' title='bbox 3317 5308 3585 5365; x_wconf 78' lang='lat' dir='ltr'><strong>Habemus</strong></span> <span class='ocrx_word' id='word_1_853' title='bbox 3607 5306 3709 5361; x_wconf 82' lang='lat' dir='ltr'><strong>tale</strong></span> 
     </span>
    </p>
   </div>
   <div class='ocr_carea' id='block_1_115' title="bbox 2129 5400 3562 5475">
    <p class='ocr_par' dir='ltr' id='par_1_115' title="bbox 2129 5400 3562 5475">
     <span class='ocr_line' id='line_1_117' title="bbox 2129 5400 3562 5475; baseline -0.003 -19"><span class='ocrx_word' id='word_1_854' title='bbox 2129 5402 2437 5458; x_wconf 79' lang='lat' dir='ltr'><strong>humilitatis</strong></span> <span class='ocrx_word' id='word_1_855' title='bbox 2458 5401 3070 5475; x_wconf 71' lang='lat' dir='ltr'><strong>exemplum,snperbize</strong></span> <span class='ocrx_word' id='word_1_856' title='bbox 3098 5400 3562 5456; x_wconf 86' lang='lat' dir='ltr'><strong>medicamentum.</strong></span> 
     </span>
    </p>
   </div>
   <div class='ocr_carea' id='block_1_116' title="bbox 2198 5474 3709 5566">
    <p class='ocr_par' dir='ltr' id='par_1_116' title="bbox 2198 5474 3709 5566">
     <span class='ocr_line' id='line_1_118' title="bbox 2198 5474 3709 5566; baseline -0.004 -16"><span class='ocrx_word' id='word_1_857' title='bbox 2198 5493 2425 5551; x_wconf 75' lang='lat' dir='ltr'><strong>CAPUT</strong></span> <span class='ocrx_word' id='word_1_858' title='bbox 2469 5493 2556 5549; x_wconf 79' lang='lat' dir='ltr'><strong>IV.</strong></span> <span class='ocrx_word' id='word_1_859' title='bbox 2589 5474 2817 5561; x_wconf 81' lang='lat' dir='ltr'><strong>—Qnid</strong></span> <span class='ocrx_word' id='word_1_860' title='bbox 2862 5510 2987 5566; x_wconf 84' lang='lat' dir='ltr'><strong>ergo</strong></span> <span class='ocrx_word' id='word_1_861' title='bbox 3037 5492 3367 5556; x_wconf 89' lang='lat' dir='ltr'><strong>intumescis,</strong></span> <span class='ocrx_word' id='word_1_862' title='bbox 3411 5507 3446 5547; x_wconf 85' lang='grc' dir='ltr'>ο</span> <span class='ocrx_word' id='word_1_863' title='bbox 3498 5490 3709 5547; x_wconf 80' lang='lat' dir='ltr'><strong>homo?</strong></span> 
     </span>
    </p>
   </div>
   <div class='ocr_carea' id='block_1_117' title="bbox 2127 5585 3702 5660">
    <p class='ocr_par' dir='ltr' id='par_1_117' title="bbox 2127 5585 3702 5660">
     <span class='ocr_line' id='line_1_119' title="bbox 2127 5585 3702 5660; baseline -0.003 -16"><span class='ocrx_word' id='word_1_864' title='bbox 2127 5587 2173 5644; x_wconf 91' lang='lat'><strong>0</strong></span> <span class='ocrx_word' id='word_1_865' title='bbox 2213 5589 2362 5658; x_wconf 67' lang='lat' dir='ltr'><strong>pellis</strong></span> <span class='ocrx_word' id='word_1_866' title='bbox 2407 5589 2708 5656; x_wconf 77' lang='lat' dir='ltr'><strong>morticina,</strong></span> <span class='ocrx_word' id='word_1_867' title='bbox 2739 5588 2868 5660; x_wconf 79' lang='lat' dir='ltr'><strong>quid</strong></span> <span class='ocrx_word' id='word_1_868' title='bbox 2911 5587 3144 5645; x_wconf 71' lang='lat' dir='ltr'><strong>lauderis</strong></span> <span class='ocrx_word' id='word_1_869' title='bbox 3170 5586 3197 5641; x_wconf 65' lang='grc' dir='ltr'><strong><em>Ἰ</em></strong></span> <span class='ocrx_word' id='word_1_870' title='bbox 3238 5585 3289 5643; x_wconf 88' lang='lat'><strong>0</strong></span> <span class='ocrx_word' id='word_1_871' title='bbox 3315 5587 3493 5641; x_wconf 75' lang='lat' dir='ltr'><strong>sanies</strong></span> <span class='ocrx_word' id='word_1_872' title='bbox 3517 5586 3702 5648; x_wconf 77' lang='lat' dir='ltr'><strong>fetida,</strong></span> 
     </span>
    </p>
   </div>
   <div class='ocr_carea' id='block_1_118' title="bbox 2130 5678 3703 5754">
    <p class='ocr_par' dir='ltr' id='par_1_118' title="bbox 2130 5678 3703 5754">
     <span class='ocr_line' id='line_1_120' title="bbox 2130 5678 3703 5754; baseline -0.004 -18"><span class='ocrx_word' id='word_1_873' title='bbox 2130 5682 2256 5754; x_wconf 86' lang='lat' dir='ltr'><strong>quid</strong></span> <span class='ocrx_word' id='word_1_874' title='bbox 2301 5681 2551 5736; x_wconf 82' lang='lat' dir='ltr'><strong>inﬂaris?</strong></span> <span class='ocrx_word' id='word_1_875' title='bbox 2598 5681 2851 5749; x_wconf 82' lang='lat' dir='ltr'><strong>Anhelas,</strong></span> <span class='ocrx_word' id='word_1_876' title='bbox 2897 5680 3066 5747; x_wconf 91' lang='lat' dir='ltr'><strong>doles,</strong></span> <span class='ocrx_word' id='word_1_877' title='bbox 3111 5690 3324 5744; x_wconf 66' lang='lat' dir='ltr'><strong>aestuas,</strong></span> <span class='ocrx_word' id='word_1_878' title='bbox 3373 5678 3497 5749; x_wconf 89' lang='lat' dir='ltr'><strong>quia</strong></span> <span class='ocrx_word' id='word_1_879' title='bbox 3526 5678 3703 5731; x_wconf 81' lang='lat' dir='ltr'><strong>nescio</strong></span> 
     </span>
    </p>
   </div>
   <div class='ocr_carea' id='block_1_119' title="bbox 2128 5773 3700 5848">
    <p class='ocr_par' dir='ltr' id='par_1_119' title="bbox 2128 5773 3700 5848">
     <span class='ocr_line' id='line_1_121' title="bbox 2128 5773 3700 5848; baseline -0.004 -17"><span class='ocrx_word' id='word_1_880' title='bbox 2128 5777 2248 5848; x_wconf 90' lang='lat' dir='ltr'><strong>quis</strong></span> <span class='ocrx_word' id='word_1_881' title='bbox 2289 5777 2380 5832; x_wconf 88' lang='lat' dir='ltr'><strong>tibi</strong></span> <span class='ocrx_word' id='word_1_882' title='bbox 2422 5776 2548 5833; x_wconf 80' lang='lat' dir='ltr'><strong>fecit</strong></span> <span class='ocrx_word' id='word_1_883' title='bbox 2590 5776 2859 5848; x_wconf 69' lang='lat' dir='ltr'><strong>iniuriam.</strong></span> <span class='ocrx_word' id='word_1_884' title='bbox 2899 5776 3053 5833; x_wconf 83' lang='lat' dir='ltr'><strong>Unde</strong></span> <span class='ocrx_word' id='word_1_885' title='bbox 3100 5784 3154 5829; x_wconf 91' lang='lat' dir='ltr'><strong>tu</strong></span> <span class='ocrx_word' id='word_1_886' title='bbox 3195 5773 3400 5844; x_wconf 81' lang='lat' dir='ltr'><strong>ﬂagitas</strong></span> <span class='ocrx_word' id='word_1_887' title='bbox 3428 5773 3700 5834; x_wconf 83' lang='lat' dir='ltr'><strong>ultionem,</strong></span> 
     </span>
    </p>
   </div>
   <div class='ocr_carea' id='block_1_120' title="bbox 2130 5863 3705 5940">
    <p class='ocr_par' dir='ltr' id='par_1_120' title="bbox 2130 5863 3705 5940">
     <span class='ocr_line' id='line_1_122' title="bbox 2130 5863 3705 5940; baseline -0.006 -12"><span class='ocrx_word' id='word_1_888' title='bbox 2130 5871 2250 5929; x_wconf 84' lang='lat' dir='ltr'><strong>sitis</strong></span> <span class='ocrx_word' id='word_1_889' title='bbox 2272 5872 2443 5927; x_wconf 89' lang='lat' dir='ltr'><strong>arenti</strong></span> <span class='ocrx_word' id='word_1_890' title='bbox 2473 5870 2621 5928; x_wconf 78' lang='lat' dir='ltr'><strong>fauce</strong></span> <span class='ocrx_word' id='word_1_891' title='bbox 2654 5870 2939 5928; x_wconf 85' lang='lat' dir='ltr'><strong>vindictam</strong></span> <span class='ocrx_word' id='word_1_892' title='bbox 2967 5886 2985 5937; x_wconf 82' lang='lat'><strong>;</strong></span> <span class='ocrx_word' id='word_1_893' title='bbox 3016 5882 3116 5925; x_wconf 85' lang='lat' dir='ltr'><strong>nec</strong></span> <span class='ocrx_word' id='word_1_894' title='bbox 3137 5867 3289 5940; x_wconf 83' lang='lat' dir='ltr'><strong>prius</strong></span> <span class='ocrx_word' id='word_1_895' title='bbox 3315 5865 3384 5922; x_wconf 88' lang='lat' dir='ltr'><strong>ab</strong></span> <span class='ocrx_word' id='word_1_896' title='bbox 3415 5863 3705 5923; x_wconf 64' lang='grc' dir='ltr'><strong>ἱιιιωύυηθ</strong></span> 
     </span>
    </p>
   </div>
  </div>
