4108 6326
387 399 523 472 1391

385 521 622 592 desistis,
659 521 830 578 donec
868 515 936 575 de
963 517 1056 574 illo
1081 513 1170 588 qui
1211 520 1264 570 te
1305 508 1524 578 laeserit,
1554 501 1838 563 vindiceris
1862 499 1884 554 ?
1912 497 1970 554 Si

388 618 721 677 Christianus
750 629 809 669 es
833 655 848 682 ,
883 618 1129 680 exspecta
1158 620 1336 677 regem
1369 611 1514 657 tuum
1542 617 1557 656 :
1585 595 1732 671 prius
1769 609 1827 648 se
1855 592 1970 646 vin-

389 715 525 771 dicet
556 710 815 766 Christus.
846 701 1090 760 Nondum
1118 700 1258 755 enim
1299 693 1590 751 vindicatus
1615 698 1719 756 est,
1755 687 1844 758 qui
1874 698 1971 755 pro

390 822 440 868 te
465 819 606 866 tanta
638 819 920 879 perpessus
946 810 1045 859 est.
1075 802 1139 856 Et
1168 797 1348 868 utique
1395 779 1484 848 illa
1517 788 1767 858 majestas
1794 787 1973 854 posset

389 903 472 957 vel
503 875 884 969 nihil—perpeti,
911 893 992 949 vel
1024 891 1278 946 continuo
1307 881 1580 940 vindicari.
1611 875 1716 934 Sed
1742 891 1859 930 cum
1888 888 1973 928 cs-

391 1007 472 1053 set
495 999 545 1051 in
572 997 665 1051 illo
693 1003 833 1049 tanta
867 991 1122 1062 potentia,
1150 987 1270 1044 ideo
1295 984 1390 1041 fuit
1409 983 1568 1038 etiam
1598 987 1738 1038 tanta
1768 973 1972 1045 patien-

392 1093 460 1144 tia
483 1106 494 1141 :
517 1090 635 1160 qttia
658 1105 746 1158 pro
764 1104 793 1140 u
803 1086 904 1139 obis
918 1092 990 1137 est
1008 1098 1204 1151 passus,
1223 1063 1505 1150 relinquens
1517 1073 1656 1129 nobis
1668 1068 1970 1138 exemptum,

393 1195 444 1236 ut
475 1197 740 1253 sequamur
770 1178 971 1247 vestigia
998 1177 1124 1246 ejus.
1159 1171 1357 1227 Videtis
1400 1179 1578 1234 certe,
1609 1159 1972 1225 dilectissimi,

393 1275 513 1345 quia
565 1281 754 1342 praeter
799 1267 1110 1324 elfusionem
1150 1262 1391 1328 cruoris,
1438 1267 1635 1330 printer
1675 1253 1882 1308 vincula
1922 1257 1976 1304 et

392 1382 653 1428 carceres,
710 1373 902 1433 pra-ter
939 1359 1144 1429 ﬂagella
1199 1363 1253 1411 et
1282 1352 1524 1425 ungulas,
1559 1355 1681 1404 sunt
1710 1345 1870 1400 multa
1922 1342 1974 1397 111

393 1457 583 1526 quibus
620 1455 765 1525 sequi
797 1466 1075 1522 possumus
1097 1446 1384 1504 Christum.
1414 1440 1612 1498 Deinde
1644 1442 1741 1494 hac
1767 1435 1976 1492 humili-

397 1556 500 1602 tatc
541 1548 782 1612 decursa,
829 1553 882 1598 et
930 1551 1100 1598 morte
1130 1547 1414 1612 prostrata,
1471 1533 1709 1590 ascendit
1737 1530 1977 1586 Christus

397 1641 446 1692 in
479 1640 670 1693 omium
699 1657 712 1693 :
745 1651 1030 1707 sequamur
1053 1649 1195 1688 eum.
1232 1631 1520 1686 Audiamus
1548 1625 1860 1697 Apostolum
1898 1621 1979 1678 di-

393 1741 620 1793 centem,
655 1730 716 1785 Si
761 1726 1146 1784 consurrexistis
1191 1735 1306 1779 cum
1349 1720 1569 1786 Christo,
1619 1733 1732 1789 qua:
1779 1730 1978 1770 sursum

393 1834 528 1888 sunt,
572 1824 734 1894 sapite
759 1865 772 1887 ,
822 1821 906 1876 ubi
930 1819 1159 1878 Christus
1206 1827 1279 1872 est
1326 1815 1379 1869 in
1402 1813 1606 1868 dextera
1635 1809 1728 1864 Dei
1759 1807 1933 1862 sedens
1958 1820 1979 1870 ;

394 1934 504 1988 qua:
533 1932 729 1969 sursum
760 1922 873 1968 sunt
916 1912 1138 1983 quwrite,
1169 1926 1267 1964 non
1299 1923 1410 1978 qua:
1456 1921 1607 1976 super
1634 1911 1821 1955 terram
1843 1895 1979 1968 (Co—

396 2011 514 2063 loss.
541 2025 616 2074 ιιι,
648 2009 670 2062 1
697 2006 835 2075 e12).
868 2002 1130 2074 Quidquid
1162 1998 1478 2057 delectabile
1502 1997 1569 2052 de
1597 1990 1980 2062 temporalibus

395 2103 552 2157 rebus
583 2099 811 2156 mundus
837 2095 1141 2167 iugesscrit,
1169 2099 1450 2162 respuatur
1482 2105 1496 2143 :
1541 2082 1796 2158 quidquid
1819 2080 1978 2136 inire-

395 2197 588 2250 mnerit
635 2206 882 2264 aspermn
943 2196 1098 2258 atque
1139 2183 1414 2245 terribile,
1465 2185 1854 2234 contemnatur.
1916 2173 1984 2226 Et

397 2289 485 2359 qui
516 2288 592 2342 sic
632 2287 773 2358 agit,
806 2299 912 2338 non
951 2281 1153 2336 dubitet
1181 2275 1378 2333 Christi
1403 2288 1462 2330 se
1509 2271 1780 2327 cohmrere
1825 2265 1985 2321 vcsti-

397 2357 516 2452 giis,
562 2387 618 2430 ut
670 2357 860 2429 1001110
909 2373 1087 2427 dicere
1127 2367 1322 2422 audeat
1361 2379 1483 2420 cum
1514 2360 1754 2434 apostolo
1797 2357 1982 2423 Paulo,

401 2447 717 2522 Cout'ersatio
749 2474 920 2518 nostra
959 2463 1012 2515 in
1042 2461 1178 2515 caelis
1203 2467 1275 2513 est
1305 2455 1577 2528 (Philipp.
1611 2467 1687 2517 Ill,
1719 2447 1841 2521 20).

469 2556 695 2613 CAPUT
745 2549 977 2612 γ.-1.
1026 2550 1155 2606 Vera
1202 2557 1250 2604 et
1299 2547 1486 2601 invicta
1537 2545 1694 2598 virtus
1741 2541 1982 2596 charitas.

399 2649 503 2704 Sed
533 2658 656 2703 tunc
683 2655 856 2718 potest
898 2645 947 2699 in
980 2643 1094 2699 istis
1118 2656 1236 2696 esse
1276 2639 1443 2692 virtus
1471 2636 1686 2700 invicta,
1714 2633 1757 2688 si
1787 2647 1891 2687 non
1919 2630 1990 2686 sit

402 2740 632 2794 Charitas
680 2741 818 2791 Iicta.
873 2735 962 2790 1110
1010 2748 1138 2804 ergo
1180 2730 1272 2786 dat
1299 2729 1450 2788 nobis
1487 2742 1666 2782 veram
1700 2726 1986 2789 virtutem,

402 2833 489 2902 qui
523 2829 766 2885 dilTuudit
801 2827 1068 2882 1011081118
1103 2823 1353 2878 cordibus
1382 2815 1906 2890 charitatcm(Rom.
1933 2830 1988 2882 ν,

405 2921 491 2994 5).
523 2922 746 2990 Quando
789 2929 963 2974 autem
1005 2917 1191 2972 beatus
1220 2912 1536 2968 Laurentius
1584 2908 1854 2980 appositos
1896 2922 1990 2962 ex-

406 3015 669 3068 trinsecus
709 3013 858 3082 ignes
885 3025 988 3064 non
1021 3009 1251 3071 timeret,
1305 3003 1406 3059 nisi
1435 3004 1576 3058 intus
1605 3000 1818 3056 ﬂamma
1859 2997 1992 3054 cha-

407 3107 578 3160 ritatis
620 3099 1050 3164 arderet?ldeo,
1075 3097 1266 3153 fratres
1310 3095 1454 3160 mei,
1497 3093 1760 3164 gloriosus
1799 3089 1996 3167 Martyr

406 3206 616 3252 atroces
645 3193 1009 3249 incendiorum
1054 3192 1295 3245 ﬂammas
1344 3204 1447 3242 non
1479 3183 1892 3256 pertimescebat
1939 3183 1992 3238 in

407 3304 666 3358 corpore,
723 3287 842 3356 quia
896 3281 1270 3338 ardentissimo
1336 3275 1632 3334 caelestium
1680 3274 1993 3346 gaudiorum

408 3368 689 3436 desiderio.
725 3375 979 3446 ﬂagrabat
1032 3375 1082 3428 111
1125 3375 1321 3428 mente.
1374 3369 1428 3425 ln
1467 3367 1865 3438 comparatione
1891 3365 1996 3418 101-

407 3473 571 3536 voris,
589 3486 692 3540 quo
715 3477 902 3540 pectus
932 3467 1047 3535 ejus
1075 3464 1314 3527 ardebat,
1339 3461 1576 3516 exterior
1598 3466 1995 3530 persecuturum

411 3564 622 3618 ﬂantnta
653 3559 899 3630 frigebat.
950 3555 1172 3626 Quando
1202 3557 1344 3610 enim
1373 3554 1538 3609 ferret
1567 3559 1834 3606 tantorum
1865 3565 1995 3604 acu-

413 3657 527 3710 leos
567 3653 834 3716 dolorum,
864 3651 964 3704 nisi
1013 3659 1333 3704 aeternorum
1365 3646 1605 3715 diligeret
1643 3642 1830 3714 gaudia
1858 3656 1996 3716 pra;-

413 3747 694 3804 miorum?
739 3746 1014 3799 Postremo
1052 3739 1263 3811 quando
1313 3743 1679 3794 contemneret
1722 3735 1876 3789 istam
1916 3715 1997 3788 vi-

413 3850 544 3907 tam,
597 3838 698 3893 nisi
747 3835 974 3890 amando
1024 3834 1298 3888 meliorem
1342 3829 1640 3884 vitantiEt
1671 3828 1780 3897 quis
1824 3841 2000 3880 nocere

415 3933 552 3987 vobis
606 3938 796 4002 potest,
858 3927 933 3982 ait
992 3925 1266 3997 apostolus
1307 3923 1546 3990 Petrus;
1591 3921 1731 3991 quis,
1793 3919 1994 3987 inquit,

415 3999 615 4077 nocere-
636 4019 771 4074 vobis
814 4026 970 4090 potest
997 4057 1012 4082 ,
1045 4016 1087 4071 si
1128 4014 1244 4069 boni
1273 4023 1520 4068 amatores
1545 4011 1740 4084 fueritis
1766 4012 1784 4079 (
1809 3999 1827 4063 1
1854 4007 1997 4063 Petr.

416 4115 627 4186 111,15)
657 4113 681 4166 ?
712 4112 891 4166 Faciat
921 4111 970 4163 in
1002 4119 1053 4164 te
1084 4108 1207 4162 licet
1238 4118 1547 4178 persecutor
1578 4103 1773 4157 malum
1807 4119 1822 4156 :
1854 4111 1907 4154 tu
1935 4115 2001 4155 ne

418 4210 634 4267 deﬂcias
679 4206 906 4263 amando
936 4205 1155 4259 bonum.
1205 4201 1259 4257 Si
1291 4201 1433 4256 001111
1462 4214 1585 4252 vere
1615 4193 1755 4268 quod
1801 4195 1999 4249 bonum

419 4313 522 4369 est,
566 4312 677 4356 toto
720 4299 880 4354 corde
910 4296 1178 4359 dilexeris,
1227 4309 1384 4348 omne
1431 4290 1628 4345 malum
1660 4289 1921 4359 patienter
1949 4296 2004 4341 et

419 4393 789 4466 aequanimiter
833 4387 1135 4445 80811001118.
1176 4386 1311 4455 Quid
1351 4384 1491 4440 enim
1525 4384 1679 4439 beato
1719 4381 2004 4436 Laurentio

416 4483 506 4544 Illa
527 4526 542 4552 ,
570 4499 688 4556 quae
711 4497 739 4536 a
770 4479 1200 4554 persecutoribus
1239 4477 1384 4532 illata
1424 4484 1583 4539 sunt,
1619 4483 1880 4528 tormenta
1907 4487 2004 4526 n0-

419 4585 686 4640 cuerunt;
730 4574 833 4629 nisi
873 4572 1012 4644 quod
1065 4587 1184 4626 eum
1232 4569 1511 4624 clariorem
1561 4566 1690 4635 ipsis
1738 4560 2006 4632 suppliciis

422 4667 798 4732 reddiderunt,
839 4673 894 4720 et
937 4664 1076 4718 hunc
1124 4663 1278 4717 nobis
1319 4659 1717 4716 festivissimum
1767 4655 1906 4710 diem
1937 4651 2007 4708 de

425 4758 656 4830 pretiosa
684 4755 798 4827 ejus
823 4765 994 4810 morte
1024 4754 1262 4810 1000111111
1289 4752 1314 4806 ?

902 4865 1128 4926 SERMO
1167 4865 1341 4924 cccv
1371 4871 1389 4891 ·
1422 4864 1517 4939 (α).

452 4995 505 5041 In
527 4989 838 5042 sdemnitate
858 4987 1080 5052 martyris
1098 4980 1359 5053 Laurentii,
1383 4993 1446 5032 tv.
1471 4978 1670 5029 Habitus
1686 4975 1744 5028 ad
1769 4984 1978 5026 mensam

1059 5053 1102 5096 s.
1137 5051 1366 5109 cypnam.

499 5158 552 5214 1.
577 5157 806 5214 Granum
827 5165 986 5210 morte
1009 5149 1422 5221 multiplicatum.
1461 5145 1716 5216 Agnoscit
1743 5144 1876 5199 ﬁdes
1899 5157 2012 5198 veso

423 5264 505 5308 tra
522 5268 766 5324 granum,
787 5248 926 5320 quod
956 5249 1006 5301 in
1036 5253 1234 5300 terram
1259 5241 1469 5306 cecidit,
1494 5249 1548 5295 ct
1576 5247 1841 5293 mortuum
1874 5237 2008 5291 mul-

431 5347 723 5416 tiplicatum
755 5352 856 5396 est.
906 5337 1176 5409 Agnoscit,
1207 5335 1444 5405 inquam,
1498 5331 1598 5385 hoc
1625 5345 1847 5402 granum
1881 5329 2011 5385 111108

427 5449 640 5505 vestra,
697 5434 818 5506 quia
866 5431 1041 5502 ipsum
1093 5428 1293 5483 habitat
1331 5427 1383 5480 in
1427 5433 1606 5480 mente
1656 5431 1852 5476 vestra.
1901 5421 2013 5477 Hoc

431 5531 571 5584 enim
602 5528 740 5598 quod
768 5525 835 5580 de
871 5539 929 5579 se
957 5524 1070 5593 ipso
1099 5519 1290 5575 dixerit
1319 5517 1561 5573 Christus
1583 5555 1596 5579 ,
1636 5515 1809 5569 nullus
1839 5514 2012 5569 ambi-

429 5623 507 5695 git
532 5622 878 5678 Christianus.
913 5616 1018 5674 Sed
1051 5617 1203 5686 plane
1241 5613 1332 5668 illo
1359 5619 1568 5666 mortuo
1595 5623 1763 5680 grano
1789 5619 1840 5663 et
1871 5607 1999 5662 mul-

497 5779 514 5796 '
539 5784 820 5824 sermonem
842 5771 972 5822 hunc
991 5764 1434 5828 redintegravimus
1452 5761 1732 5826 juvantibus
1752 5756 1812 5810 cl.
1838 5759 1887 5809 d.
1911 5772 1954 5812 r.
1973 5763 2011 5810 t.

432 5846 531 5889 vat.
560 5845 610 5886 et
632 5839 767 5885 sirm.

495 5885 580 5964 ia)
601 5885 740 5959 Alias,
758 5899 888 5947 inter
909 5889 1264 5945 sumendisnec
1284 5885 1362 5936 26.

1794 380 2021 442 SEBMO
2059 380 2252 436 CCCV.

3515 370 3655 440 {398

2081 495 2348 564 tiplicato,
2401 494 2564 550 multa
2606 507 2769 564 grana
2821 499 2944 547 sunt
2963 505 3143 561 sparsa
3193 487 3250 546 in
3301 497 3542 548 terram:
3585 503 3652 545 ex

2078 588 2267 659 quibus
2318 597 2400 643 est
2446 595 2498 642 01
2540 587 2724 642 beatus
2774 584 3120 649 Laurentius,
3169 582 3318 655 cuius
3345 580 3660 638 8011111111ιὶ0-

2080 696 2202 736 nem
2229 680 2388 735 hodie
2414 681 2764 740 celebramus.
2805 679 2881 734 De
2903 677 3008 732 illis
3047 687 3224 733 autem
3251 677 3431 748 granis
3457 677 3663 748 sparsis

2082 781 2194 826 toto
2221 769 2350 826 orbe
2397 780 2692 836 terrarum,
2734 778 2928 840 quanta
2973 768 3312 840 pullulaverit
3337 783 3492 839 seges
3509 767 3659 823 vitle-

2081 880 2219 931 mus,
2247 864 2554 935 gaudemus,
2577 879 2760 920 sumus
2781 882 2793 918 :
2817 864 2863 918 si
2886 870 3061 918 tamen
3080 855 3250 918 et'nos
3272 877 3366 933 per
3384 861 3527 916 illius
3541 875 3664 931 gra-

2084 961 2207 1014 tiam
2224 957 2287 1014 ad
2303 958 2550 1012 horreum
2578 957 2926 1028 pertinemus.
2947 954 3128 1024 Neque
3140 954 3283 1009 enim
3311 953 3376 1008 ad
3405 951 3657 1008 horreum

2081 1052 2312 1123 pertinet
2332 1048 2586 1121 quidquid
2613 1049 2662 1102 111
2691 1059 2870 1120 segete
2895 1055 2995 1102 est.
3030 1044 3224 1100 Eadem
3250 1044 3446 1116 quippe
3475 1043 3658 1113 pluvia
3736 1095 3738 1104 λ

2083 1145 2226 1200 utilis
2255 1153 2307 1198 et
2335 1141 2609 1196 nutritoria
2628 1181 2645 1209 ,
2669 1150 2720 1196 01
2748 1140 2978 1196 triticum
3008 1138 3243 1211 pascitet
3257 1137 3484 1208 paleam.
3516 1134 3667 1190 Absit

2084 1245 2140 1292 ut
2178 1235 2335 1290 simul
2380 1243 2659 1304 utrumque
2688 1232 2744 1286 in
2783 1230 2975 1288 horreo
3015 1229 3378 1295 recondatur;
3423 1227 3665 1299 quamvis

2083 1328 2238 1382 simul
2269 1337 2553 1397 utrumque
2580 1325 2630 1379 in
2660 1339 2788 1394 agro
2817 1323 3086 1379 nutriatur
3111 1365 3125 1389 ,
3177 1330 3233 1378 et
3270 1320 3430 1376 simul
3463 1329 3668 1374 utrum-

2083 1437 2185 1490 que
2208 1420 2258 1473 in
2287 1434 2406 1473 area
2439 1419 2734 1472 trituretur.
2761 1415 2913 1470 Nune
2941 1424 3150 1485 tempus
3169 1413 3394 1485 eligendi
3425 1420 3524 1466 est.
3552 1409 3667 1465 An—

2086 1521 2293 1582 tequam
2327 1509 2498 1565 veniat
2530 1506 2822 1572 ventilatio,
2853 1504 2943 1560 fiat
2969 1521 3175 1560 morum
3221 1505 3487 1575 separatio
3519 1520 3534 1558 :
3564 1501 3668 1558 sic-

2083 1610 2142 1657 ut
2184 1601 2236 1656 in
2281 1617 2425 1669 area,
2468 1615 2689 1671 granum
2728 1597 2902 1654 adhuc
2938 1595 3283 1652 mundatione
3321 1594 3660 1660 discernitur,

2084 1691 2317 1748 nondum
2336 1689 2629 1747 ventilabro
2655 1689 2842 1744 ultimo
2868 1696 3164 1758 separatur.

2153 1779 2207 1838 Ξ.
2249 1782 2431 1839 Anima
2472 1783 2551 1835 hic
2592 1799 2692 1836 non
2734 1780 2972 1834 amanda.
3029 1778 3259 1834 Christus
3299 1777 3669 1848 propinquante

2084 1885 2242 1932 morte
2266 1875 2509 1940 turbatur,
2538 1875 2656 1945 quia
2677 1889 2766 1927 nos
2790 1873 2841 1925 in
2864 1889 2916 1926 se
2943 1871 3291 1942 transﬁgurat.
3323 1868 3514 1924 Audite
3539 1882 3626 1924 me
3643 1908 3658 1932 ,

2085 1981 2246 2037 grana
2271 1973 2451 2020 sancta
2471 2006 2484 2029 ,
2530 1979 2647 2034 qua:
2689 1959 2775 2016 hic
2801 1977 2919 2016 esse
2959 1976 3062 2015 non
3097 1959 3317 2025 dubito;
3347 1973 3467 2012 nam
3495 1959 3540 2013 si
3567 1957 3668 2014 du-

2086 2057 2226 2125 bito,
2255 2073 2352 2112 nec
2397 2056 2508 2127 ipse
2551 2071 2771 2127 granum
2823 2069 2916 2108 ero
2942 2072 2954 2106 :
2978 2052 3188 2120 audite,
3221 2051 3470 2122 inquam,
3495 2065 3583 2105 me
3611 2050 3666 2112 ¹;

2088 2152 2196 2206 imo
2237 2147 2413 2205 audite
2442 2166 2669 2222 primum
2711 2163 2931 2218 granum
2963 2162 3056 2216 per
3085 2162 3191 2200 me.
3240 2144 3356 2200 Non
3403 2144 3590 2198 ametis
3617 2141 3670 2198 in

2091 2231 2193 2300 1100
2244 2241 2440 2297 saeculo
2490 2242 2696 2295 animas
2747 2236 3184 2293 vestras:nolite
3220 2251 3431 2301 amare,
3459 2237 3503 2289 si
3530 2251 3675 2289 ama-

2092 2336 2193 2401 tis;
2225 2343 2279 2389 ut
2309 2349 2413 2388 non
2442 2331 2669 2386 amando
2694 2330 2920 2384 servetis
2949 2347 2962 2382 :
2987 2329 3105 2404 quia
3138 2343 3245 2382 non
3284 2324 3512 2382 amando
3556 2325 3673 2395 plus

2090 2426 2298 2480 amatis.
2331 2424 2428 2491 Qui
2461 2431 2595 2477 amat
2630 2422 2680 2475 in
2725 2420 2818 2475 hoc
2862 2419 3047 2474 sreculo
3089 2419 3308 2472 animam
3356 2433 3534 2484 suam,
3562 2432 3677 2488 per-

2092 2521 2172 2575 det
2195 2533 2303 2573 eam
2331 2517 2518 2590 (Joan.
2559 2533 2668 2581 xu,
2698 2510 2952 2581 24,95).
2983 2512 3216 2568 Granum
3259 2510 3510 2580 loquitur,
3551 2523 3676 2578 gra-
3749 2545 3760 2552 ι

2093 2627 2219 2668 011111
2264 2607 2402 2681 quod
2433 2611 2484 2664 in‘
2515 2617 2707 2664 terram
2737 2605 2958 2671 cecidit,
2991 2613 3044 2659 et
3072 2602 3447 2658 mortiﬁcatum
3492 2607 3574 2654 est
3617 2607 3675 2652 ut

2094 2703 2554 2774 multiplicarctur,
2593 2693 3151 2769 loquiturzaudiatnr,
3199 2694 3319 2763 quia
3370 2707 3472 2745 non
3520 2705 3675 2743 men-

2095 2794 2244 2851 titur.
2293 2793 2443 2862 Quod
2492 2791 2805 2855 admonuit,
2857 2788 2968 2858 ipse
3020 2785 3144 2840 fecit
3184 2804 3196 2840 :
3238 2781 3485 2838 instruxit
3538 2797 3677 2852 prte-

2096 2895 2250 2957 cepto
2266 2928 2280 2954 ,
2313 2884 2583 2956 praecessit
2606 2881 2870 2951 exemplo.
2893 2877 3004 2933 Non
3027 2876 3222 2931 amavit
3243 2873 3482 2930 Christus
3504 2872 3554 2927 in
3580 2870 3680 2925 1100

2097 2978 2292 3033 saeculo
2332 2977 2562 3033 animam
2607 2987 2790 3038 suam;
2824 2969 2945 3025 ideo
2988 2967 3168 3035 venit,
3201 2978 3256 3021 ut
3304 2966 3389 3020 hic
3436 2963 3684 3035 perderet

2098 3085 2218 3130 eam
2241 3115 2255 3139 ,
2289 3085 2387 3142 pro
2418 3069 2570 3125 nobis
2597 3075 2817 3137 poneret
2843 3079 2960 3118 eam
2982 3105 2996 3128 ,
3027 3071 3079 3116 et
3101 3077 3220 3116 eum
3252 3057 3408 3114 vellet
3438 3071 3678 3136 resume-

2098 3171 2179 3219 ret
2209 3177 2347 3217 eam.
2377 3157 2482 3214 Sed
2504 3159 2626 3228 quia
2657 3157 2770 3225 ipse
2801 3155 2878 3210 sic
2904 3160 3019 3208 erat
3048 3152 3208 3204 homo
3229 3191 3242 3216 ,
3275 3157 3330 3202 ut
3354 3159 3410 3202 et
3439 3134 3576 3200 Deus
3599 3158 3686 3200 es-

2099 3261 2181 3310 set
2204 3273 2216 3308 :
2246 3252 2490 3308 Christus
2519 3249 2658 3304 enim
2686 3254 2766 3303 est
2795 3245 3044 3307 Verbum,
3064 3243 3260 3311 anima,
3285 3237 3338 3296 et
3367 3254 3512 3303 caro,
3540 3229 3679 3292 Deus

2101 3359 2261 3400 verus
2308 3352 2362 3398 et
2404 3353 2560 3396 verus
2601 3335 2798 3402 homo;
2831 3335 2923 3391 sed
2971 3333 3132 3389 homo
3155 3332 3270 3387 sine
3318 3329 3565 3400 peccato,
3595 3327 3685 3398 qui

2102 3437 2338 3492 auferret
2377 3430 2561 3488 mundi
2607 3427 2880 3500 peccatum
2906 3445 2917 3478 :
2944 3425 3164 3494 majoris
3207 3427 3321 3477 erat
3361 3422 3542 3490 utique
3587 3434 3686 3489 po-

2104 3529 2341 3595 testatis,
2373 3534 2432 3581 ut
2460 3531 2639 3595 posset
2665 3520 2925 3577 veraciter
2959 3513 3169 3583 dicere,
3207 3511 3508 3568 Potestatem
3531 3507 3688 3567 habeo

2104 3618 2323 3692 ponendi
2350 3617 2576 3670 animam
2600 3617 2798 3679 meant,
2837 3607 2881 3665 et
2910 3617 3200 3680 potestatem
3220 3603 3375 3661 habeo
3399 3605 3576 3659 iterum
3597 3620 3686 3656 su-

2103 3710 2270 3767 mendi
2290 3726 2398 3765 eam
2420 3724 2438 3762 :
2459 3723 2603 3762 nemo
2633 3704 2763 3760 tollit
2791 3713 2901 3758 eam
2926 3720 2956 3756 a
2978 3719 3090 3768 me;
3117 3701 3204 3755 sed
3231 3699 3338 3769 ipse
3359 3715 3490 3768 pono
3511 3713 3622 3751 eam
3651 3713 3682 3748 a

2103 3819 2216 3869 me,
2247 3812 2296 3857 et
2332 3801 2514 3855 iterum
2549 3811 2693 3852 sumo
2739 3811 2849 3849 eam
2873 3791 2984 3863 (Id.
3029 3811 3056 3846 x
3080 3834 3094 3859 ,
3127 3791 3212 3856 17,
3248 3783 3357 3860 18).
3387 3789 3517 3844 Cum
3546 3796 3689 3843 esset

2105 3907 2232 3964 ergo
2260 3897 2421 3947 tanta:
2461 3889 2738 3959 potestatis
2760 3927 2775 3953 ,
2803 3899 2966 3956 quare
2993 3882 3158 3948 dixit,
3195 3877 3347 3935 Nunc
3373 3879 3545 3932 anima
3573 3895 3685 3931 mea

2108 3987 2304 4040 turbata
2330 3991 2402 4038 est
2427 3980 2540 4053 (Id.
2571 3996 2676 4045 xu,
2703 3977 2833 4048 27)?
2863 3975 3029 4032 Homo
3058 3975 3196 4029 Deus
3228 3981 3385 4028 tautae
3407 3969 3685 4043 potestatis

2107 4094 2271 4150 quare
2303 4076 2562 4141 turbatur,
2591 4072 2691 4128 nisi
2717 4071 2838 4142 quia
2871 4071 2922 4125 in
2953 4069 3042 4123 1110
3075 4069 3247 4139 imago
3277 4076 3356 4121 cst
3383 4072 3577 4120 nostra:
3606 4064 3690 4119 in.

2111 4169 2412 4226 ﬂrmitatis?
2445 4165 2752 4222 Potestatem
2782 4163 2938 4218 habeo
2977 4159 3199 4233 ponendi
3240 4159 3459 4212 animam
3499 4165 3688 4222 meam,

2109 4273 2154 4318 et
2179 4270 2472 4334 potestatem
2511 4253 2667 4312 habeo
2695 4257 2877 4310 iterum
2913 4247 3146 4308 sumendi
3183 4267 3311 4306 eam.
3340 4240 3561 4319 Quando
3592 4247 3693 4302 hoc

2111 4354 2261 4408 audis
2287 4351 2577 4416 aCbristo,
2609 4349 2720 4418 ipse
2749 4354 2830 4402 est
2855 4345 2906 4400 ln
2937 4359 3024 4408 se;
3057 4341 3270 4414 quando
3297 4341 3418 4408 hoc,
3450 4341 3687 4409 inquam,

2112 4444 2264 4499 audis
2291 4458 2321 4497 a
2361 4442 2608 4506 Cltrlsto,
2634 4439 2746 4508 ipse
2787 4443 2869 4492 est
2909 4436 2962 4490 in
2991 4449 3051 4489 se
3078 4453 3090 4488 :
3115 4431 3326 4504 quando
3361 4429 3535 4484 anima
3578 4429 3694 4498 ejus

2112 4547 2284 4594 morte
2307 4535 2721 4608 propinquante,
2752 4529 3011 4595 turbatur,
3045 4527 3159 4597 ipse
3188 4517 3270 4581 081
3301 4523 3350 4577 111
3378 4525 3450 4577 10.
3481 4519 3692 4576 Ε10111111

2114 4644 2311 4700 corpus
2338 4629 2454 4698 ejus
2482 4624 2720 4681 Ecclesia
2756 4636 2864 4678 11011
2892 4623 3064 4688 08801,
3093 4619 3192 4674 0181
3220 4625 3272 4673 01
3311 4617 3361 4671 111
3401 4614 3554 4670 1101118
3583 4614 3697 4684 ipso

2113 4732 2274 4779 esset.

2185 4814 2239 4869 5.
2269 4809 2499 4868 Christus
2521 4813 2761 4880 potestate
2781 4809 3006 4860 mortuus
3025 4808 3117 4867 est,
3141 4795 3383 4871 potestate
3401 4793 3692 4851 resurrexit.

2116 4905 2343 4962 Attende
2393 4914 2520 4973 ergo
2567 4901 2835 4956 Christum
2865 4913 2880 4949 :
2908 4892 3215 4950 Potestalem
3274 4889 3430 4944 habeo
3482 4885 3698 4959 ponendi

2115 5000 2340 5052 animam
2383 5009 2578 5060 meam,
2624 5001 2671 5046 et
2715 4992 3004 5059 potestatem
3051 4983 3208 5037 habeo
3247 4981 3426 5035 iterum
3469 4979 3698 5034 sumendi

2117 5107 2226 5145 eam
2255 5105 2274 5143 :
2301 5102 2444 5142 nemo
2487 5086 2616 5140 tollit
2657 5097 2766 5137 eum
2796 5096 2828 5132 a
2865 5094 2962 5133 me.
2996 5075 3107 5148 Ego
3142 5074 3354 5130 dormivi
3378 5091 3394 5128 :
3415 5073 3516 5129 hoc
3559 5073 3699 5126 enim

2117 5183 2244 5238 dicit
2262 5182 2313 5236 in
2336 5181 2574 5242 Psalmo,
2602 5175 2710 5246 Ego
2735 5172 2968 5226 dormivi.
3000 5170 3271 5240 Tanquam
3298 5167 3500 5223 diceret
3528 5185 3538 5219 :
3565 5166 3698 5232 Quid

2120 5273 2390 5329 fremunt?
2418 5269 2541 5341 quid
2572 5263 2872 5322 exsultant?
2901 5261 3026 5332 quid
3055 5261 3379 5315 ventilantur
3409 5256 3696 5311 1011111010-

2119 5367 2221 5424 11101
2243 5407 2257 5430 ,
2286 5365 2435 5435 quasi
2476 5360 2574 5432 ipsi
2619 5356 2818 5427 aliquid
2860 5353 3116 5411 fecerint?
3145 5353 3255 5424 Ego
3282 5351 3515 5406 dormivi.
3555 5351 3662 5423 Ego
3683 5395 3697 5417 ,

2123 5457 2321 5528 inquit,
2349 5468 2448 5524 ego
2490 5448 2580 5519 qui
2623 5455 2937 5520 potestatem
2980 5445 3149 5499 habeo
3189 5443 3418 5512 ponendi
3466 5444 3694 5496 animant

2124 5563 2329 5611 meum,
2363 5541 2608 5616 ponendo
2653 5555 2772 5596 eam
2818 5538 3056 5605 dormivi,
3105 5547 3150 5591 et
3194 5552 3424 5590 somnum
3469 5537 3594 5605 cepi.
3640 5536 3704 5590 Et

2124 5641 2371 5713 quoniam
2416 5641 2731 5707 potestatem
2779 5632 3008 5687 habebat
3048 5631 3238 5685 iterum
3280 5627 3522 5684 sumendi
3556 5645 3702 5692 eam,

2187 5757 2204 5786 ι
2227 5752 2396 5802 18111100
2423 5749 2594 5808 verba,
2618 5758 2729 5811 quae
2753 5743 2831 5796 hic
2850 5755 2950 5811 esse
2972 5753 3065 5811 non
3096 5739 3295 5804 dubito;
3317 5755 3429 5792 nam
3454 5739 3495 5791 si
3517 5739 3676 5811 dubito
3693 5775 3708 5790 .

2123 5829 2216 5880 nec,
2241 5816 2344 5880 ipse
2369 5803 2592 5880 gramen
2621 5803 2753 5880 era;
2786 5807 2978 5880 audite,
3013 5806 3242 5880 inquinat,
3265 5803 3372 5868 me,
3416 5803 3541 5866 apud
3575 5805 3708 5850 sirm.

2128 5867 2302 5929 Omissa
2319 5909 2334 5937 ,
2357 5867 2681 5927 r'éstituuntur
2701 5871 2782 5925 hic
2801 5883 2862 5920 ex
2887 5877 2994 5921 Mss.
3015 5867 3132 5920 cl.'t.
