4108 6326
450 256 587 315 1599

445 372 717 445 adjunxit,
747 372 814 428 Et
833 373 1113 430 exsitrrecci.
1134 371 1240 429 Sed
1270 371 1402 428 dans
1422 372 1645 443 gloriam
1675 361 1817 426 Patri
1850 388 1861 423 :
1891 369 2035 436 Quo-

447 466 590 521 niam
613 465 860 520 Dominus
878 507 892 531 ,
916 464 1120 536 inquit,
1150 466 1369 538 suscepit
1397 481 1476 519 me
1495 462 1666 536 (Psal.
1700 478 1777 529 ιιι,
1808 459 1883 535 6).
1911 459 2038 516 Haec

448 561 610 615 verba
638 559 725 614 ubi
753 559 859 626 ait,
896 558 1147 627 Quoniam
1171 557 1424 615 Dominus
1443 556 1660 627 suscepit
1682 572 1760 609 me
1779 597 1793 621 ,
1826 571 1930 610 non
1959 553 2038 608 sic

448 663 735 709 occurrant
764 654 1031 709 mentibus
1060 653 1251 708 vestris
1273 694 1287 720 ,
1317 652 1467 723 quasi
1510 665 1705 721 corpus
1744 664 1897 705 suum
1931 663 2035 702 non

445 748 783 803 suscitaverit
811 748 923 817 ipse
947 745 1212 803 Christus.
1236 746 1522 803 Suscitavit
1551 762 1672 801 eum
1704 744 1883 810 Pater,
1912 758 2035 825 sus-
2070 750 2079 755 ·

444 838 627 893 citavit
653 850 708 893 et
735 840 847 908 ipse
875 853 932 892 se
963 832 1156 908 ipsum.
1189 838 1341 895 Unde
1378 837 1689 893 docebimus
1717 836 1837 907 quia
1864 833 2035 889 srrSci-
2074 834 2083 839 ’

446 930 578 984 tavit
603 938 659 985 et
696 946 754 985 se
781 930 990 1000 ipsum?
1020 931 1215 986 Recole
1244 929 1370 1002 quid
1409 929 1542 985 dixit
1580 928 1779 985 Judteis
1803 946 1817 982 :
1842 926 2039 983 Solvite

445 1024 690 1095 templum
715 1024 837 1087 hoc,
870 1025 988 1078 etin
1014 1025 1182 1079 triduo
1202 1023 1452 1079 suscitabo
1473 1023 1605 1078 illud
1629 1022 1807 1095 (Joau.
1832 1037 1887 1086 ιι,
1921 1018 2033 1093 19).
2082 1016 2107 1045 ⁵

442 1117 533 1173 Sic
566 1132 694 1188 ergo
714 1116 982 1172 Christum
1019 1118 1263 1193 intellige
1283 1125 1542 1187 potestate
1571 1125 1749 1172 natum
1776 1132 1841 1171 ex
1871 1115 2036 1186 virgi-
2082 1133 2090 1139 ·

444 1225 541 1275 ne,
576 1223 682 1264 non
725 1206 1062 1276 conditione,
1098 1208 1207 1289 sed
1251 1218 1515 1279 potestate
1540 1228 1554 1264 :
1580 1215 1840 1279 potestate
1888 1220 2036 1261 mor-

446 1310 593 1355 tuum
615 1343 630 1370 ,
662 1310 923 1373 potestate
955 1302 1033 1358 sic
1059 1314 1348 1357 mortuum.
1379 1302 1459 1357 Ad
1486 1304 1682 1359 bonum
1722 1316 1875 1356 suum
1916 1308 2029 1355 ute-
2086 1316 2089 1319 λ

445 1392 603 1448 batur
641 1395 1000 1450 nescientibus
1029 1396 1182 1451 malis
1201 1439 1217 1464 ,
1247 1405 1302 1451 et
1330 1394 1646 1451 frementem
1670 1394 1924 1466 populum
1956 1394 2039 1450 in-

445 1499 634 1541 sanum
665 1486 717 1541 in
745 1501 899 1542 usum
931 1502 1041 1542 sua:
1072 1488 1280 1543 virtutis
1305 1487 1372 1542 ad
1394 1500 1630 1542 neStram
1654 1485 2037 1543 beatitudinem

445 1578 829 1648 transferebat,
863 1591 917 1636 et
967 1581 1020 1636 in
1074 1580 1158 1636 his
1204 1597 1233 1636 a
1284 1581 1473 1652 quibus
1520 1568 1866 1644 moriebatur,
1910 1595 2037 1637 suos
2094 1584 2099 1587 ’

445 1674 682 1729 victuros
725 1669 1275 1732 secum'videhat:et
1297 1674 1482 1731 videns
1520 1690 1615 1731 eos
1642 1675 1696 1731 in
1728 1675 1916 1731 insano
1942 1691 2039 1745 po-
2094 1680 2101 1757 ξ

448 1766 575 1837 pulo
599 1766 775 1825 adhuc
806 1768 1055 1835 insanos,
1090 1766 1264 1836 Pater,
1297 1767 1495 1838 inquit,
1527 1768 1730 1839 ignosce
1756 1765 1860 1823 illis
1878 1764 1903 1835 ,’
1919 1767 2040 1839 quia

449 1862 679 1916 nesciunt
724 1862 846 1932 quid
888 1863 1083 1934 faciunt
1126 1860 1275 1935 (Luc.
1307 1877 1443 1917 χχιιι
1466 1904 1479 1927 ,
1511 1862 1623 1933 54).
1656 1861 1804 1933 Ego,
1833 1861 2036 1932 inquit,

448 1968 548 2025 ego
575 1944 811 2011 medicus
836 1967 992 2026 tango
1016 1972 1205 2012 venam
1226 1998 1240 2023 ,
1264 1956 1330 2011 de
1353 1955 1497 2027 ligno
1519 1964 1751 2027 aegrotos
1774 1956 2034 2027 inSpicio;

448 2048 689 2119 pendeo,
739 2060 793 2104 et
838 2059 1027 2120 tango;
1063 2051 1282 2119 morior,
1334 2059 1387 2106 et
1435 2050 1674 2115 viviﬁco;
1723 2050 2038 2120 sanguinem

450 2140 648 2210 tundo,
677 2151 733 2198 et
774 2142 898 2199 inde
941 2143 1171 2200 inimicis
1219 2144 1354 2198 meis
1382 2143 1828 2199 medicamentum
1855 2143 2039 2200 salutis

448 2232 695 2303 coniicio.
717 2234 954 2290 Sazviunt
982 2244 1034 2291 et
1062 2234 1287 2290 fundunt
1312 2254 1325 2291 :
1349 2235 1568 2292 credent
1598 2247 1645 2293 et
1676 2235 1878 2292 bibent.
1956 2274 1961 2279 η

514 2324 568 2379 4.
616 2323 782 2381 Morte
823 2327 1113 2382 imminente
1141 2326 1389 2393 turbatur,
1437 2344 1502 2382 ne
1551 2344 1642 2383 nos
1690 2328 2035 2398 desperemus.

448 2418 569 2489 Ipse
590 2434 716 2489 ergo
737 2419 980 2475 Christus
1008 2421 1262 2477 Dominus
1291 2428 1346 2477 et
1380 2422 1613 2477 salvator
1650 2430 1853 2490 noster,
1880 2430 2042 2492 caput

446 2508 701 2565 Ecclesiae
722 2553 735 2575 ,
765 2521 920 2567 natus
948 2529 1013 2591 ex
1041 2513 1196 2569 Patre
1224 2514 1340 2569 sine
1368 2523 1572 2580 matre;
1606 2514 1752 2585 ipse,
1781 2514 1999 2586 inquam
2021 2556 2037 2580 ,
2109 2572 2113 2579 ,

447 2601 705 2658 Dominus
735 2611 790 2658 et
814 2603 1047 2658 salvator
1068 2615 1250 2659 noster
1277 2604 1433 2661 Jesus
1462 2604 1704 2662 Christus
1725 2647 1740 2671 ,
1779 2615 2040 2677 quantum

446 2693 516 2749 ad
546 2694 721 2764 ipsum
762 2696 1017 2766 pertinet,
1048 2705 1311 2767 potestate
1356 2697 1532 2768 posuit
1572 2698 1805 2754 animam
1847 2713 2037 2767 suam,

446 2796 714 2860 potestate
738 2791 1047 2862 resumpsit
1088 2806 1225 2847 eam.
1268 2790 1351 2847 Ad
1401 2791 1539 2848 hanc
1584 2799 1903 2862 potestatem
1931 2807 2039 2848 non

447 2881 683 2953 pertinet
710 2882 950 2952 proprie,
978 2882 1163 2937 Anima
1204 2900 1317 2938 mea
1359 2884 1559 2937 turbata
1601 2893 1694 2940 est.
1730 2883 1841 2940 Nos
1884 2885 1938 2940 in
1981 2900 2042 2942 se

447 2971 873 3043 transﬁguravit;
900 2989 996 3029 nos
1024 2973 1187 3041 vidit,
1221 2988 1320 3029 nos
1358 2972 1624 3044 inspexit,
1658 2989 1756 3030 nos
1795 2974 2043 3047 fatigatos

447 3062 685 3132 suscepit
708 3072 762 3118 et
783 3062 942 3131 fovit;
972 3080 1037 3118 ne
1060 3062 1196 3120 forte
1216 3064 1429 3134 quando
1459 3066 1665 3121 veniret
1683 3066 1840 3121 alicui
1865 3082 2042 3124 mem-

446 3154 548 3211 bro
573 3154 688 3226 ejus
719 3140 934 3211 ultimus
961 3156 1109 3222 dies,
1136 3172 1243 3226 quo
1286 3156 1385 3211 ista
1432 3166 1577 3214 esset
1622 3158 1730 3214 vita
1773 3158 2036 3230 ﬁnienda,

447 3245 756 3302 turbaretur
780 3263 875 3318 per
902 3248 1266 3305 inﬁrmitatem
1288 3292 1304 3318 ,
1336 3257 1392 3305 et
1428 3249 1737 3321 desperaret
1779 3255 2039 3322 salutem,

448 3346 507 3395 et
547 3337 749 3395 diceret
788 3354 848 3396 se
886 3338 953 3395 ad
991 3338 1260 3396 Christum
1304 3356 1410 3398 non
1454 3344 1759 3414 pertinere,
1792 3348 2041 3418 quoniam

448 3444 559 3486 non
589 3430 668 3486 sic
697 3441 1024 3502 praeparatus
1050 3441 1196 3489 esset
1220 3432 1287 3488 ad
1314 3444 1542 3491 mortem
1567 3477 1582 3503 ,
1614 3446 1672 3492 ut
1696 3437 1840 3492 nulla
1866 3438 1921 3493 in
1953 3438 2044 3494 illo

446 3522 778 3592 perturbatio
807 3524 1129 3591 exoriretttr,
1160 3524 1303 3580 nulla
1355 3526 1567 3583 tristitia
1606 3539 1841 3586 mentem
1880 3530 2044 3587 devo-

450 3616 712 3672 tissimam
763 3618 1044 3674 nubilaret.
1119 3618 1381 3684 Quoniam
1432 3636 1560 3692 ergo
1614 3623 2046 3694 periclitarcntur

447 3696 689 3766 membra
746 3711 864 3780 ejus
912 3710 1285 3781 desperatione
1316 3755 1332 3780 ,
1388 3716 1604 3785 quando
1655 3718 2045 3789 propinquante

448 3813 629 3861 morte
670 3804 863 3875 aliquis
889 3803 1211 3872 turbaretur,
1243 3806 1433 3862 nolens
1476 3808 1629 3865 linire
1675 3810 1924 3866 miseram
1968 3811 2049 3867 vi-

448 3908 598 3966 tam,
643 3899 791 3969 piger
834 3898 1088 3954 inchoare
1135 3915 1406 3970 nunquam
1449 3901 1734 3957 linieutlant
1764 3920 1777 3958 :
1809 3919 1877 3959 ne
1917 3919 2047 3975 ergo

449 3990 829 4061 desperatione
875 3988 1267 4063 frangerentur,
1318 3992 1464 4062 ipsos
1513 3994 1753 4051 inlirtuos
1795 4011 1923 4052 suos
1967 3997 2078 4065 in—.

450 4083 655 4151 tendit,
690 4085 799 4155 ipsa
829 4085 1066 4141 membra
1110 4100 1203 4141 sua
1235 4086 1419 4142 ultnua
1450 4103 1555 4144 non
1583 4089 1736 4146 valde
1756 4090 1911 4147 fortia
1937 4091 2049 4147 col-

454 4176 587 4248 legit
617 4176 668 4231 itt
698 4176 873 4232 sinunt
918 4191 1107 4245 suum,
1139 4176 1251 4249 ipsa
1281 4194 1389 4236 non
1429 4180 1583 4237 valde
1609 4180 1765 4238 fortia
1798 4192 2049 4256 tanquam

454 4269 649 4343 gallina
679 4271 808 4325 texit
834 4270 1005 4341 pullos
1047 4285 1203 4337 suos;
1232 4281 1287 4327 ct
1319 4282 1571 4344 tauquam
1607 4275 1895 4347 alloquitur
1922 4294 2047 4348 eos,

455 4362 614 4422 Nunc
642 4365 812 4421 anima
842 4382 951 4423 mea
985 4366 1186 4421 turbata
1212 4377 1305 4421 est.
1330 4367 1618 4438 Agnoscite
1644 4384 1738 4426 vos
1766 4371 1818 4425 in
1847 4387 1963 4441 me,
1994 4383 2051 4429 ιιι

458 4459 674 4531 quando
703 4457 839 4514 forte
866 4458 1058 4514 turbati
1090 4457 1296 4517 lucritts
1314 4498 1331 4525 ,
1355 4446 1477 4513 Itott
1500 4459 1796 4531 desperatis
1816 4504 1831 4528 ,
1860 4463 1955 4519 sed
1985 4464 2052 4520 ad

456 4560 619 4624 caput
655 4562 890 4607 vestiunt
934 4551 1197 4619 revocatis
1233 4561 1544 4622 aspectum,
1569 4562 1622 4609 et
1648 4540 1837 4610 dicatis
1865 4556 2049 4626 vobis,

457 4646 683 4716 Quando
713 4646 971 4701 Dominus
986 4645 1196 4701 diccbat
1216 4684 1231 4709 ,
1260 4644 1443 4699 Anima
1461 4662 1570 4700 utea
1596 4650 1795 4701 turbata
1820 4660 1925 4717 est,
1955 4665 2054 4706 nos

457 4740 514 4797 in
559 4740 652 4795 illo
691 4754 937 4806 eramus,
968 4754 1065 4794 nos
1112 4738 1566 4811 siguiltcabatnur.
1608 4741 1929 4811 Turbantur,
1958 4745 2053 4801 sed

457 4849 568 4890 non
601 4833 858 4904 perimus.
907 4832 1079 4900 Quare
1104 4835 1277 4899 tristis
1312 4849 1398 4894 es,
1423 4834 1597 4887 anima
1637 4836 1856 4891 ιιιειιξλιιι
1900 4853 2056 4907 quare

458 4924 731 4982 conturbas
771 4925 891 4980 me?
916 4923 1028 4980 Non
1073 4924 1153 4980 vis
1184 4924 1325 4981 tintr.‘
1375 4926 1626 4980 miseram
1660 4927 1859 4984 vitam?
1885 4930 2056 4987 Tanto

460 5029 544 5078 est
562 5020 831 5086 miserior,
863 5030 1064 5091 quanto
1092 5029 1147 5075 ct
1175 5020 1367 5077 misera
1406 5031 1585 5076 amata
1613 5033 1695 5077 est
1716 5064 1732 5088 ,
1761 5034 1814 5080 et
1843 5040 1947 5080 non
1976 5028 2058 5083 vis

460 5113 605 5169 ﬁniri
627 5129 640 5166 :
662 5113 839 5168 minus
877 5122 1022 5169 esset
1058 5112 1285 5178 misera,
1315 5114 1361 5168 si
1406 5130 1511 5169 non
1556 5126 1847 5183 amaretur.
1875 5118 2058 5188 Qualis

462 5214 547 5262 est
576 5206 733 5262 beata
775 5206 916 5271 vita,
944 5205 1158 5275 quando
1183 5219 1261 5262 διε
1290 5214 1499 5260 amatur
1527 5207 1721 5263 misera
1761 5208 1904 5277 vita,
1939 5221 2057 5267 tan-

463 5309 577 5355 tum
607 5299 728 5370 quia
771 5309 990 5355 vocatur
1020 5298 1163 5354 vita?
1193 5298 1360 5366 Quare
1402 5312 1531 5370 ergo
1574 5300 1732 5356 tristis
1771 5318 1857 5371 es,
1887 5304 2061 5360 anima

462 5395 612 5450 mea?
636 5405 682 5449 et
712 5410 868 5461 quare
909 5393 1176 5449 conturbas
1205 5391 1320 5449 me?
1345 5391 1531 5465 Habes.
1561 5394 1686 5465 quid
1729 5408 1877 5466 agas.
1905 5397 2061 5455 Defe-

463 5488 586 5544 cisti
617 5488 668 5542 in
692 5487 776 5542 te?
803 5487 971 5555 Spera
999 5487 1051 5540 in
1080 5485 1296 5540 Domino
1326 5485 1497 5556 (l’sal.
1527 5503 1636 5543 xut
1655 5529 1671 5555 ,
1699 5488 1779 5560 5).
1806 5489 1850 5543 Τ
1853 5492 2059 5550 urbaris

466 5580 522 5659 in
547 5581 636 5635 te?
660 5580 825 5649 Spem
854 5580 904 5634 in
932 5578 1150 5634 Domino
1172 5622 1185 5640 ,
1214 5580 1302 5650 qui
1330 5590 1380 5634 te
1400 5580 1557 5649 elegit
1577 5591 1700 5637 ante
1726 5584 1906 5640 mundi
1926 5600 2059 5643 con-

464 5673 797 5730 stitutionem
821 5715 833 5737 ,
863 5673 951 5743 qni
978 5689 1028 5728 te
1050 5670 1470 5743 praedestinavit,
1498 5673 1585 5743 qui
1619 5684 1673 5730 te
1699 5679 1906 5732 vocavit
1925 5718 1940 5745 ,
1969 5680 2059 5750 qui

465 5776 521 5823 te
555 5766 775 5838 impium
794 5764 1129 5837 justiticavit,
1159 5764 1249 5836 qui
1271 5765 1363 5821 tibi
1382 5764 1826 5839 gloriﬁcationem
1851 5774 2052 5845 sempi-

1692 253 1750 311 S.
1791 247 2157 311 AUGUSTINI
2198 249 2500 309 EPISCOPI

3595 260 3745 318 1400

2147 376 2349 421 lernam
2381 364 2772 437 promisit,qui
2817 383 2915 440 pro
2961 378 3014 425 te
3058 378 3287 428 mortem
3337 387 3443 429 non
3489 373 3733 431 debitam

2093 452 2099 458 ’
2142 460 2502 543 sustulit,qn_i
2551 478 2644 531 pro
2694 471 2745 519 te
2793 462 3102 533 sanguinem
3148 462 3429 537 l‘udit,qui
3472 475 3525 522 te
3572 469 3626 522 in
3672 483 3738 524 se

2144 553 2566 623 transliguravit,
2601 554 2814 626 quando
2840 554 3005 623 dixit,
3036 554 3221 610 Anima
3249 574 3361 611 mea
3398 558 3600 613 turbata
3637 570 3741 614 est.

2143 643 2224 699 Ad
2255 642 2400 700 illum
2426 647 2661 716 pertines
2684 688 2698 712 ,
2727 657 2782 703 et
2808 647 3002 703 times?
3031 649 3094 703 Et
3117 649 3314 721 aliquid
3343 651 3436 706 tibi
3450 640 3745 709 nociturus

2142 748 2225 795 est
2248 739 2477 795 mundus
2497 782 2511 804 ,
2543 730 2640 812 pro
2679 756 2786 812 quo
2815 750 3057 798 mortuus
3094 750 3208 807 est,
3241 759 3337 813 per
3362 761 3523 815 quem
3568 750 3746 802 tactus

2143 839 2226 887 est
2246 831 2513 887 mundus?
2532 832 2613 888 Ad
2639 832 2789 889 illum
2813 835 3067 905 pertines,
3094 846 3148 890 et
3168 835 3358 892 times?
3390 838 3451 892 Si
3478 837 3618 892 Deus
3640 855 3744 909 pro

2142 925 2283 979 nobis
2299 967 2312 991 ,
2341 926 2453 996 quis
2474 936 2651 981 contra
2668 927 2802 983 nos?
2826 927 2925 996 Qui
2945 930 3151 1001 proprio
3174 928 3311 985 Filio
3341 948 3440 985 non
3485 933 3746 1003 pepercit,

2142 1020 2230 1073 sed
2251 1037 2342 1090 pro
2368 1019 2509 1075 nobis
2545 1021 2777 1076 omnibus
2803 1020 3013 1077 tradidit
3048 1023 3231 1089 illum;
3257 1006 3508 1095 quomodo
3546 1044 3651 1079 non
3696 1036 3750 1080 ct

2142 1130 2255 1168 cum
2276 1112 2365 1168 illo
2395 1116 2565 1169 omnia
2585 1114 2728 1170 nobis
2748 1116 2952 1171 donavit
2980 1117 3153 1190 (Rom.
3176 1134 3291 1185 Vltl,
3316 1120 3377 1175 5i
3402 1130 3449 1173 et
3468 1118 3557 1190 52)
3574 1120 3602 1173 ?
3633 1121 3751 1176 Rc-

2142 1207 2272 1263 siste
2308 1209 2832 1281 perturbationibus,
2876 1227 2945 1268 ne
2983 1213 3287 1268 consentias
3329 1215 3500 1269 amori
3527 1215 3742 1269 smculi.

2141 1301 2341 1358 Titillat
2361 1347 2375 1371 ,
2407 1304 2697 1375 blanditur,
2726 1306 3012 1364 insidiatur
3037 1325 3051 1363 :
3082 1323 3188 1363 non
3209 1309 3259 1364 ei
3287 1308 3560 1379 credatur,
3580 1308 3750 1366 Chri-

2090 1395 2097 1401 ”
2141 1403 2257 1451 stus
2283 1403 2545 1453 teneatur.

2638 1510 2867 1569 SERMO
2887 1512 3086 1571 CCCVI
3102 1518 3122 1539 ‘
3139 1512 3238 1588 (α).

2412 1633 2463 1677 ιιι
2484 1627 2634 1679 Natali
2662 1634 2928 1694 martyrum
2949 1636 3113 1680 nassae
3133 1628 3353 1681 Candidas
3376 1628 3469 1695 (ιι).

2213 1751 2440 1809 CAPUT
2464 1751 2749 1811 PRIMUM.
2774 1784 2847 1795 —
2886 1755 2938 1810 1.
2970 1753 3262 1827 Martyrum
3298 1754 3464 1827 gloria
3491 1756 3749 1828 insipien—

2145 1844 2275 1900 tibus
2322 1843 2637 1900 abscondita.
2699 1843 2905 1900 Malitia
2962 1861 3054 1916 pro
3106 1862 3272 1918 paena.
3326 1844 3477 1903 Sicut
3527 1847 3745 1903 audivi-

2096 1938 2101 1959 ‘
2145 1952 2295 2002 mus,
2344 1946 2396 1992 et
2437 1934 2702 1992 cantando
2741 1936 3114 2007 respondimus
3144 1955 3156 1992 :
3192 1935 3427 1992 Pretiosa
3469 1947 3544 1993 est
3590 1955 3735 1994 mors

2100 2038 2107 2043 '
2144 2038 2432 2086 sanctorum
2468 2026 2712 2097 Domini,
2744 2028 2838 2084 sed
2876 2030 2931 2085 in
2968 2040 3241 2101 conspectu
3270 2032 3378 2103 ejus
3405 2030 3574 2103 (Psal.
3603 2047 3741 2099 ειν,

2102 2116 2107 2125 ’
2146 2122 2257 2192 15),
2291 2137 2399 2177 non
2441 2121 2494 2177 in
2526 2129 2819 2192 conspectu
2866 2121 3250 2192 insipientium.
3291 2121 3401 2177 Visi
3436 2132 3551 2177 sunt
3587 2124 3738 2180 enim

2100 2228 2109 2229 ί
2145 2216 2305 2270 oculis
2328 2215 2674 2285 insipientium
2701 2215 2832 2269 mori
2851 2256 2865 2282 ,
2894 2224 2941 2270 et
2978 2216 3229 2271 wstimata
3255 2226 3327 2273 est
3352 2218 3552 2272 malitia
3576 2219 3745 2273 exitus

2106 2334 2109 2341 π
2144 2307 2370 2361 illorum.
2398 2305 2595 2361 Malitia
2614 2305 2667 2360 in
2701 2306 2870 2362 latino
2903 2321 3155 2363 sermone
3186 2324 3292 2365 non
3322 2324 3441 2365 eam
3467 2309 3742 2381 signiﬁca-

2146 2400 2345 2456 tionem
2388 2400 2585 2457 hahere
2629 2400 2796 2466 solet,
2828 2416 2985 2472 quam
3027 2402 3188 2458 habet
3229 2402 3284 2458 in
3324 2418 3387 2459 ea
3430 2403 3605 2475 lingua
3630 2420 3734 2475 qua

2145 2493 2424 2566 Scriptura
2453 2495 2629 2550 locuta
2651 2503 2752 2551 est.
2780 2494 2977 2550 Malitia
3002 2495 3145 2552 enim
3170 2496 3224 2551 in
3244 2496 3407 2552 latina
3426 2498 3600 2569 lingua
3626 2498 3731 2554 diei

2145 2584 2322 2654 solet,
2348 2600 2450 2655 qua
2480 2585 2604 2641 mali
2626 2595 2751 2641 sunt
2779 2585 3062 2642 homines:
3087 2587 3175 2643 illa
3198 2597 3377 2644 autem
3416 2590 3593 2661 lingua
3624 2607 3741 2647 ma-

2145 2677 2257 2733 litia
2297 2677 2490 2733 dicitur
2526 2679 2686 2734 etiam
2714 2680 2946 2748 malum,
2969 2680 3112 2752 quod
3152 2682 3425 2752 patiuntur
3464 2682 3733 2741 homines.

2110 2770 2345 2826 ‘Malitia
2367 2786 2495 2841 ergo
2539 2772 2642 2828 isto
2684 2771 2801 2828 loco
2842 2786 2998 2842 ptena
3040 2772 3368 2846 intelligitur.
3405 2774 3517 2832 Hoc
3563 2777 3744 2848 itaque

2109 2867 2115 2872 ’
2146 2861 2316 2917 dixit:
2351 2861 2460 2916 Visi
2494 2871 2612 2918 sunt
2649 2863 2809 2919 oculis
2833 2863 3181 2936 insipientium
3214 2867 3377 2934 mori,
3408 2877 3456 2922 et
3492 2869 3745 2924 (estimata

2114 2958 2219 3009 ἐει
2244 2970 2391 3023 paena
2424 2955 2586 3009 exitus
2610 2954 2819 3009 illorum
2843 2972 2860 3010 :
2881 2955 2957 3011 illi
2986 2967 3153 3011 autem
3182 2967 3300 3012 sunt
3339 2958 3392 3013 in
3432 2976 3572 3030 pace.
3606 2960 3675 3015 Et
3700 2963 3746 3016 si

2147 3062 2321 3101 coram
2344 3047 2628 3103 hominibus
2658 3056 2907 3102 tormenta
2929 3050 3066 3118 passi
3085 3060 3224 3119 sunt,
3258 3050 3375 3107 haec
3400 3061 3485 3107 est
3502 3054 3742 3109 malitia:

2145 3155 2262 3210 spes
2281 3155 2484 3204 eorum,
2513 3139 2714 3210 inquit,
2746 3140 3124 3197 immortalitate
3152 3142 3303 3214 plena
3329 3153 3400 3199 est
3416 3162 3437 3211 ;
3463 3156 3511 3199 et
3530 3146 3581 3199 in
3612 3164 3744 3217 pau-

2148 3233 2219 3287 cis
2248 3233 2445 3298 vexati,
2477 3232 2530 3287 in
2560 3233 2733 3287 multis
2773 3234 2893 3287 bene
2930 3233 3261 3304 disponentur
3293 3233 3448 3309 (Sap.
3478 3253 3566 3306 tu,
3589 3238 3741 3311 2-5).

2151 3322 2275 3379 Non
2303 3324 2434 3378 enim
2461 3324 2726 3396 condigna:
2758 3334 2879 3380 sunt
2923 3326 3179 3396 passiones
3217 3329 3369 3399 hujus
3398 3330 3637 3401 temporis
3673 3330 3748 3384 ad

2121 3411 2125 3415 ’
2148 3419 2375 3487 futuram
2400 3415 2647 3486 gloriam,
2677 3432 2789 3484 qua:
2813 3417 3111 3472 revelabitur
3147 3418 3200 3473 in
3238 3420 3379 3475 nobis
3409 3419 3582 3491 (Rom.
3610 3438 3744 3490 vnt,

2152 3506 2264 3579 18).
2298 3507 2402 3562 Sed
2423 3507 2595 3563 donec
2622 3507 2888 3564 reveletur
2920 3508 3231 3573 abscondita
3262 3520 3362 3567 est.
3391 3512 3461 3567 Et
3486 3514 3741 3584 quoniam

2124 3600 2462 3656 abscondita
2492 3611 2603 3667 est,
2627 3599 2747 3656 ideo
2773 3601 2866 3655 visi
2888 3612 3006 3657 sunt
3033 3603 3191 3657 oculis
3219 3603 3563 3676 insipientium
3590 3607 3743 3661 mori.

2149 3692 2258 3751 Sed
2285 3692 2542 3765 numqttid
2568 3694 2689 3764 quia
2710 3693 3022 3750 abscondita
3045 3704 3158 3763 est,
3188 3696 3348 3752 etiam
3380 3697 3490 3753 Deo
3513 3698 3747 3754 abscon-

2151 3787 2261 3843 dita
2286 3796 2399 3854 est,
2421 3786 2561 3858 apud
2590 3802 2751 3856 quem
2784 3788 3015 3858 pretiosa
3045 3788 3163 3843 est?
3189 3786 3314 3844 ideo
3344 3791 3563 3861 pretiosa
3592 3803 3665 3848 est
3688 3793 3747 3847 in

2134 3891 2423 3953 conspectu
2471 3879 2677 3937 Domini
2722 3896 2858 3936 mors
2897 3891 3185 3936 sanctorum
3228 3884 3359 3954 ejus.
3405 3883 3539 3940 IIuic
3584 3887 3751 3956 igitur

2132 3976 2469 4033 abscondito
2496 3984 2832 4031 sacramento
2857 3975 3041 4032 oculos
3061 3975 3184 4032 ﬁdei
3211 3976 3469 4033 debemus
3485 4020 3500 4045 ,
3527 3981 3749 4050 utquod

2078 4071 2083 4079 '
2130 4056 2260 4127 'non
2310 4068 2588 4134 videmus,
2620 4067 2937 4138 credamus,
2983 4076 3037 4124 et
3078 4070 3214 4126 mala
3263 4069 3459 4142 injuste
3507 4074 3751 4144 perpessi

2158 4164 2366 4220 fortiter
2393 4163 2707 4219 toleremus.

2226 4254 2453 4312 CAPUT
2481 4253 2547 4310 ll.
2567 4286 2638 4295 —
2655 4253 2711 4311 2.
2739 4251 2902 4311 Poena
2920 4272 3022 4312 non
3050 4267 3193 4312 nocet
3210 4299 3226 4326 ,
3255 4258 3300 4314 si
3328 4241 3459 4315 bona
3478 4270 3748 4317 estcausa.

2159 4350 2335 4406 Massa
2360 4348 2613 4406 Candida.
2642 4347 2724 4405 Sit
2753 4350 2907 4406 nobis
2939 4350 3107 4407 electa
3143 4366 3303 4407 causa
3325 4395 3340 4420 ,
3370 4370 3438 4410 ne
3464 4355 3620 4410 nobis
3643 4372 3750 4412 no-

2158 4452 2275 4500 ceat
2297 4458 2472 4514 pteua.
2500 4441 2631 4497 Nam
2662 4442 2802 4497 mala
2837 4457 2996 4499 causa
3023 4443 3225 4500 nullum
3249 4445 3410 4523 habet
3434 4449 3715 4519 praemium
3734 4490 3750 4514 ,

2136 4528 2254 4591 'sed
2281 4536 2487 4606 justum
2510 4544 2856 4591 tormentum.
2879 4535 2996 4591 Non
3017 4546 3098 4592 est
3129 4537 3287 4609 igitur
3307 4539 3359 4594 in
3387 4539 3620 4597 ltontints
3651 4557 3754 4613 po-

2161 4640 2352 4686 testate
2379 4644 2487 4701 quo
2512 4630 2655 4686 exitu
2676 4630 2815 4685 hanc
2846 4631 3009 4687 vitam
3039 4631 3188 4688 ﬁniat
3213 4651 3227 4688 :
3250 4634 3346 4690 sed
3376 4644 3460 4692 est
3488 4637 3539 4692 in
3571 4636 3751 4692 homi-

2160 4725 2244 4781 nis
2268 4733 2529 4796 potestate
2556 4724 2826 4796 qnomodo
2842 4710 2997 4781 'vivat
3016 4769 3033 4795 ,
3055 4736 3113 4783 ut
3135 4728 3299 4784 vitam
3327 4744 3548 4786 securus
3578 4734 3758 4790 tiniat.

2160 4819 2344 4890 Neque
2374 4830 2476 4874 nec
2504 4818 2558 4873 in
2583 4827 2846 4889 potestate
2884 4829 3057 4887 esset,
3089 4820 3193 4875 nisi
3235 4823 3448 4877 dedisset
3496 4823 3756 4880 Dominus

2162 4922 2455 4982 potestatem
2483 4911 2619 4981 ﬁlios
2653 4910 2750 4967 Dei
2786 4913 2918 4981 ﬁeri.
2948 4912 3053 4969 Sed
3080 4913 3312 4983 quibus?
3333 4913 3661 4971 Credentibus
3700 4919 3755 4972 in

2164 5005 2366 5061 nomine
2401 5005 2512 5076 ejus
2550 5004 2726 5076 (Joan.
2751 5022 2803 5073 ι,
2835 5007 2945 5079 12).
2976 5007 3104 5063 Haec
3136 5016 3220 5064 est
3261 5010 3433 5081 prima
3457 5010 3748 5084 Martyrum

2154 5202 2161 5207 .
2226 5163 2242 5179 ‘
2261 5169 2517 5213 correctus
2534 5161 2592 5213 ad
2616 5175 2658 5213 r.
2685 5170 2723 5214 t.
2744 5171 2797 5214 et
2815 5163 2875 5214 ad
2898 5171 3011 5215 Iov.

2227 5224 2300 5284 (α)
2334 5223 2475 5281 Alias,
2500 5225 2564 5273 de
2590 5227 2800 5277 Diversis
2824 5226 2927 5278 ΗΞ.

2148 5304 2153 5309 α
2223 5286 2297 5355 _(_b)
2332 5294 2568 5355 accensa
2585 5289 2822 5355 Possidius
2844 5290 2889 5338 in
2905 5289 3140 5355 _tndi_cttlo,
3156 5303 3262 5355 cap.
3284 5292 3332 5343 9.
3352 5301 3516 5346 Massa:
3537 5296 3759 5346 candidae

2148 5347 2447 5420 ,solemnitas
2485 5351 2533 5398 in
2555 5351 2918 5420 Carthaginiensi
2942 5347 3227 5404 calendario
3255 5365 3463 5420 notatur.
3504 5366 3757 5420 Martyrum

2168 5411 2448 5481 eorumdem
2484 5411 3044 5481 passionemneelebrant
3090 5418 3430 5481 nun-tyrologia
3459 5420 3543 5470 die
3580 5411 3643 5469 9.1
3668 5435 3760 5471 au-

2166 5475 2322 5545 gusti,
2343 5475 2817 5545 eamqneLttonnulla
2857 5490 2918 5527 ex
2948 5479 3007 5545 iis
3049 5475 3428 5545 consmitntatam
3469 5483 3759 5545 mrthagine

2165 5535 2437 5608 signiﬁcant
2460 5550 2471 5585 :
2498 5539 2675 5599 quibus
2718 5538 2847 5608 favet
2870 5540 3155 5608 Prudentius
3197 5543 3254 5608 in
3270 5544 3552 5608 Aliteristoph.
3581 5535 3759 5608 lty‘mno

2171 5597 2244 5647 15.
2280 5608 2339 5668 ,Αι
2377 5597 2529 5660 ἱμεος
2549 5602 2841 5661 Augustinus
2867 5603 3024 5668 intra,
3051 5617 3200 5652 serm.
3225 5605 3345 5664 5H,
3372 5620 3419 5655 ιι.
3445 5597 3517 5656 lt).
3545 5597 3757 5668 appellat

2174 5680 2197 5707 ι
2221 5660 2493 5711 uie-ensem
2535 5660 3026 5731 stassantfnndidant.
3053 5683 3074 5709 ιι
3107 5672 3158 5715 Et
3195 5660 3354 5716 enarr'.
3402 5672 3447 5719 ιιι
3486 5660 3620 5717 Ρδιιῖί
3650 5670 3757 5731 ιιι,

2167 5736 2446 5773 sermonem
2487 5726 2627 5774 l‘ticrc
2654 5728 2699 5773 in
2742 5725 2936 5775 basilica
2962 5732 3123 5777 Must
3155 5731 3374 5779 Candida”:
3396 5731 3562 5782 habuit
3586 5747 3598 5781 :
3624 5725 3761 5783 unde

2166 5798 2219 5837 ιι.
2246 5787 2301 5837 17
2334 5787 2546 5842 diccbat.
2577 5806 2597 5836 ιι
2614 5789 2878 5845 Admouet“
2900 5796 2952 5842 te
2974 5795 3122 5845 massa
3140 5791 3321 5847 redditi
3341 5793 3495 5848 dehitt
3514 5798 3630 5848 mei.
3650 5810 3676 5846 ι
