4036 6456
257 402 394 462 MO!

255 516 587 585 causa,h:rc
627 524 710 573 est
752 514 988 572 Candida
1035 512 1322 584 Martyrum
1364 510 1557 567 Massa.
1603 507 1660 565 Si
1689 522 1850 564 causa

254 613 516 679 candida,
549 621 601 667 et
622 611 792 666 Massa
823 609 1066 666 candida.
1098 609 1268 664 Massa
1297 607 1440 663 enim
1471 606 1612 661 dicta
1639 613 1748 669 est,
1781 601 1851 659 de

255 705 468 761 numeri
510 704 849 760 multitudine
883 702 956 774 (ιι)
983 719 996 768 ;
1023 701 1255 757 Candida
1283 745 1296 767 ,
1325 701 1390 755 de
1416 716 1592 755 causa:
1623 699 1849 770 fulgore.

255 797 389 852 Tam
444 798 594 851 multi
647 797 871 851 comites
924 811 1032 850 non
1089 795 1379 850 timuerunt
1431 793 1681 849 latrones.
1743 789 1849 846 Sed

251 891 467 946 etiamsi
514 889 705 959 singuli
754 887 1122 954 ambularent,
1157 887 1344 942 muniti
1371 894 1549 941 essent
1593 883 1850 940 adversus

253 982 627 1045 latrocinium;
652 981 777 1052 quia
805 981 917 1052 ipsa
938 982 1022 1035 via
1048 980 1223 1035 fuerat
1253 979 1660 1033 munimentum.
1688 975 1850 1030 Juxta

250 1077 506 1139 semitam,
526 1075 716 1146 inquit,
731 1076 973 1130 scandala
997 1084 1270 1144 posuerunt
1286 1073 1410 1126 mihi
1429 1071 1597 1144 (Psal.
1623 1085 1845 1138 cxxxnx,

251 1169 328 1240 6).
359 1167 484 1225 ldeo
513 1169 602 1239 qui
644 1185 748 1223 non
783 1168 1065 1223 declinata
1097 1169 1214 1235 via,
1241 1183 1345 1222 non
1371 1167 1513 1222 cadit
1535 1167 1586 1221 in
1619 1163 1848 1220 scanda-

251 1265 395 1335 lum.
413 1262 683 1316 llabemus
709 1271 888 1316 autem
911 1272 965 1317 et
990 1268 1252 1317 summam
1280 1271 1334 1316 et
1355 1260 1566 1316 fidelem
1590 1260 1851 1330 pollicita-

251 1356 455 1412 tionem
488 1355 695 1410 Domini
726 1356 894 1411 nostri
923 1355 1055 1412 Jesu-
1079 1354 1278 1411 Christi
1306 1354 1564 1420 dicentis,
1599 1353 1706 1425 Ego
1733 1370 1846 1409 sum

247 1449 361 1514 via,
384 1459 432 1503 et
458 1449 670 1513 veritas,
699 1457 747 1502 et
767 1450 870 1503 vita
899 1449 1080 1520 (Joan.
1109 1466 1217 1516 xw,
1239 1449 1317 1520 6).

323 1545 379 1598 5.
409 1542 618 1598 Beatam
649 1544 802 1597 vitam
830 1560 1022 1609 omnes,
1049 1544 1103 1598 in
1132 1544 1327 1598 diverso
1355 1542 1468 1598 licet
1497 1542 1611 1597 vitae
1644 1557 1844 1614 genere,

249 1636 446 1707 pariter
469 1635 666 1690 volunt.
697 1633 884 1692 Omnis
913 1645 1088 1690 autem
1118 1635 1300 1702 homo,
1328 1634 1734 1705 qualiscumque
1754 1634 1844 1704 sit,

247 1727 441 1782 beatus
473 1727 584 1782 vult
612 1742 752 1783 esse.
787 1727 901 1782 Hoc
939 1743 1098 1783 nemo
1136 1728 1331 1798 estqui
1364 1743 1468 1782 non
1498 1727 1653 1791 velit,
1688 1735 1847 1796 atque

247 1820 318 1874 ita
353 1819 518 1886 velit,
549 1827 610 1873 ut
648 1835 758 1888 prae
793 1820 1003 1876 caeteris
1045 1820 1205 1886 velit;
1239 1821 1346 1876 imo
1389 1821 1708 1892 quicumque
1737 1818 1847 1876 vult

245 1925 462 1976 αιτιοι-ιι,
501 1923 716 1983 propter
743 1913 845 1968 hoc
875 1929 1039 1968 unum
1067 1914 1214 1970 velit.

319 2005 550 2061 CAPUT
591 2005 677 2060 lll.
707 2036 778 2048 --
809 2007 1046 2061 Diversis
1075 2006 1451 2076 cupiditatibus
1481 2005 1726 2062 homines
1753 2020 1844 2060 ra-

248 2099 483 2169 piuntur,
513 2107 567 2154 et
588 2100 723 2154 alius
748 2100 893 2169 cupit
921 2100 1042 2163 hoc,
1065 2100 1200 2154 alius
1224 2098 1350 2154 illud
1377 2117 1389 2152 :
1413 2098 1622 2154 diversa
1649 2112 1844 2169 genera

244 2201 374 2247 sunt
418 2191 659 2259 vivendi,
707 2191 762 2246 in
802 2207 998 2261 genere
1040 2191 1310 2253 humano;
1343 2191 1476 2246 etin
1508 2190 1846 2247 multitudine

243 2300 506 2355 generum
533 2285 744 2339 vivendi
774 2284 913 2339 alius
941 2284 1082 2339 aliud
1113 2285 1272 2355 elegit
1300 2293 1354 2340 et
1379 2284 1610 2354 capessit
1640 2302 1653 2337 :
1687 2298 1845 2338 nemo

244 2385 329 2431 est
361 2383 539 2430 tamen
571 2391 907 2446 quocmnque
945 2391 1143 2446 genere
1186 2377 1305 2430 vitae
1347 2378 1554 2443 electo,
1599 2376 1690 2447 qui
1737 2391 1844 2430 non

245 2467 459 2524 beatam
502 2469 665 2523 vitam
710 2469 907 2539 cupiat.
947 2469 1110 2523 Beata
1149 2485 1276 2539 ergo
1317 2470 1452 2537 vita,
1495 2469 1732 2524 omnium
1762 2477 1846 2526 est

245 2561 550 2614 communis
580 2561 853 2630 possessio
882 2579 895 2615 :
925 2560 1020 2616 sed
1050 2577 1152 2632 qua
1189 2561 1434 2616 veniatur
1462 2561 1527 2616 ad
1556 2577 1707 2630 eam,
1739 2577 1841 2632 qua

247 2652 518 2718 tendatur,
550 2669 656 2723 quo
688 2653 878 2708 itinere
903 2662 1050 2708 tento
1080 2654 1442 2724 perveniatur,
1473 2655 1596 2709 inde
1625 2664 1842 2709 contro-

247 2747 426 2802 versia
457 2756 560 2804 est.
589 2749 666 2801 Ac
693 2762 788 2817 per
819 2747 920 2803 hoc
947 2749 992 2804 si
1020 2764 1323 2818 quzeramus
1347 2749 1553 2803 beatam
1592 2749 1752 2803 vitam
1791 2750 1842 2804 in

245 2841 446 2906 terris,
497 2843 677 2896 nescio
722 2851 898 2897 utrum
941 2844 1180 2900 invenire
1225 2844 1490 2915 possimus
1524 2863 1536 2898 :
1578 2860 1680 2900 non
1720 2845 1841 2915 quia

244 2934 448 2988 malum
476 2943 559 2989 est
585 2934 723 3005 quod
749 2936 1072 3004 qumrimus,
1101 2936 1196 2991 sed
1228 2937 1347 3005 quia
1379 2953 1484 2990 non
1517 2937 1567 2991 in
1598 2937 1717 2991 loco
1745 2952 1843 2991 suo

243 3026 560 3096 qumrimus.
585 3027 736 3082 Alius
757 3027 884 3082 dicit
909 3046 922 3082 :
947 3028 1095 3083 Beati
1115 3029 1204 3098 qui
1227 3030 1472 3084 militant.
1497 3029 1662 3100 Negat
1682 3030 1836 3096 alius,

244 3126 303 3173 et
327 3117 461 3173 dicit
487 3136 501 3174 :
529 3119 709 3183 Beati,
741 3119 835 3173 sed
878 3121 966 3190 qui
1009 3136 1194 3190 agrum
1233 3121 1434 3175 colunt.
1463 3120 1532 3175 Et
1562 3121 1662 3176 hoc
1689 3131 1844 3191 negat

243 3212 418 3276 alius,
453 3223 505 3268 et
531 3212 657 3268 dicit
688 3231 699 3265 :
733 3213 881 3268 Beati
927 3215 1014 3284 qui
1060 3213 1112 3268 in
1157 3213 1272 3268 foro
1317 3215 1554 3284 populari
1601 3214 1843 3270 claritate

243 3315 563 3372 versantur,
609 3323 903 3377 causasque
945 3307 1270 3375 defendunt,
1314 3307 1474 3363 vitam
1506 3318 1842 3380 mortemque

246 3397 526 3453 hominum
558 3399 734 3469 lingua
766 3400 1130 3454 moderantur.
1165 3401 1229 3454 Et
1269 3401 1368 3454 hoc
1404 3401 1540 3455 alius
1570 3411 1760 3471 negat,
1790 3410 1844 3456 et

244 3488 378 3546 dicit
407 3507 419 3543 :
451 3489 620 3556 Beati,
653 3489 746 3544 sed
778 3491 865 3560 qui
890 3490 1150 3559 judicant,
1180 3491 1268 3560 qui
1296 3501 1614 3560 potestatem
1645 3492 1844 3547 habent

243 3581 498 3636 audiendi
545 3590 599 3636 ct
642 3580 998 3635 discernendi.
1031 3581 1196 3650 Negat
1239 3581 1342 3636 hoc
1380 3582 1550 3648 alius,
1584 3591 1638 3637 et
1676 3583 1840 3638 dicit:

244 3675 394 3730 Beati
438 3673 528 3744 qui
561 3672 844 3744 navigant,
879 3673 1071 3726 multas
1113 3673 1358 3742 regiones
1398 3673 1645 3738 discunt,
1678 3675 1842 3729 multa

241 3769 503 3838 colligunt
532 3766 698 3821 lucra.
732 3766 955 3829 Videtis,
989 3765 1307 3831 charissimi,
1338 3766 1390 3820 in
1415 3767 1559 3821 omni
1588 3767 1687 3822 ista
1708 3768 1844 3822 mul-

243 3861 474 3918 titudine
492 3875 748 3931 generum
773 3859 980 3914 vivendi
1009 3875 1116 3913 non
1143 3859 1354 3930 placere
1377 3875 1537 3914 unum
1559 3859 1840 3917 omnibus:

243 3965 302 4012 et
331 3963 508 4009 tamen
537 3953 695 4008 beata
727 3953 829 4006 vita
860 3953 1032 4022 placet
1061 3952 1326 4007 omnibus.
1354 3952 1493 4020 Quid
1523 3960 1605 4008 est
1633 3951 1755 4017 hoc,
1790 3962 1846 4008 ut

243 4063 370 4103 cum
400 4046 649 4101 omnibus
677 4061 785 4100 non
813 4044 1016 4116 placeat
1051 4059 1400 4116 quaecumque
1425 4043 1562 4112 vita,
1595 4043 1844 4100 omnibus

243 4142 459 4214 placeat
492 4140 646 4195 beata
675 4139 823 4194 vita?

319 4232 547 4290 CAPUT
583 4232 668 4287 IV.
701 4261 772 4272 —
808 4232 861 4286 4.
894 4230 1052 4286 Beata
1081 4232 1179 4286 vita
1207 4230 1329 4302 quid
1357 4231 1438 4284 sit.
1476 4229 1660 4284 Omnes
1685 4231 1846 4285 vivere

243 4326 453 4391 volunt,
485 4336 531 4380 et
568 4327 681 4380 sani
715 4341 838 4380 esse.
880 4324 1025 4395 Ergo
1053 4324 1401 4389 deliniamus,
1447 4323 1492 4378 si
1536 4337 1841 4394 possumus,

245 4419 460 4474 beatam
487 4418 646 4472 vitam
667 4457 680 4482 ,
713 4416 780 4472 de
805 4431 907 4488 qua
934 4430 1124 4471 omnes
1149 4414 1535 4483 respondeant,
1563 4413 1677 4470 Hoc
1701 4414 1841 4469 volo.

243 4512 384 4580 Quia
413 4526 540 4580 ergo
565 4525 723 4565 nemo
749 4518 864 4575 est,
898 4509 987 4579 qui
1028 4509 1384 4577 interrogatus
1418 4517 1592 4562 utrum
1630 4507 1843 4562 beatam

245 4605 411 4658 vitam
435 4602 580 4669 velit,
605 4602 768 4666 dicat,
800 4601 952 4666 Nolo,
981 4600 1268 4672 quaerimus
1294 4609 1471 4654 autem
1497 4615 1614 4670 quae
1639 4599 1708 4653 sit
1730 4599 1843 4668 ipsa

245 4697 356 4751 vita
386 4695 576 4759 beata;
607 4693 711 4748 tale
737 4692 934 4762 aliquid
966 4693 1188 4748 delinire
1217 4691 1477 4748 debemus
1497 4734 1513 4760 ,
1541 4691 1626 4746 cui
1653 4706 1844 4748 sensus

242 4789 424 4844 onmis
453 4787 789 4850 consentiat,
838 4793 891 4840 et
935 4784 1075 4854 quod
1106 4785 1284 4839 nullus
1313 4783 1490 4849 dicat,
1521 4784 1674 4839 Nolo.
1707 4784 1843 4854 Quid

244 4896 413 4952 ergo,
444 4878 636 4934 fratres
677 4877 816 4939 mei,
847 4877 973 4946 quid
1003 4885 1085 4930 est
1122 4875 1274 4930 beata
1303 4877 1406 4929 vita
1428 4918 1442 4943 ,
1473 4892 1630 4946 quam
1659 4875 1845 4930 volunt

244 4987 460 5040 omnes,
491 4982 544 5027 et
568 4986 671 5025 non
703 4967 902 5024 habent
923 4966 1149 5023 omnes?
1174 4967 1486 5035 Quaeramus
1506 4983 1652 5038 ergo.
1678 4967 1733 5022 Si
1759 4967 1844 5024 cui

245 5066 493 5133 dicatur,
529 5063 623 5118 Vis
659 5062 877 5117 vivere?
909 5060 1162 5131 numquid
1193 5061 1270 5114 sic
1299 5059 1474 5124 audit,
1507 5059 1774 5130 quomodo
1798 5061 1844 5116 si

248 5159 551 5220 diceretur,
585 5155 675 5208 Vis
703 5154 974 5209 militare?
1010 5152 1067 5207 ln
1097 5153 1182 5207 illa
1219 5153 1361 5208 enim
1406 5153 1840 5224 interrogatione,

247 5247 394 5320 quod
439 5255 554 5312 est,
590 5247 681 5300 Vis
712 5246 980 5300 militare?
1008 5242 1170 5315 aliqui
1198 5243 1328 5299 mihi
1367 5244 1640 5311 dicerent,
1674 5245 1840 5301 Volo:

248 5352 303 5399 ct
337 5341 473 5396 forte
511 5341 687 5410 plures
711 5380 726 5406 ,
758 5338 916 5393 Nolo.
948 5337 1005 5393 Si
1039 5345 1217 5392 autem
1256 5335 1464 5404 dicam,
1494 5336 1589 5392 Vis
1629 5337 1846 5393 vivere?

251 5448 384 5508 puto
427 5450 586 5491 nemo
614 5444 699 5490 est
735 5434 823 5504 qui
851 5433 1021 5498 dicat,
1053 5431 1206 5487 Nolo.
1237 5431 1435 5487 Omnes
1473 5435 1614 5486 enim
1659 5440 1845 5488 natura

255 5529 456 5584 habent
484 5527 700 5582 insitum
719 5567 732 5593 ,
759 5525 940 5580 vivere
966 5523 1137 5592 velle,
1169 5524 1306 5578 mori
1333 5522 1495 5578 nolle.
1532 5523 1661 5578 ltem
1691 5523 1736 5578 si
1767 5523 1846 5579 di-

317 5664 391 5725 (n)
423 5664 539 5712 ttinc
563 5675 723 5711 enarr.
749 5664 799 5711 in
823 5659 942 5725 Psal.
978 5660 1066 5720 49,
1088 5673 1138 5725 n.
1176 5659 1240 5709 9:
1275 5676 1296 5706 α
1320 5658 1563 5725 Attendite
1595 5665 1848 5722 Martyrum

258 5746 281 5776 α
309 5721 742 5776 uiuum-usitatum:
770 5724 870 5773 sola
903 5725 949 5773 in
987 5722 1331 5785 proximoquae
1367 5721 1537 5771 dicitur
1562 5721 1848 5770 alassa’can-

259 5810 283 5838 ιι
305 5789 450 5847 dida,
491 5787 600 5850 plus
621 5787 769 5837 habet
793 5800 935 5848 quam
973 5793 1169 5857 centum
1214 5786 1561 5857 quinquaginta
1584 5791 1686 5857 tres
1725 5797 1850 5857 uiar-

260 5871 282 5898 ιι
308 5859 462 5918 tyrcs.
484 5848 505 5894 ί
536 5858 800 5918 ἰίινυεειιιοε
818 5856 1089 5918 memorant
1111 5848 1303 5918 Pontius
1325 5860 1374 5918 in
1388 5848 1514 5898 Actis
1533 5853 1578 5898 S.
1604 5848 1844 5912 Cypriani,

252 5908 544 5968 Prudentius
562 5915 614 5965 iu
635 5913 810 5972 hymno
831 5913 975 5964 citato
995 5917 1046 5965 et
1062 5908 1412 5975 martyrologia.

1665 392 1897 450 SERMO
1931 389 2149 450 CCCVI.

3406 398 3548 456 “0‘3

1958 521 2096 562 eam.
2125 508 2218 564 Vis
2243 525 2404 568 sanus
2431 512 2594 568 esse?
2620 518 2748 583 puto
2777 521 2935 570 nemo
2957 521 3042 570 est
3064 513 3153 586 qui
3179 513 3342 583 dicat,
3369 513 3545 571 Nolo:

1958 615 2118 654 nemo
2147 602 2290 657 enim
2319 604 2432 659 vult
2457 605 2660 661 dolere.
2689 604 2900 661 Sanitas
2938 607 3097 662 etiam
3137 607 3189 662 in
3231 607 3392 663 divite
3421 623 3546 678 pre-

1961 693 2129 760 tiosa,
2163 704 2307 750 certe
2355 697 2408 751 in
2457 713 2688 768 paupere
2734 708 2816 753 est
2861 700 2993 753 sola.
3041 698 3146 755 Sed
3175 699 3299 770 quid
3332 699 3550 770 prodest

1958 786 2230 854 opulentia
2256 787 2437 855 diviti,
2462 791 2507 844 si
2534 790 2734 846 sanitas
2760 806 2870 846 non
2897 792 2966 847 sit
2995 791 3099 858 ibi,
3133 808 3252 863 qua:
3289 793 3546 863 patrimoc

1959 878 2103 932 nium
2130 887 2214 933 est
2239 881 2496 950 pauperi?
2529 883 2692 938 Valde
2721 884 2882 939 vellet
2923 883 3075 940 dives
3118 885 3310 940 lectum
3352 902 3546 958 argen-

1959 977 2102 1024 teum
2130 986 2250 1026 eum
2277 975 2528 1046 pauperis
2554 985 2762 1032 mutare
2784 978 2978 1046 cilicio,
3006 979 3051 1032 si
3082 988 3263 1048 posset
3288 981 3548 1050 aegritudo

1957 1062 2187 1134 migrare
2213 1080 2332 1120 eum
2364 1067 2522 1123 lecto.
2555 1067 2694 1125 Ecce
2721 1069 2789 1125 ad
2825 1070 2930 1125 duo
2973 1071 3071 1126 ista
3115 1074 3389 1128 consensit
3416 1074 3548 1128 mihi

1956 1157 2198 1211 omnium
2219 1173 2426 1226 sensus,
2449 1160 2610 1214 vitam
2633 1170 2686 1216 et
2705 1163 3008 1218 sanitatem.
3026 1163 3292 1233 Numquid
3308 1166 3546 1220 omnium

1956 1264 2146 1305 sensus
2192 1253 2462 1308 consensit
2499 1254 2565 1309 ad
2603 1255 2882 1311 militiam?
2912 1257 3167 1328 numquid
3208 1259 3445 1313 omnium
3480 1258 3546 1314 ad

1955 1343 2372 1412 agriculturam?
2417 1347 2675 1417 numquid
2717 1348 2957 1404 omnium
3004 1348 3071 1403 ad
3115 1349 3548 1420 navigationem?

1943 1434 2202 1491 \Omnium
2231 1436 2299 1492 ad
2329 1439 2488 1493 vitam
2519 1447 2574 1494 et
2601 1439 2903 1495 sanitatem.

2025 1526 2251 1585 CAPUT
2281 1529 2349 1585 V.
2374 1560 2445 1570 —
2469 1529 2601 1586 Cum
2636 1546 2764 1602 ergo
2793 1541 2876 1587 est
2914 1531 3072 1587 homo
3098 1533 3250 1588 vivus
3279 1541 3334 1589 et
3361 1549 3543 1601 sanus,

1954 1621 2156 1677 nihilne
2180 1623 2300 1693 plus
2327 1623 2560 1695 quierit?
2589 1623 2647 1681 Si
2676 1625 2843 1696 sapiat
2866 1668 2880 1692 ,
2909 1623 3047 1681 forte
3082 1625 3217 1682 nihil
3247 1626 3364 1698 plus
3387 1626 3548 1682 debet

1953 1730 2215 1784 quaerere.
2249 1715 2354 1773 Ubi
2382 1718 2524 1772 enim
2555 1728 2638 1774 est
2670 1717 2905 1789 perfecta
2933 1719 3038 1776 vita
3064 1729 3120 1775 et
3145 1721 3374 1790 perfecta
3401 1722 3546 1776 sani-

1955 1816 2034 1863 tas
2057 1852 2070 1875 ,
2102 1809 2148 1864 si
2187 1811 2444 1882 qumritur
2481 1812 2710 1884 amplius
2733 1854 2748 1881 ,
2777 1813 2905 1885 quid
2929 1813 3032 1870 erit
3055 1814 3155 1870 nisi
3183 1815 3370 1870 vitiosa
3397 1815 3548 1887 cupi-

1951 1902 2134 1960 ditas?

2024 2018 2080 2074 5.
2119 2015 2236 2072 Vita
2262 2019 2315 2074 in
2344 2018 2600 2075 doloribus
2627 2037 2731 2076 non
2760 2021 2963 2092 proprie
2991 2021 3113 2077 vita.
3151 2017 3269 2076 Vita
3295 2038 3397 2076 non
3431 2039 3548 2076 cen—

1953 2111 2142 2175 senda,
2171 2113 2268 2166 nisi
2294 2130 2406 2183 qua:
2436 2113 2597 2167 beata.
2632 2113 2912 2169 Habebunt
2936 2113 3098 2168 vitam
3129 2113 3181 2168 in
3209 2113 3550 2170 cruciationi-

1953 2203 2051 2259 bus
2077 2205 2244 2276 impii.
2286 2204 2458 2260 Veniet
2483 2207 2626 2262 enim
2655 2207 2810 2270 hora,
2837 2207 2976 2262 sicut
3004 2206 3348 2276 Evangelium
3378 2207 3549 2277 loqui-

1955 2302 2074 2360 tur,
2105 2297 2306 2366 quando
2351 2313 2522 2351 omnes
2566 2297 2652 2367 qui
2690 2305 2807 2350 sunt
2848 2297 2902 2350 in
2928 2298 3294 2361 monumentis,
3337 2298 3547 2353 audient

1951 2400 2119 2440 vocem
2147 2388 2254 2456 ejus
2283 2403 2302 2440 :
2328 2396 2375 2443 et
2403 2388 2670 2458 precedent
2697 2389 2782 2457 qui
2812 2387 2933 2441 bene
2955 2398 3196 2459 egerunt,
3233 2388 3288 2443 in
3313 2405 3544 2446 resurre-

1950 2479 2164 2531 ctionem
2191 2479 2304 2533 vita:
2320 2496 2339 2544 ;
2367 2479 2454 2550 qui
2481 2495 2595 2533 vero
2621 2480 2755 2534 male
2779 2489 3016 2552 egerunt,
3044 2480 3097 2534 in
3129 2481 3545 2536 resurrectionem

1943 2569 2132 2642 judicii
2159 2569 2334 2641 (Joan.
2353 2588 2405 2638 v,
2425 2571 2494 2627 28
2513 2571 2692 2642 8129).
2721 2573 2859 2643 Ergo
2878 2573 2948 2628 illi
2965 2573 3033 2628 ad
3057 2574 3350 2642 prmmium,
3373 2575 3446 2629 illi
3474 2574 3540 2628 ad

1952 2669 2279 2718 tormentum
2302 2678 2316 2728 ;
2339 2671 2394 2718 et
2413 2663 2624 2734 utrique
2645 2665 2847 2732 vivunt,
2873 2680 2971 2720 nec
2990 2664 3180 2735 aliquis
3200 2680 3384 2720 eorum
3407 2667 3544 2722 mori

1952 2761 2148 2822 potest.
2177 2752 2255 2807 llli
2287 2753 2375 2824 qui
2414 2754 2598 2809 vivunt
2638 2755 2688 2808 iu
2723 2755 2974 2824 praemio,
3007 2756 3396 2826 amplectuntur
3421 2756 3542 2811 dul-

1950 2845 2222 2900 cissimam
2254 2846 2418 2901 vitam
2449 2863 2463 2900 :
2491 2847 2578 2917 qui
2619 2856 2793 2902 autem
2825 2830 3007 2901 vivunt
3034 2847 3087 2901 in
3129 2856 3422 2914 tormento,
3453 2864 3546 2902 cu-

1952 2938 2104 3007 piunt
2123 2981 2137 3006 ,
2166 2939 2209 2993 si
2236 2939 2353 2995 ﬁeri
2381 2941 2546 3010 possit
2567 2981 2580 3002 ,
2610 2938 2762 2995 linire
2794 2940 2948 2994 talem
2979 2941 3173 3007 vitam;
3205 2952 3260 2998 et
3287 2957 3444 2997 nemo
3469 2943 3546 2996 eis

1951 3030 2041 3085 dat
2081 3031 2386 3097 interitum,
2423 3041 2480 3087 ut
2506 3048 2663 3088 nemo
2691 3033 2896 3088 auferat
2927 3035 3240 3089 cruciatum.
3282 3034 3387 3092 Sed
3426 3035 3546 3092 vide

1951 3124 2282 3195 Scripturam
2324 3127 2629 3198 loquentem
2670 3135 2724 3182 et
2753 3127 3145 3183 discernentem
3176 3145 3188 3183 :
3218 3144 3323 3183 non
3353 3138 3436 3183 est
3461 3129 3546 3183 di-

1949 3228 2107 3290 gnata
2143 3219 2298 3274 talem
2329 3221 2492 3274 vitam
2532 3234 2724 3274 vocare
2767 3220 2949 3273 vitam.
2995 3219 3052 3274 In
3093 3220 3444 3284 cruciatibus,
3494 3220 3545 3274 iu

1953 3311 2256 3379 tormentis,
2289 3311 2340 3366 in
2370 3310 2580 3382 ignibus
2608 3311 2946 3382 sempiternis
2973 3312 3144 3368 noluit
3171 3313 3438 3384 appellare
3465 3314 3545 3368 vi-

1953 3411 2058 3456 tam
2094 3420 2108 3457 :
2139 3411 2198 3456 ut
2224 3403 2397 3471 ipsum
2427 3419 2624 3458 nomen
2648 3403 2770 3457 vitm
2795 3403 2965 3459 laudis
2993 3404 3097 3471 sit,
3124 3419 3229 3459 uon
3264 3406 3544 3472 mteroris;

1952 3501 2009 3546 ut
2031 3492 2351 3561 ubicumque
2370 3493 2525 3548 audis
2548 3494 2731 3559 vitam,
2757 3503 3020 3550 tormenta
3041 3510 3147 3550 non
3169 3496 3390 3566 cogites.
3413 3497 3546 3553 Nam

1951 3581 2004 3637 in
2028 3582 2306 3636 tormentis
2328 3597 2447 3638 esse
2469 3597 2712 3653 semper,
2742 3593 2942 3638 aeterna
2978 3600 3122 3639 mors
3157 3594 3268 3653 est,
3307 3602 3412 3641 non
3443 3587 3545 3641 ali-

1951 3690 2052 3745 qua
2082 3675 2209 3731 vita.
2243 3676 2416 3745 Ipsam
2447 3685 2640 3732 vocant
2666 3678 2958 3748 Scripturte
2988 3691 3215 3734 mortem
3255 3679 3544 3736 secundam

1953 3766 2135 3842 (Apoc.
2160 3784 2218 3835 ιι,
2248 3769 2333 3834 ll,
2363 3777 2410 3824 et
2435 3785 2532 3835 xx,
2558 3769 2610 3831 6,
2641 3767 2763 3840 14),
2795 3778 2914 3839 post
2943 3769 3080 3825 hanc
3109 3771 3356 3840 primam,
3386 3787 3542 3842 quam

1951 3874 2139 3914 omnes
2163 3859 2408 3915 humana:
2430 3860 2719 3916 conditioni
2741 3860 3017 3916 debemus.
3041 3861 3109 3916 Et
3129 3877 3271 3916 mors
3288 3863 3541 3930 secunda,

1950 3960 2004 4006 et
2030 3966 2174 4006 mors
2200 3960 2450 4018 vocatur,
2486 3959 2541 4008 et
2565 3968 2723 4007 nemo
2759 3953 2830 4008 ibi
2864 3953 3108 4008 moritur.
3138 3952 3315 4009 Satius
3349 3963 3404 4010 et
3428 3970 3545 4010 mc-

1953 4043 2056 4099 lius
2076 4045 2325 4112 dixerim,
2356 4060 2514 4101 nemo
2541 4045 2612 4101 ibi
2635 4045 2778 4100 vivit.
2810 4045 2866 4100 ln
2890 4044 3159 4100 doloribus
3179 4047 3319 4102 enim
3341 4047 3543 4116 vivere,

1952 4152 2058 4192 non
2097 4145 2179 4192 est
2215 4138 2411 4193 vivere.
2446 4138 2513 4192 Et
2544 4137 2683 4193 unde
2713 4137 3000 4208 probamus
3039 4139 3117 4192 sic
3147 4138 3372 4194 locutam
3399 4139 3544 4195 Scri-

1951 4229 2202 4300 pturam?
2231 4229 2366 4284 Ecce
2410 4229 2582 4294 unde;
2613 4244 2677 4284 ex
2710 4229 2811 4285 hoc
2837 4229 3169 4295 testimonio,
3206 4231 3346 4300 quod
3385 4232 3545 4287 modo

1949 4322 2408 4377 commemoravi:
2449 4322 2668 4376 Audient
2709 4322 2841 4376 enim
2885 4337 3052 4376 vocem
3091 4323 3230 4392 eius,
3266 4323 3467 4395 inquit,
3499 4337 3545 4378 et

1951 4413 2221 4484 precedent
2246 4414 2332 4491 qui
2358 4412 2478 4468 bene
2506 4422 2732 4485 egerunt,
2760 4414 2812 4468 in
2834 4416 3245 4470 resurrectionem
3272 4419 3404 4471 vitae.
3428 4415 3542 4471 Non

1950 4504 2103 4570 dixit,
2136 4504 2312 4559 Beatae
2338 4505 2495 4571 vitae;
2531 4493 2658 4572 sed,
2685 4506 2740 4560 in
2767 4508 3182 4562 resurrectionem
3208 4508 3339 4562 vitae.

2021 4595 2250 4653 CAPUT
2277 4597 2364 4653 VI.
2391 4628 2463 4637 —
2489 4597 2672 4654 Solum
2701 4598 2823 4654 vita:
2847 4615 3043 4656 nomen
3074 4599 3234 4654 trahit
3259 4598 3544 4655 beatitudi-

1951 4705 2096 4746 nem.
2138 4688 2248 4745 Nisi
2287 4689 2430 4744 enim
2467 4700 2883 4761 consequentem
2916 4691 3136 4746 haberet
3163 4689 3540 4745 beatitudinem

1951 4797 2147 4837 nomen
2178 4781 2320 4847 vitzc,
2353 4795 2461 4836 non
2486 4779 2752 4836 diceretur
2777 4782 2921 4846 Deo,
2955 4780 3207 4848 Quoniam
3231 4783 3370 4850 apud
3399 4792 3446 4836 te
3472 4794 3542 4836 est

1950 4873 2066 4945 fons
2104 4874 2219 4928 vita:
2258 4872 2431 4943 (Psal.
2461 4889 2637 4941 xxxv,
2671 4874 2784 4946 l0).
2814 4873 2931 4928 Non
2957 4873 3098 4928 enim
3139 4882 3192 4928 et
3230 4873 3300 4928 ibi
3343 4875 3540 4930 dictmn

1950 4976 2064 5033 est,
2096 4968 2357 5036 Quoniam
2389 4968 2528 5039 apud
2568 4977 2620 5024 te
2661 4977 2743 5023 est
2777 4967 2896 5022 fons
2931 4966 3103 5022 beata}
3131 4967 3272 5022 vitae.
3301 4967 3415 5023 Non
3445 4967 3541 5022 ad-

1949 5059 2114 5126 didit,
2144 5060 2346 5127 bcatte;
2373 5058 2744 5116 tantummodo
2768 5057 2920 5123 dixit,
2949 5058 3081 5125 vitaz,
3112 5065 3172 5114 ut
3197 5067 3249 5112 tu
3279 5059 3542 5130 intelligas

1949 5153 2139 5210 beatae.
2168 5153 2384 5223 Quare?
2412 5153 2544 5221 Quia
2570 5152 2616 5206 si
2640 5151 2872 5219 miserae,
2899 5151 3008 5221 jam
3040 5165 3140 5208 nec
3165 5151 3306 5208 vitae.

2023 5246 2075 5302 6.
2105 5244 2254 5301 Idem
2280 5245 2559 5301 ostenditur
2582 5259 2645 5298 ea:
2669 5243 2771 5297 alio
2793 5242 3077 5313 Scriptum
3097 5241 3227 5298 loco.
3256 5241 3374 5297 Vita
3399 5243 3543 5298 beata

1953 5355 2054 5394 non
2083 5349 2156 5395 est
2174 5381 2188 5406 ,
2219 5339 2318 5393 nisi
2340 5347 2528 5392 aeterna
2555 5335 2639 5389 sit.
2669 5334 2809 5390 Ecce
2833 5335 2975 5390 aliud
3015 5335 3395 5392 testimonium.
3425 5335 3541 5390 Jam

1953 5433 2059 5488 duo
2089 5432 2337 5487 diximus.
2371 5429 2579 5484 Dictum
2609 5436 2691 5484 est
2718 5427 2860 5483 enim
2883 5470 2898 5496 ,
2931 5427 3030 5494 Qui
3068 5428 3189 5483 bene
3217 5437 3451 5500 egerunt,
3493 5429 3544 5482 in

1953 5525 2366 5580 resurrectionem
2389 5521 2504 5576 vitae
2529 5537 2550 5576 :
2573 5522 2699 5577 item
2726 5520 2924 5576 dictum
2951 5529 3052 5589 est,
3081 5521 3236 5592 Apud
3261 5531 3308 5576 te
3331 5530 3403 5576 est
3431 5524 3545 5594 fons

1953 5619 2088 5673 vitw.
2118 5616 2390 5686 Nusquam
2415 5611 2654 5669 additum
2693 5622 2803 5681 est,
2833 5613 3000 5669 beata:
3031 5630 3045 5669 :
3072 5612 3167 5669 sed
3197 5613 3308 5669 sola
3346 5613 3543 5668 intelli-

1955 5715 2092 5784 gitur
2121 5711 2229 5766 vita
2256 5725 2374 5780 quae
2400 5708 2591 5776 beata;
2619 5725 2739 5781 quae
2763 5717 2943 5764 autem
2968 5723 3074 5764 non
3096 5709 3271 5776 beata,
3299 5723 3397 5764 nec
3415 5709 3543 5764 vita.

1911 5815 1914 5818 '
1955 5806 2153 5877 Accipe
2181 5801 2324 5858 aliud
2353 5818 2536 5876 rursus
2566 5817 2630 5858 ex
2659 5800 2962 5873 Evangelio.
3008 5800 3168 5858 Dives
3210 5801 3300 5857 ille
3328 5801 3417 5872 qui
3446 5816 3546 5855 no-

1958 5899 2103 5959 lebat
2143 5895 2412 5956 dimittere
2443 5896 2586 5971 quod
2613 5895 2872 5965 habebat,
2916 5904 2970 5953 et
3004 5894 3070 5954 de
3113 5910 3292 5954 rerum
3329 5907 3544 5954 suarum
