4036 6436
537 557 992 635 εεὶιιιιιινεονοόο
1018 559 1072 615 in
1096 557 1184 615 illa
1209 571 1388 614 rerum
1415 571 1759 628 magnarum,
1802 552 1897 612 sed
1942 561 2121 609 tamen

539 662 876 710 terrenarum
901 648 1345 721 proﬁuentissima
1372 649 1523 718 copia
1565 663 1687 707 cum
1714 644 1998 718 gauderet,
2035 643 2123 699 in-

533 744 916 818 terpellabatur
954 743 1146 801 timore
1171 741 1390 808 mortis,
1419 751 1474 799 et
1508 741 1656 812 quasi
1696 738 1905 797 dicebat
1941 737 1992 795 ei
2026 749 2123 795 cor

532 852 713 904 suum,
746 837 883 893 Ecce
908 834 1107 907 gaudes
1132 836 1184 891 in
1210 834 1395 900 bonis,
1422 844 1477 893 et
1503 833 1682 895 nescis
1707 830 1920 905 quando
1943 830 2123 889 veniat

534 944 643 988 una
665 929 844 987 febris.
873 926 1115 1000 Colligis,
1142 928 1396 998 aequiris,
1425 940 1726 997 comparas,
1752 933 1807 983 et
1834 938 2039 987 servas,
2067 932 2123 979 et

531 1021 772 1094 gaudes:
799 1022 973 1079 anima
1005 1029 1093 1076 tua
1120 1021 1378 1091 repetitur
1404 1034 1433 1074 a
1460 1028 1549 1085 te;
1592 1019 1708 1077 haec
1742 1034 1862 1088 qua:
1900 1015 2120 1087 parasti,

532 1114 687 1186 cujus
713 1124 870 1172 erunt
900 1114 1053 1188 (Luc.
1079 1131 1168 1179 xu,
1192 1114 1326 1186 20)?
1360 1114 1472 1173 Hac
1502 1113 1842 1185 cogitatione,
1867 1119 2119 1184 quantum

532 1204 881 1277 intelligitur,
925 1221 1050 1263 cum
1096 1207 1240 1263 velut
1286 1204 1601 1277 quibusdam
1646 1203 1854 1261 timoris
1893 1203 2122 1263 stimulis

531 1312 680 1371 sepe
717 1308 1195 1372 compnngeretur,
1238 1297 1468 1357 accessit
1503 1297 1571 1353 ad
1610 1297 1929 1363 Dominum,
1964 1304 2019 1352 et
2046 1296 2123 1355 ait

530 1390 610 1450 illi
637 1410 651 1448 :
680 1391 923 1465 Magister
944 1393 1087 1455 bone,
1116 1392 1236 1463 quid
1256 1392 1463 1461 faciam,
1489 1401 1543 1445 ut
1567 1391 1718 1445 vitam
1740 1401 1980 1446 teter-nam
1999 1406 2121 1444 con-

528 1499 712 1556 sequar
738 1483 948 1555 (Matth.
978 1484 1232 1556 m,l6)?
1271 1483 1517 1539 Timebat
1548 1483 1715 1549 mori,
1748 1492 1801 1538 et
1829 1482 2119 1552 cogebatur

528 1574 687 1632 mori.
729 1574 844 1631 Non
885 1585 1002 1633 erat
1026 1591 1127 1646 qua
1168 1576 1288 1640 iret,
1311 1591 1378 1631 ne
1419 1574 1633 1644 periret.
1660 1572 2001 1643 Constipatus
2024 1588 2120 1628 ne-

527 1666 779 1726 nouitate
802 1665 1088 1735 moriendi,
1116 1675 1172 1729 et
1208 1666 1498 1736 cupiditate
1521 1665 1766 1729 vivendi,
1795 1664 2021 1721 accessit
2049 1664 2116 1723 ad

526 1759 811 1819 Dominum
841 1768 897 1816 et
925 1761 1035 1817 ait:
1062 1759 1306 1831 Hagister
1332 1757 1476 1825 bone,
1494 1758 1616 1831 quid
1643 1758 1851 1831 faciant,
1877 1766 1933 1811 ut
1964 1757 2119 1817 vitam

528 1862 770 1908 aeternam
802 1851 1125 1925 consequar?

598 1942 824 2007 CAPUT
854 1943 959 2000 VII.
982 1973 1056 1991 —--
1076 1942 1292 1998 Audivit
1321 1942 1460 1998 inter
1483 1950 1712 2009 caetera,
1742 1950 1802 1998 ut
1824 1941 1998 2012 potius
2024 1940 2112 1999 di-

526 2050 710 2093 camus
735 2035 875 2109 quod
899 2021 966 2091 ad
993 2050 1104 2093 rem
1133 2044 1450 2106 praesentem
1470 2034 1703 2106 pertinet
1727 2050 1740 2086 :
1772 2031 1833 2090 Si
1855 2033 1929 2088 vis
1953 2033 2118 2089 veriire

525 2130 597 2186 ad
638 2131 808 2194 vitam,
855 2146 999 2186 serva
1044 2129 1286 2184 mandata
1317 2120 1526 2200 (Matth.
1563 2144 1677 2193 xu,
1724 2122 1837 2197 l7).
1883 2124 1993 2182 Hoc
2032 2134 2119 2184 est

522 2222 669 2295 quod
700 2237 788 2279 me
812 2222 1051 2281 dixeram
1079 2222 1446 2292 probaturum.
1479 2219 1587 2277 Nec
1625 2221 1715 2278 ille
1752 2221 1842 2294 qui
1883 2220 2115 2276 interro-

522 2316 688 2391 gavit,
714 2315 867 2381 dixit,
899 2314 1034 2383 Quid
1059 2300 1267 2387 faciam,
1296 2322 1352 2369 ut
1376 2313 1531 2370 vitam
1560 2331 1841 2387 consequar
1874 2312 2112 2380 beatam;

525 2406 624 2465 sed
660 2406 1026 2467 tantummodo
1051 2407 1201 2463 vitam
1231 2406 1362 2462 dixit
1389 2417 1649 2461 (sternam.
1680 2402 1923 2461 Nolendo
1955 2404 2112 2470 mori,

523 2498 769 2571 quanivit
809 2498 970 2557 vitam
1016 2513 1138 2571 qua:
1179 2513 1285 2554 non
1325 2496 1488 2554 habet
1529 2498 1710 2554 linem.
1750 2496 1820 2552 Et
1856 2496 2115 2570 numquid

524 2603 655 2654 non,
679 2588 817 2647 sicut
840 2588 971 2656 dixi,
998 2588 1157 2671 etiam
1186 2590 1241 2644 in
1267 2589 1546 2645 tormentis
1571 2589 1854 2658 impiorum
1882 2592 1986 2644 vita
2009 2604 2113 2644 non

525 2680 689 2738 habet
717 2681 915 2739 linem?
952 2680 1059 2740 Sed
1101 2681 1239 2739 hanc
1277 2679 1366 2739 ille
1394 2697 1499 2739 non
1527 2681 1752 2738 vocabat
1776 2681 1957 2737 vitam.
1986 2682 2116 2751 Quae

524 2773 744 2829 essetin
772 2772 1045 2829 doloribus
1069 2780 1123 2830 et
1146 2774 1489 2836 cruciatibus,
1520 2773 1679 2830 vitam
1706 2789 1810 2829 non
1835 2787 1955 2829 esse
1979 2772 2118 2828 scic-

526 2864 619 2922 bat
643 2883 657 2921 :
685 2875 912 2922 mortem
946 2867 1122 2937 potius
1148 2866 1519 2937 appellandam
1553 2882 1675 2923 esse
1709 2874 1950 2923 noverat.
1994 2856 2116 2922 ideo

533 2958 698 3015 vitam
741 2965 996 3017 aeternam
1034 2959 1308 3031 quaerebat
1347 2976 1362 3014 :
1402 2967 1462 3015 ut
1490 2959 1577 3015 ubi
1619 2958 1723 3014 vita
1762 2958 2008 3024 auditur,
2048 2955 2116 3015 de

524 3050 852 3107 beatitudine
885 3067 990 3108 non
1020 3051 1310 3110 dubitatur.
1345 3053 1411 3109 Et
1444 3053 1700 3109 Dominus
1734 3048 1802 3109 ad
1832 3054 1978 3109 illum
2009 3070 2115 3108 non

526 3140 683 3207 dixit,
708 3141 764 3199 Si
793 3142 872 3197 vis
898 3140 1079 3197 venire
1107 3140 1175 3197 ad
1200 3142 1362 3198 vitam
1388 3143 1620 3211 beatam,
1647 3158 1800 3201 serva
1827 3144 2111 3200 mandata:

527 3233 623 3290 sed
648 3234 806 3290 etiam
838 3235 949 3307 ipse
975 3230 1145 3292 solam
1169 3236 1331 3292 vitam
1372 3238 1695 3306 nominavit,
1725 3247 1775 3294 et
1805 3236 1907 3306 ait,
1952 3236 2015 3295 Si
2041 3237 2115 3294 vis

526 3326 695 3384 venue
720 3327 792 3383 ad
818 3328 992 3395 vitam,
1023 3344 1167 3385 serva
1195 3329 1456 3388 mandata.
1494 3329 1636 3402 Ergo
1666 3328 1753 3386 illa
1788 3331 1892 3385 vita
1924 3330 1975 3385 in
2000 3337 2113 3393 tor-

525 3419 723 3476 mentis
751 3435 860 3475 non
881 3428 964 3476 est
986 3420 1126 3485 vita;
1166 3428 1223 3477 et
1248 3421 1334 3476 illa
1358 3421 1467 3476 vita
1500 3420 1611 3477 sola
1636 3430 1741 3489 est,
1779 3436 1897 3494 quae
1923 3421 2111 3479 beata:

525 3525 629 3569 nec
666 3510 822 3573 beata
850 3526 970 3570 esse
996 3520 1206 3584 potest,
1245 3513 1347 3569 nisi
1375 3511 1533 3571 fuerit
1562 3523 1783 3570 aeterna.
1823 3510 2112 3585 Propterea

526 3602 677 3661 dives
705 3604 793 3661 ille
829 3605 1005 3661 sciens
1031 3620 1091 3661 se
1124 3603 1448 3678 interpellari
1477 3604 1712 3677 quotidie
1746 3605 1938 3661 timore
1965 3621 2113 3660 mor-

525 3697 632 3765 tis,
678 3696 838 3752 vitam
882 3705 1135 3753 :eternam
1180 3697 1473 3771 quaerebat.
1511 3695 1644 3753 Nam
1679 3697 1839 3753 vitam
1876 3694 2109 3765 beatam,

526 3770 665 3843 sicut
700 3786 750 3842 ei
778 3785 1091 3854 videbatur,
1113 3770 1225 3858 jatn
1257 3785 1503 3844 habebat.
1537 3778 1665 3843 Erat
1695 3785 1838 3842 enim
1873 3785 2022 3842 dives
2059 3795 2115 3843 et

524 3893 708 3944 sanus,
733 3886 786 3934 et
804 3877 966 3934 credo
990 3878 1113 3950 quia
1138 3878 1350 3934 dicebat
1376 3878 1476 3934 sibi
1507 3897 1522 3937 :
1550 3874 1687 3934 Nihil
1715 3874 1838 3935 volo
1862 3874 2108 3950 amplius,

524 3970 571 4027 si
598 3971 765 4043 possit
788 3985 907 4027 esse
935 3980 1271 4045 perpetuum.
1313 3970 1555 4028 Habebat
1588 3972 1730 4027 enim
1768 3970 1924 4044 quasi
1960 3987 2110 4028 ama-

523 4062 660 4119 biles
706 4065 1041 4134 voluptates,
1093 4066 1218 4137 quia
1265 4065 1491 4120 satiabat
1536 4064 1725 4122 stultas
1768 4063 2108 4135 cupiditates.

525 4153 756 4211 Proinde
788 4138 1043 4212 Dominus
1072 4172 1178 4213 uno
1203 4162 1326 4211 eum‘
1354 4156 1569 4213 nomine
1592 4157 1735 4223 vitae,
1757 4157 1805 4212 si
1838 4156 1929 4213 ille
1956 4155 2112 4211 intel-

526 4244 679 4313 lexit,
703 4247 955 4301 correxit.
994 4232 1111 4304 Non
1137 4250 1230 4316 ait,
1272 4248 1327 4304 Si
1356 4248 1438 4304 vis
1471 4248 1655 4305 venire
1679 4247 1746 4304 ad
1776 4248 1938 4305 vitam
1959 4257 2115 4304 mter-

527 4352 682 4403 nam,
706 4352 861 4411 quam
894 4337 981 4395 ille
1004 4340 1305 4410 quaerebat,
1332 4340 1483 4412 quasi
1502 4339 1613 4412 jam
1639 4339 1842 4398 habens
1864 4341 2107 4399 beatam:

523 4444 624 4484 nec
648 4431 754 4497 ait,
782 4429 838 4487 Si
863 4430 945 4487 vis
974 4431 1157 4488 venire
1195 4431 1261 4487 ad
1300 4433 1461 4488 vitam
1490 4433 1732 4500 beatam;
1777 4433 1950 4492 sciens
1988 4435 2111 4507 quia

523 4520 571 4575 si
596 4521 791 4577 misera
818 4529 934 4586 est,
978 4535 1079 4576 nec
1104 4521 1210 4575 vita
1251 4522 1475 4578 dicenda
1517 4533 1601 4581 est
1631 4543 1645 4580 :
1675 4523 1771 4582 sed
1806 4527 1912 4590 ait,
1952 4525 2014 4584 Si
2038 4530 2113 4584 vis

432 4600 441 4613 ’
524 4612 691 4668 venire
713 4614 781 4667 ad
808 4614 996 4678 vitam;
1025 4612 1095 4667 ibi
1134 4621 1219 4670 est
1256 4622 1486 4682 aeterna,
1514 4610 1587 4672 ibi
1614 4615 1803 4687 beata;
1834 4616 1895 4674 Si
1920 4617 1994 4673 vis
2032 4635 2116 4674 ve-

528 4704 638 4759 nire
664 4705 733 4758 ad
757 4706 931 4769 vitam,
962 4721 1105 4761 serua
1132 4705 1397 4765 mandata.
1436 4706 1579 4780 Ergo
1605 4709 1735 4775 vita,
1762 4725 1880 4782 quae
1912 4719 2112 4767 teterna

527 4807 583 4856 et
607 4798 761 4855 beata
790 4817 803 4854 :
832 4800 955 4872 quia
994 4799 1041 4855 si
1081 4814 1188 4856 non
1228 4807 1462 4871 aeterna,
1487 4817 1589 4861 nec
1620 4802 1811 4872 beata;
1850 4803 1898 4863 si
1934 4815 2113 4863 autem

524 4901 725 4948 aeterna
751 4892 803 4947 in
832 4892 1026 4963 poenis,
1054 4907 1156 4951 nec
1182 4892 1313 4949 vita.

594 4972 824 5040 CAPUT
865 4968 997 5039 Vill.
1032 5014 1106 5027 —
1139 4985 1192 5043 7.
1231 4982 1348 5041 Vita
1384 5002 1503 5043 vera
1543 4993 1652 5055 est,
1689 5005 1804 5062 qua
1839 4998 2029 5047 aeterna
2064 5000 2114 5047 et

524 5072 689 5129 beata.
718 5073 796 5127 Ad
815 5074 1009 5130 beatam
1030 5075 1205 5146 vitam,
1227 5078 1510 5134 necessaria
1532 5080 1776 5137 ocrtitudo
1795 5082 2110 5140 aeternitatis.

524 5165 661 5235 Quid
689 5175 793 5233 est,
824 5166 1050 5224 fratres?
1074 5168 1207 5225 Cum
1246 5186 1540 5243 quaererem
1580 5181 1758 5229 utrum
1797 5174 2003 5233 velletis
2034 5177 2114 5233 vi-

526 5272 673 5325 vere,
704 5273 894 5315 omnes
922 5242 1325 5330 respondebatis
1345 5265 1485 5321 velle
1517 5281 1649 5333 vos;
1688 5276 1867 5324 utrum
1908 5269 2114 5327 velletis

524 5351 641 5405 sani
675 5365 814 5418 esse,
843 5366 1033 5407 omnes
1055 5355 1460 5425 respondebatis
1488 5359 1628 5416 velle
1644 5375 1760 5416 vos.
1786 5358 1894 5419 Sed
1913 5362 2113 5420 sanitas

526 5449 582 5498 et
608 5441 713 5498 vita
744 5442 792 5498 si
824 5443 1042 5500 timetur
1081 5460 1147 5503 ne
1186 5446 1437 5519 ﬁniatur,
1458 5448 1570 5522 jam
1596 5470 1703 5509 non
1730 5461 1815 5510 est
1842 5454 1966 5510 vita.
1997 5455 2112 5513 Non

527 5544 612 5591 est
639 5538 779 5593 enim
805 5553 1019 5612 semper
1050 5540 1233 5598 vivere
1251 5585 1266 5611 ,
1294 5545 1388 5601 sed
1413 5560 1626 5618 semper
1651 5550 1855 5607 timere.
1887 5550 1943 5608 Si
1967 5544 2111 5609 sem-

531 5640 622 5696 per
643 5627 851 5697 timere,
874 5646 1086 5703 semper
1104 5634 1347 5692 cruciari.
1372 5637 1426 5693 Si
1448 5642 1713 5701 cruciatus
1734 5644 2110 5718 sempiternus,

533 5718 619 5774 ubi
643 5722 747 5775 vita
773 5724 1012 5781 aeterna?
1039 5726 1304 5787 Tenemus
1329 5742 1473 5789 certe
1495 5752 1598 5791 non
1621 5753 1740 5794 esse
1763 5738 1988 5808 beatam,
2013 5742 2114 5798 nisi

528 5812 693 5871 vitam
733 5822 1024 5901 teternam;
1055 5819 1164 5878 imo
1191 5812 1304 5881 non'
1324 5840 1445 5886 esse
1478 5829 1724 5898 beatam,
1767 5833 1869 5889 nisi
1907 5835 2109 5895 vitam:

1761 342 1817 397 S.
1859 335 2227 396 AUGUSTlNl
2269 336 2569 397 liPlSCOl'l

414 512 431 521 -
534 468 830 529 adsiliens
850 463 1239 535 Indignabatur,
1268 478 1400 535 quas
1423 462 1703 527 moriendo
1728 461 1999 527 dimittere
2022 473 2118 517 co-

3679 363 3820 423 1404

2223 459 2348 531 quia
2375 458 2552 559 sinon
2582 474 2804 537 aeterna,
2830 476 2887 529 et
2912 471 2960 529 si
2988 484 3094 530 non
3122 487 3244 535 eum
3269 477 3518 539 satietate
3535 493 3813 559 perpetua,

2222 556 2405 624 procul
2439 556 2601 617 dubio
2629 575 2729 619 nec
2755 561 2942 636 beata,
2973 581 3072 623 nec
3115 568 3244 628 vita.
3273 571 3600 644 invenimus,
3631 556 3823 639 omnes

2223 651 2581 713 consentiunt.
2611 652 2912 715 invenimus
2938 658 3095 728 plane
3126 664 3179 721 in
3201 664 3550 735 cogitatione,
3581 672 3822 732 nondum

2224 740 2280 796 in
2305 746 2663 815 possessione.
2696 748 2822 805 Haec
2843 760 2927 809 est
2954 756 3221 825 possessio
3257 774 3417 831 quam
3453 778 3644 823 omnes
3670 783 3822 839 qtae-

2223 843 2351 931 runt
2380 854 2394 891 :
2423 852 2582 895 nemo
2607 847 2690 901 est
2710 841 2800 913 qui
2828 857 2934 899 non
2963 857 3188 917 quaerat.
3221 848 3391 907 Malus
3415 855 3506 924 sit,
3534 856 3710 915 bonus
3728 864 3820 931 sit,

2225 922 2395 1021 ipsam
2420 928 2615 1021 quaerit
2634 947 2648 985 :
2670 930 2765 989 sed
2791 932 2961 1005 bonus
2988 935 3232 1007 ﬁdenter,
3265 943 3434 1000 malus
3459 922 3819 1021 impudenter:

2224 1014 2362 1085 Quid
2386 1019 2578 1115 quaeris
2603 1019 2824 1090 bonum,
2850 1026 3028 1107 male?
3055 1027 3245 1089 Nonne
3273 1033 3364 1090 tibi
3391 1014 3687 1115 respondet
3707 1043 3821 1115 ipsa

2225 1110 2507 1180 postulatio
2530 1119 2638 1178 tua,
2663 1128 2818 1186 quam
2845 1117 2919 1173 sis
2941 1118 3235 1199 improbus,
3259 1139 3377 1183 cum
3400 1110 3598 1201 quaeris
3618 1110 3820 1190 bonum

2222 1198 2431 1256 malus?
2457 1201 2643 1261 Nonne
2665 1221 2777 1292 rem
2803 1211 2999 1279 quteris
3020 1198 3292 1270 alienant?
3318 1215 3373 1273 Si
3398 1198 3527 1292 ergo
3546 1236 3822 1283 summum

2222 1290 2421 1349 bonum
2451 1299 2666 1368 quaeris,
2698 1284 2803 1356 hoc
2824 1311 2926 1371 est,
2955 1305 3151 1372 vitam;
3182 1294 3356 1367 bonus
3379 1284 3514 1381 esto,
3542 1324 3601 1371 ut
3628 1318 3695 1373 ad
3728 1320 3823 1373 bu-

2223 1400 2350 1440 num
2379 1392 2676 1457 pervenias.
2707 1394 2769 1448 Si
2796 1396 2867 1450 vis
2894 1399 3063 1455 venire
3086 1386 3157 1457 ad
3181 1404 3355 1470 vitam,
3384 1423 3529 1477 serva
3549 1413 3819 1467 mandata.

2220 1479 2358 1536 Cum
2408 1492 2584 1541 autem
2635 1491 3032 1558 pervenerimus
3082 1492 3150 1549 ad
3199 1496 3394 1567 vitam,
3443 1502 3569 1572 quid
3622 1503 3818 1560 addam

2221 1576 2517 1668 aeternam?
2545 1577 2669 1649 quid
2713 1580 2904 1638 addam
2946 1583 3201 1644 beatam?
3243 1590 3411 1648 semel
3454 1594 3655 1665 vitam,
3695 1600 3820 1668 quia

2221 1663 2335 1737 ipsa
2364 1676 2446 1725 est
2472 1669 2577 1726 vita
2596 1712 2613 1737 ,
2639 1687 2758 1747 quze
2786 1681 2842 1731 et
2866 1684 3063 1732 aeterna
3093 1688 3148 1734 et
3174 1680 3323 1738 beata
3354 1701 3369 1739 ;
3402 1700 3523 1743 cum
3552 1663 3819 1759 pervehe-

2219 1758 2387 1817 rimus
2415 1761 2481 1817 ad
2510 1762 2667 1819 vitam
2687 1807 2702 1832 ,
2733 1776 2937 1823 certum
2965 1769 3118 1826 nobis
3146 1773 3249 1829 erit
3286 1773 3340 1831 in
3376 1792 3438 1831 ea
3474 1758 3573 1833 nos
3600 1795 3821 1850 semper

2220 1849 2448 1909 futuros.
2478 1854 2609 1911 Nam
2640 1859 2683 1912 si
2714 1860 2914 1942 erimus
2954 1861 3057 1931 ibi,
3085 1874 3139 1920 et
3166 1874 3340 1923 utrum
3372 1868 3445 1924 ibi
3485 1886 3706 1942 semper
3726 1849 3818 1931 l’u-

2220 1946 2323 2009 turi
2352 1945 2541 2016 simus,
2574 1950 2762 2009 incerti
2792 1938 3027 2023 erimus;
3054 1958 3212 2017 etiam
3242 1960 3311 2015 ibi
3342 1962 3444 2017 erit
3471 1938 3649 2020 timor.
3681 1967 3748 2022 Et
3771 1970 3818 2024 si

2218 2039 2321 2095 erit
2352 2042 2531 2111 timor,
2559 2045 2826 2101 cruciatus
2849 2047 2972 2116 erit,
3001 2063 3104 2105 non
3127 2051 3324 2122 carnis,
3356 2052 3474 2122 sed,
3498 2057 3642 2127 quod
3666 2060 3818 2129 pejus

2219 2140 2322 2200 cst,
2345 2133 2542 2217 cordis.
2574 2134 2676 2192 Ubi
2703 2145 2879 2194 autem
2907 2141 3190 2209 cruciatus,
3221 2159 3340 2216 qua:
3365 2145 3679 2205 beatitudo?
3707 2150 3819 2206 Erit

2218 2240 2347 2297 ergo
2373 2227 2526 2282 ttobis
2556 2238 2758 2285 certum
2786 2232 2908 2303 quia
2937 2220 2990 2289 in
3018 2234 3105 2290 illa
3136 2236 3239 2291 vita
3266 2252 3483 2313 semper
3507 2242 3731 2310 erimus,
3764 2252 3819 2300 et

2217 2331 2337 2374 eam
2370 2317 2524 2375 linire
2563 2336 2669 2377 non
2706 2324 2996 2393 poterimus
3028 2344 3041 2383 :
3074 2328 3198 2399 quia
3227 2328 3283 2386 in
3323 2330 3468 2387 illius
3505 2348 3675 2407 regno
3713 2337 3818 2392 eri~

2219 2425 2339 2465 mus
2358 2454 2373 2479 ,
2417 2410 2630 2497 dequo
2668 2414 2868 2474 dictum
2893 2425 3011 2489 est,
3049 2419 3113 2492 Et
3141 2424 3285 2496 regni
3311 2425 3424 2501 ejus
3449 2443 3553 2483 non
3580 2430 3675 2483 erit
3698 2430 3817 2500 ﬁnis

2223 2498 2375 2587 (Luc.
2392 2518 2420 2587 ⁵ι
2436 2544 2449 2568 ,
2479 2501 2591 2587 55).

2288 2584 2517 2649 CAPUT
2544 2584 2637 2650 1X.
2659 2626 2732 2638 —
2748 2597 2817 2654 Et
2839 2598 3062 2671 gloriam
3086 2612 3393 2662 sanctorum
3421 2608 3551 2675 Dei,
3586 2626 3814 2682 quorum

2218 2698 2367 2775 mors
2396 2694 2478 2741 est
2520 2689 2751 2758 pretiosa
2781 2691 2834 2747 in
2878 2706 3171 2766 conspectu
3202 2697 3318 2769 ejus
3338 2741 3353 2765 ,
3382 2716 3505 2757 cum
3539 2702 3813 2775 Sapientia

2218 2770 2631 2845 demonstraret,
2663 2780 2755 2846 ait,
2788 2783 2928 2839 sicut
2957 2785 3010 2840 in
3057 2786 3162 2842 line
3192 2788 3434 2846 lectionis
3462 2770 3713 2862 audistis,
3750 2797 3813 2857 Et

2217 2867 2445 2959 regnabit
2486 2885 2657 2925 eorum
2688 2868 2938 2929 Doniinus
2980 2876 3032 2930 in
3063 2888 3361 2950 perpetuum
3412 2880 3565 2956 (Sap.
3601 2902 3695 2954 tu,
3729 2888 3808 2959 8).

2218 2956 2433 3014 Erimus
2459 2976 2587 3033 ergo
2614 2962 2666 3017 in
2711 2979 2876 3035 regno
2902 2982 3095 3039 magno
3121 2980 3175 3025 et
3199 2973 3564 3043 sempiterno;
3608 2989 3665 3033 et
3691 2956 3813 3037 ideo

2218 3064 2413 3123 tnagno
2438 3061 2492 3108 et
2514 3057 2841 3126 sempiterno
2857 3098 2875 3127 ,
2903 3056 3026 3130 quia
3048 3060 3215 3132 justo.

2289 3140 2343 3200 8.
2375 3143 2421 3200 Α
2447 3145 2687 3217 felicitate
2734 3150 2878 3222 regni
2904 3149 3003 3207 Dei
3044 3155 3223 3226 procul
3261 3158 3576 3229 suspiciones
3625 3162 3809 3235 falae,

2217 3252 2331 3307 qua:
2356 3235 2439 3290 hic
2466 3248 2582 3292 sunt
2625 3241 2766 3313 origo
2812 3244 3083 3299 malorum.
3114 3246 3283 3303 Nemo
3314 3248 3447 3305 fallit
3495 3252 3603 3319 ibi,
3654 3271 3810 3312 nemo

2217 3328 2454 3386 fallitur:
2489 3349 2593 3388 non
2621 3343 2703 3389 est
2730 3335 2838 3392 illic
2866 3347 2922 3393 ut
2942 3339 3080 3395 male
3104 3341 3391 3414 suspiceris
3417 3342 3485 3400 de
3512 3346 3674 3402 inure
3696 3356 3807 3406 tuo.

2216 3420 2478 3494 Pleraque
2493 3422 2633 3479 enim
2653 3425 2789 3481 mala
2805 3429 3016 3499 generis
3033 3428 3246 3486 humani
3270 3449 3374 3488 non
3396 3434 3611 3493 aliunde
3625 3438 3811 3495 oriun-

2216 3522 2338 3581 tur,
2385 3514 2485 3571 nisi
2516 3515 2582 3572 de
2617 3519 3007 3590 suspicionibus
3051 3520 3220 3580 falsis.
3247 3522 3437 3582 Credis
3478 3526 3547 3583 de
3588 3528 3811 3587 homine

2215 3604 2357 3678 quod
2382 3605 2555 3662 oderit
2585 3617 2635 3665 te
2656 3651 2671 3677 ,
2705 3608 2794 3682 qui
2821 3610 2956 3669 forte
2981 3622 3124 3670 amat
3150 3625 3236 3682 te;
3261 3625 3314 3671 et
3344 3634 3439 3688 per
3466 3635 3681 3688 pravam
3714 3638 3809 3678 su-

2216 3696 2507 3768 spicionem
2540 3697 2604 3754 iis
2636 3698 3037 3765 inimicissimus
3065 3706 3409 3764 amicissimo.
3442 3704 3579 3779 Quid
3606 3711 3767 3769 faciat
3790 3757 3807 3782 ,

2215 3790 2300 3845 cui
2336 3806 2442 3846 non
2485 3790 2695 3863 credis,
2739 3805 2792 3851 et
2818 3811 2915 3853 cor
2939 3812 3094 3855 suum
3142 3800 3235 3857 tibi
3283 3802 3657 3862 demonstrare
3701 3824 3807 3863 non

2212 3878 2395 3971 valet?
2426 3878 2684 3954 Loquitur
2712 3885 2803 3942 tibi
2840 3887 3022 3945 dicens
3042 3933 3058 3960 ,
3086 3892 3224 3949 Amo
3250 3902 3319 3950 te.
3344 3893 3447 3951 Sed
3473 3899 3597 3968 quia
3629 3910 3812 3971 posset

2215 3972 2311 4029 tibi
2336 3966 2437 4031 hoc
2461 3974 2640 4033 dicere
2665 3987 2719 4033 et
2744 3982 3007 4037 mentiens
3035 3984 3121 4054 (ea
3145 3995 3270 4040 sunt
3292 3987 3432 4042 enim
3462 3966 3807 4048 verba‘men-

2215 4067 2418 4134 tientis,
2444 4080 2562 4140 qua:
2591 4087 2712 4126 vera
2742 4072 2990 4147 dicentis)
3015 4116 3029 4142 ,
3061 4092 3166 4132 non
3193 4079 3463 4135 credendo
3492 4082 3670 4140 adhuc
3695 4086 3808 4141 odi-

2215 4159 2305 4213 sti.
2338 4158 2460 4215 ldeo
2485 4175 2732 4220 securum
2760 4172 2812 4219 te
2838 4163 3014 4221 facere
3041 4168 3206 4224 voluit
3244 4170 3311 4225 ab
3336 4187 3401 4227 eo
3429 4184 3684 4243 peccato,
3716 4178 3807 4248 qui

2214 4250 2309 4343 tibi
2356 4251 2525 4320 dixit,
2581 4253 2785 4328 Diligite
2813 4256 3041 4314 inimicos
3084 4271 3273 4319 vestros
3321 4261 3534 4337 (Matth.
3566 4284 3640 4334 v,
3691 4268 3804 4343 44).

2214 4336 2515 4400 Christiane
2535 4386 2549 4412 ,
2577 4345 2738 4418 dilige
2765 4355 2816 4403 et
2852 4349 3096 4407 inimicos
3121 4358 3275 4419 tuo‘s,
3304 4336 3371 4410 ne
3396 4356 3644 4417 incautus
3674 4336 3808 4416 ode-

2214 4436 2289 4492 ris
2319 4436 2376 4492 et
2401 4438 2621 4496 amicos.
2656 4434 2830 4497 Corda
2858 4458 2985 4514 ergo
3028 4455 3209 4500 nostra
3241 4448 3291 4501 in
3324 4448 3423 4505 hac
3468 4452 3579 4507 vita
3623 4454 3808 4510 videre

2214 4545 2321 4585 non
2364 4534 2679 4602 possumus,
2725 4535 2883 4591 donec
2923 4538 3088 4593 veniat
3135 4539 3415 4610 Dominus,
3463 4551 3513 4598 et
3554 4544 3809 4600 illuminat

2214 4620 2511 4679 abscondita
2563 4626 2921 4695 tenebrarum,
2982 4637 3029 4684 et
3082 4630 3422 4702 ntanifestabit
3477 4638 3808 4708 cogitationes

2214 4717 2423 4785 cordis;
2452 4728 2499 4774 et
2529 4728 2649 4774 tunc
2677 4720 2788 4776 laus
2817 4722 2910 4777 erit
2936 4722 3203 4796 unicuique
3227 4743 3260 4779 a
3281 4725 3390 4783 Deo
3417 4726 3461 4801 (Ι
3481 4728 3603 4785 Cor.
3624 4747 3701 4793 tv,
3724 4734 3806 4802 ὅ).

2286 4807 2511 4867 CAPUT
2540 4809 2610 4867 Χ.
2632 4843 2703 4853 -
2721 4812 2775 4870 9.
2809 4811 2955 4883 Vitae,
2986 4824 3039 4869 ut
3065 4816 3132 4870 sit
3160 4819 3323 4884 beata,
3346 4819 3524 4876 adesse
3552 4822 3697 4878 debet
3726 4842 3808 4878 ue-

2214 4901 2341 4957 ritas
2365 4910 2412 4956 et
2436 4902 2713 4959 amicorum
2742 4906 2960 4979 cognitio
2991 4907 3099 4962 sine
3123 4919 3255 4964 metu
3292 4910 3621 4981 deceptionis.
3670 4914 3811 4986 Ergo

2215 4994 2260 5051 si
2288 4995 2407 5068 quis
2435 4992 2589 5052 nobis
2620 4995 2778 5053 modo
2805 4997 3040 5066 diceret,
3081 5000 3166 5057 cui
3198 5002 3379 5072 procul
3420 5002 3585 5060 dubio
3614 5006 3807 5062 credo-

2215 5104 2432 5160 remus,
2461 5088 2506 5146 sl
2548 5088 2813 5162 Propheta
2856 5092 3092 5163 diceret,
3121 5095 3165 5150 si
3214 5095 3355 5151 Deus
3392 5098 3666 5169 quomodo
3693 5102 3806 5155 vel-

2215 5181 2325 5250 let,
2353 5192 2409 5240 et
2433 5200 2527 5254 per
2549 5200 2708 5255 quem
2734 5186 2922 5253 vellet,
2956 5184 3157 5245 diceret
3189 5206 3203 5242 :
3238 5180 3409 5244 Vivite
3435 5191 3650 5257 securi,
3692 5208 3814 5246 om-

2216 5274 2304 5330 nia
2330 5275 2482 5332 vobis
2509 5274 2876 5353 abundabunt,
2896 5293 3054 5333 nemo
3079 5289 3313 5335 vestrum
3342 5281 3624 5347 morietur,
3648 5299 3812 5338 nemo

2217 5366 2495 5439 aegrotabit
2516 5410 2533 5439 ,
2562 5380 2719 5423 nemo
2748 5364 2980 5437 dolebit;
3012 5369 3201 5426 abstuli
3249 5374 3472 5426 mortem
3517 5373 3585 5427 de
3609 5389 3811 5443 genere

2217 5461 2488 5530 humano,
2520 5463 2646 5519 nolo
2677 5463 2955 5536 quisquam
2981 5463 3271 5530 moriatur,
3301 5463 3344 5519 si
3385 5464 3622 5529 diceret;
3654 5466 3811 5538 quasi

2217 5557 2391 5614 securi
2420 5554 2541 5612 iacti
2586 5556 3007 5622 cxsultaremus,
3038 5567 3092 5611 et
3121 5556 3246 5612 nihil
3287 5556 3516 5628 amplius
3558 5560 3811 5628 require-

2216 5665 2418 5707 remus.
2448 5650 2538 5707 Sic
2559 5649 2713 5705 nobis
2740 5646 2951 5705 videtur
2975 5648 3209 5705 omnino.
3238 5649 3295 5705 Si
3322 5649 3425 5706 hoc
3448 5651 3766 5705 audiremus
3791 5691 3808 5715 ,

2219 5745 2472 5801 continuo
2502 5745 2757 5800 vellemus
2795 5750 2850 5800 et
2876 5743 2976 5799 hoc
3002 5730 3155 5800 nobis
3180 5744 3335 5812 addi,
3369 5754 3425 5799 ιιι
3450 5745 3613 5800 corda
3660 5745 3707 5798 in
3720 5761 3807 5799 rt-

2221 5852 2337 5895 cetn
2380 5837 2719 5907 videremus,
2750 5851 2851 5895 nec
2894 5836 3288 5903 invideremus;
3317 5847 3375 5893 ut
3418 5853 3527 5893 non
3570 5837 3809 5894 human
