4108 6326
279 408 430 472 ηοξ

279 526 621 600 suspicione,
664 511 758 577 sed
803 513 978 572 divina
1018 509 1244 567 veritate
1283 503 1624 560 videremus:
1656 513 1722 552 ne
1768 511 1855 551 es-

278 597 401 678 seni
438 615 696 672 sollicitus
723 611 792 666 de
818 607 992 664 amico
1016 616 1136 658 meo
1155 643 1170 668 ,
1197 599 1264 655 de
1287 597 1464 654 vicino
1488 608 1608 649 meo
1629 635 1642 657 ,
1669 605 1736 644 ne
1777 604 1860 644 me

281 713 523 778 odisset,
565 723 632 770 ne
657 705 785 762 mihi
813 702 1011 758 malum
1039 697 1231 763 vellet,
1258 703 1313 750 et
1353 695 1467 762 ipsa
1503 687 1861 746 sollicitudine

283 807 436 879 prius
476 801 672 858 malum
712 798 974 859 facerem,
1016 806 1172 863 quam
1219 796 1448 861 paterer.
1494 784 1862 852 Qumreremus

283 874 391 952 hoc
421 895 535 949 sine
560 890 750 954 dubio,
779 899 1140 959 qurereremus
1181 889 1381 936 certam
1408 878 1568 934 vitam
1591 916 1605 941 ,
1633 884 1686 930 ct
1724 874 1860 930 invi-

281 1005 404 1045 crm
444 983 797 1056 cognitionem
823 978 1062 1034 cordium
1102 983 1423 1030 nostrorum.
1451 969 1568 1026 Jam
1605 968 1749 1026 enim
1777 967 1861 1022 in-

283 1079 522 1149 tt-lligitis
540 1091 696 1147 quam
723 1073 893 1130 dicam
919 1070 1112 1131 vitam;
1136 1081 1202 1122 ne
1226 1063 1420 1135 smpius
1443 1057 1864 1118 commendando

281 1171 575 1228 obtundam
605 1168 779 1239 potius
803 1180 960 1238 quam
988 1165 1263 1220 instruam.
1295 1159 1437 1229 Ergo
1459 1157 1581 1212 vita:
1609 1155 1863 1210 vellemus

279 1269 405 1322 a-ldi
439 1267 739 1328 veritatem,
768 1273 826 1320 ut
851 1261 1011 1318 corda
1041 1269 1222 1316 nostra
1247 1257 1471 1313 invicem
1499 1268 1861 1318 posceremus,

282 1377 352 1415 ne
385 1358 584 1414 nostris
624 1355 1011 1428 suSpicionibus
1041 1352 1348 1410 falleremur
1379 1364 1393 1403 :
1427 1357 1483 1404 ut
1505 1347 1572 1403 de
1616 1346 1729 1417 ipsa
1759 1345 1865 1400 vita

281 1461 541 1524 perpetua
563 1491 577 1516 ,
610 1449 751 1521 quod
777 1449 846 1506 ab
875 1462 936 1504 ea
966 1461 1074 1506 non
1101 1443 1413 1501 caderemus
1442 1440 1572 1496 certi
1602 1454 1861 1509 essemus.

279 1545 436 1602 Adde
465 1546 589 1616 vitae
618 1542 914 1605 veritatem,
944 1549 999 1596 et
1027 1537 1231 1595 invenis
1258 1535 1416 1590 vitam
1441 1534 1673 1590 beatam.
1699 1529 1866 1585 Nemo

279 1640 428 1696 enim
455 1639 568 1693 vult
597 1637 730 1703 falli,
756 1633 1026 1706 quomodo
1051 1645 1157 1688 non
1185 1631 1299 1686 vult
1328 1629 1482 1684 mori.
1513 1628 1585 1682 Da
1612 1624 1738 1679 mihi
1767 1623 1865 1676 ho-

279 1731 486 1786 minem
511 1729 598 1799 qui
641 1727 748 1784 falli
778 1725 926 1782 velit.
959 1723 1056 1792 Qui
1089 1722 1270 1779 fallere
1298 1720 1496 1786 velint,
1528 1731 1685 1788 quam
1718 1714 1866 1768 multi

279 1822 630 1878 inveniuntur
663 1837 676 1875 :
707 1819 798 1891 qui
829 1817 938 1874 falli
966 1817 1129 1883 velit,
1158 1827 1334 1874 nemo.
1370 1810 1642 1881 Compone
1669 1817 1863 1863 tecum.

277 1915 399 1970 Non
428 1916 511 1970 vis
539 1914 670 1981 falli,
696 1913 802 1968 noli
827 1909 1012 1966 fallere
1044 1926 1058 1964 :
1090 1907 1230 1980 quod
1256 1907 1364 1977 pati
1390 1915 1494 1960 nan
1521 1903 1620 1967 vis,
1649 1900 1757 1956 noli
1787 1899 1868 1954 fa-

279 2026 432 2066 cere.
461 2008 556 2065 Vis
581 2008 763 2063 venire
785 2005 852 2062 ad
877 2005 1040 2060 vitam
1065 2002 1156 2058 ubi
1181 2015 1285 2056 non
1317 1998 1516 2054 fallaris
1537 2037 1552 2062 ,
1583 2010 1680 2066 age
1708 1992 1868 2048 modo

278 2106 450 2160 vitam
481 2103 572 2160 ubi
615 2116 720 2158 non
753 2099 926 2156 fallas.
965 2097 1060 2153 Vis
1088 2095 1270 2152 venire
1299 2093 1364 2148 ad
1395 2092 1589 2154 vitam,
1624 2087 1713 2144 ubi
1763 2100 1866 2141 non

281 2197 526 2256 fallaris?
552 2196 671 2266 quis
699 2192 871 2250 nolit?
903 2191 1140 2248 Delectat
1165 2201 1404 2252 merces;
1432 2198 1538 2240 non
1567 2180 1867 2250 dedigneris

280 2303 443 2360 opus,
463 2286 615 2356 cujus
639 2297 846 2340 merces
867 2290 969 2338 est.
1004 2281 1115 2349 Age
1147 2277 1304 2334 modo
1331 2278 1516 2339 vitam,
1533 2272 1621 2328 ubi
1649 2286 1753 2326 non
1776 2269 1869 2324 fal-

282 2380 399 2444 las;
423 2388 476 2434 et
503 2377 685 2432 venies
713 2374 780 2430 ad
810 2373 992 2437 vitam,
1015 2372 1104 2428 ubi
1129 2384 1236 2424 non
1267 2367 1483 2423 fallaris.
1514 2363 1700 2420 Veraci
1730 2377 1870 2416 mer-

284 2485 382 2526 ces
403 2467 656 2526 reddetur
670 2466 884 2529 veritas,
900 2471 956 2519 et
976 2461 1337 2532 temporaliter
1357 2458 1493 2514 bene
1512 2453 1708 2511 viventi
1731 2467 1871 2507 mer-

285 2575 381 2617 ces
407 2559 660 2616 reddetur
685 2557 974 2613 asternitas.

362 2651 451 2706 10.
494 2650 588 2704 Via
611 2649 678 2703 ad
704 2649 858 2704 vitam
885 2656 934 2703 et
958 2646 1213 2703 veritatem
1237 2640 1483 2699 Christus.
1523 2637 1667 2693 Viam
1692 2637 1873 2691 duram

289 2749 404 2812 post
449 2741 703 2796 Christum
735 2747 994 2794 tenuerunt
1042 2744 1317 2806 martyres,
1352 2741 1399 2787 et
1445 2730 1586 2787 nobis
1613 2729 1870 2784 Iinierunt.

288 2833 436 2905 Ergo
457 2847 646 2889 omnes
669 2831 770 2886 hoc
796 2830 1060 2895 volumus,
1082 2827 1291 2890 fratres,
1310 2825 1472 2879 vitam
1497 2830 1552 2878 et
1573 2821 1870 2878 veritatem.

287 2927 400 2982 Sed
428 2942 529 2996 qua
559 2924 821 2987 venimus,
845 2939 945 2994 qua
975 2921 1143 2976 imus?
1162 2919 1294 2975 Nam
1321 2934 1428 2990 quo
1457 2918 1750 2979 veniamus,
1774 2915 1874 2970 etsi

288 3017 532 3074 nondum
563 3016 900 3090 posseSsione
927 3024 1188 3079 tenemus,
1215 3011 1325 3082 iam
1354 3019 1533 3066 tamen
1557 3007 1876 3079 cogitatione

290 3120 346 3165 et
374 3109 585 3164 ratione
608 3105 876 3164 credimus
899 3114 949 3160 et
975 3104 1218 3159 videmus
1239 3120 1252 3158 :
1271 3102 1338 3157 ad
1362 3103 1524 3156 vitam
1543 3099 1808 3155 tendimus
1823 3105 1878 3153 et

289 3201 599 3255 veritatem.
623 3196 738 3268 Ipse
755 3196 995 3253 Christus
1019 3203 1120 3250 est.
1138 3195 1249 3260 Qua
1273 3195 1350 3249 ire
1377 3192 1596 3264 quaeris?
1612 3189 1726 3263 Ego
1741 3201 1874 3254 sum,

290 3293 504 3365 inquit,
533 3291 635 3346 via.
667 3290 782 3358 Quo
812 3289 889 3344 ire
917 3286 1150 3361 quaeris?
1171 3285 1244 3340 Et
1269 3285 1451 3344 veritas
1485 3292 1534 3342 et
1570 3285 1674 3340 vita
1696 3280 1875 3354 (lacn.

289 3402 413 3454 xw,
446 3382 526 3454 6).

364 3471 598 3530 CAPUT
644 3471 738 3527 XI.
767 3501 839 3512 —
866 3470 1006 3525 Ecce
1049 3469 1194 3542 quod
1222 3477 1486 3542 martyres
1527 3475 1877 3530 amaverunt,

295 3569 422 3623 ideo
467 3563 748 3637 prtcsentia
774 3571 829 3618 et
873 3561 1173 3617 transitoria
1213 3568 1670 3631 contempserunt.
1708 3558 1884 3615 Nolite

295 3649 485 3716 mirari
512 3657 896 3722 fortitudinem,
926 3669 1077 3709 amor
1102 3653 1228 3709 vicit
1255 3652 1518 3708 dolorem.
1545 3653 1733 3710 Massae
1755 3667 1883 3723 ergo

296 3748 557 3807 Candidas
597 3747 986 3804 solemnitatem
1023 3744 1245 3800 candida
1286 3745 1610 3801 conscientia
1647 3745 1884 3801 celebro-

299 3858 458 3910 mus;
487 3849 541 3897 et
568 3839 786 3910 vestigia
815 3849 1108 3910 martyrum
1147 3845 1416 3894 sectantes
1441 3845 1704 3907 caputque
1739 3852 1884 3892 mar-

300 3946 482 4010 tyrum
510 3943 566 3991 et
591 3941 832 3988 nostrum
878 3932 1179 3998 intuentes,
1205 3931 1251 3986 si
1279 3930 1347 3985 ad
1375 3939 1484 3985 tam
1508 3945 1758 4001 magnum
1787 3929 1885 3984 bo-

301 4048 433 4088 num
463 4031 646 4086 venire
685 4027 1147 4098 concupiscimus,
1179 4026 1280 4082 iter
1304 4027 1498 4082 durum
1544 4040 1652 4083 non
1696 4027 1887 4082 timea-

302 4141 446 4180 mus.
475 4123 575 4192 Qui
607 4122 852 4194 promisit
877 4137 1040 4177 verax
1069 4128 1172 4188 est,
1197 4121 1287 4192 qui
1317 4120 1560 4191 promisit
1589 4121 1758 4177 fidelis
1783 4128 1885 4188 est,

303 4215 394 4288 qui
424 4213 669 4285 promisit
696 4212 881 4268 fallere
907 4227 1013 4267 non
1041 4219 1231 4282 potest.
1264 4212 1515 4268 Dicamus
1535 4227 1664 4283 ergo
1691 4211 1742 4268 ei
1765 4227 1890 4267 can-

305 4310 430 4364 dida
465 4309 788 4365 conscientia
810 4349 824 4372 ,
862 4306 1076 4377 Propter
1100 4308 1247 4362 verba
1279 4307 1529 4361 tabiorum
1561 4316 1760 4362 tuorum
1799 4323 1889 4378 ego

305 4399 555 4456 custodivi
603 4400 708 4454 vias
738 4399 892 4454 duras
935 4397 1108 4470 (Paul.
1139 4415 1224 4453 xvt
1246 4439 1260 4463 ,
1305 4396 1382 4468 4).
1414 4397 1552 4462 Quid
1597 4397 1750 4452 times
1779 4398 1892 4452 vias

307 4492 472 4546 duras
499 4491 804 4560 passionum
833 4497 887 4543 et
914 4487 1347 4543 tribulationum?
1375 4487 1606 4544 Transiit
1630 4487 1763 4556 ipse.
1787 4486 1892 4542 Re-

307 4583 543 4652 spondes
587 4581 724 4636 forte
754 4596 769 4633 :
806 4580 909 4636 Sed
937 4580 1069 4651 ipse.
1102 4579 1451 4636 Transierunt
1477 4580 1734 4649 Apostoli.
1780 4579 1891 4635 Ad-

308 4673 417 4728 huc
461 4671 752 4742 respondes
785 4689 798 4725 :
831 4670 936 4726 Sed
986 4671 1248 4742 Apostoli.
1278 4672 1517 4741 Accipio.
1566 4671 1890 4742 Responde:

312 4762 640 4818 transierunt
677 4772 862 4831 postea
887 4771 940 4817 et
967 4757 1116 4816 multi
1144 4763 1265 4818 viri.
1311 4763 1582 4819 Erubesce
1614 4781 1627 4818 :
1660 4765 1890 4821 transie-

311 4862 438 4909 runt
464 4864 515 4908 et
547 4853 778 4909 feminae.
804 4853 981 4909 Senex
1006 4855 1196 4910 venisti
1227 4856 1292 4911 ad
1319 4858 1662 4927 passionem?
1691 4859 1799 4914 noli
1830 4860 1894 4915 ti-

312 4960 462 5000 mere
488 4954 712 5001 mortem
733 4986 748 5010 ,
778 4943 861 4999 vel
884 4943 1007 5018 quia
1032 4944 1236 5000 vicinus
1258 4960 1317 5002 es
1345 4947 1524 5002 morti.
1549 4947 1768 5005 Juvenis
1790 4948 1894 5004 es?

316 5039 638 5093 transierunt
670 5047 725 5093 et
762 5037 1019 5108 juvenes,
1051 5038 1140 5108 qui
1169 5038 1346 5094 adhuc
1369 5040 1532 5096 vitam
1562 5040 1665 5095 sibi
1707 5055 1892 5111 spera-

313 5129 474 5185 bant:
499 5130 825 5184 transierunt
840 5136 893 5183 et
919 5129 1086 5198 pueri,
1108 5129 1430 5184 transierunt
1455 5138 1510 5186 et
1534 5131 1740 5200 puellm.
1758 5131 1898 5199 Quo-

317 5220 477 5275 modo
501 5219 673 5273 adhuc
691 5218 776 5272 via
800 5233 988 5288 aspera
1014 5225 1114 5286 est,
1135 5234 1294 5289 quam
1319 5219 1469 5275 multi
1489 5221 1813 5278 ambulando
1832 5223 1897 5278 li-

319 5310 562 5364 nierunt?
583 5307 706 5364 Haec
734 5325 864 5380 ergo
892 5319 974 5364 est
1002 5310 1254 5364 solemnis
1284 5317 1339 5366 et
1366 5311 1577 5367 assidua
1603 5314 1897 5368 commoni-
1927 5299 1934 5331 ³
1961 5309 1965 5332 ⁵

319 5402 392 5456 tio
419 5413 593 5457 nostra
623 5402 689 5457 ad
714 5417 830 5468 vos,
861 5400 1070 5468 fratres,
1105 5411 1162 5456 ut
1186 5402 1552 5459 solemnitates
1580 5414 1893 5476 martyrum,

321 5508 428 5549 non
449 5510 580 5550 vana
607 5496 948 5554 solemnitate
967 5495 1324 5560 celebremus;
1342 5496 1434 5551 sed
1457 5510 1592 5567 quos
1616 5497 1667 5551 in
1691 5499 1800 5553 suis
1820 5513 1900 5552 so-

321 5583 686 5645 lemnitatibtts
708 5603 970 5658 amamus,
990 5587 1149 5644 etiam
1165 5587 1273 5644 ﬁde
1293 5588 1453 5645 simili
1467 5590 1663 5646 imitari
1680 5606 1785 5648 non
1802 5587 1902 5647 for-

323 5677 600 5736 mltitfttzzrs.

1481 5829 1562 5856 ἐκ,

1528 5863 1598 5896 \‘-‘.

1652 369 1878 439 θεειΜο
1913 373 2155 432 CCCVI].

3408 369 3541 428 ’.ιω

2421 485 2650 544 SERMO
2684 483 2906 541 occvn
2936 485 2949 512 ι
2983 482 3082 554 (et);

2158 623 2208 666 tn
2239 612 2562 668 Decollatione
2585 605 2716 664 beati
2739 603 2929 664 Joannis
2950 610 3187 674 Baptistte,
3211 618 3227 654 t
3250 593 3340 678 (ὁ).

2033 762 2254 819 CAPUT
2288 761 2569 818 PRIMUM.
2595 790 2652 802 —
2681 760 2733 814 1.
2756 757 2973 813 Joannis
2996 755 3237 827 Baptistae
3261 754 3420 808 credes
3445 768 3543 824 qua

1965 855 2222 910 occasione
2245 859 2398 926 facta.
2429 852 2561 908 Cum
2595 860 2834 908 sanetum
2867 848 3209 918 Evangellum
3240 847 3500 916 legeretur
3525 887 3541 911 ,

1964 947 2177 1003 crudele
2204 947 2560 1017 spectaculum
2588 953 2712 998 ante
2741 942 2925 998 oculos
2962 948 3176 995 nostros
3199 936 3542 994 constitutum

1909 1040 1915 1046 ”
1966 1049 2066 1106 est,
2089 1047 2248 1109 caput
2272 1037 2440 1093 sancti
2471 1035 2688 1090 Joannis
2717 1035 2768 1089 in
2799 1033 2970 1098 disco,
3002 1031 3178 1086 feralis
3207 1030 3400 1083 missus
3423 1044 3543 1082 cru-

1967 1131 2228 1193 delitatis,
2262 1135 2478 1199 propter
2525 1127 2704 1181 odium
2754 1121 3007 1179 veritatis.
3038 1122 3224 1177 Puella
3269 1120 3460 1184 saltat,
3493 1129 3545 1173 et

1966 1222 2118 1276 saevit
2143 1229 2312 1275 mater
2343 1237 2354 1272 :
2388 1228 2441 1274 et
2480 1218 2618 1272 inter
2643 1216 2859 1272 delicias
2887 1223 2942 1270 et
2970 1214 3218 1269 lascivias
3254 1212 3542 1267 convivan-

1968 1315 2098 1368 tium
2151 1323 2349 1366 temere
2382 1311 2620 1379 iuratur,
2653 1317 2707 1362 et
2737 1305 2896 1377 impie
2921 1305 3062 1376 quod
3097 1305 3326 1374 iuratur,
3355 1302 3534 1370 imple

1969 1413 2071 1460 tur.
2104 1403 2322 1459 Factum
2346 1412 2428 1458 est
2450 1401 2639 1457 Joanni
2663 1400 2802 1471 quod
2830 1399 2942 1468 ipse
2969 1399 3309 1469 praedixerat.
3344 1395 3419 1450 De
3444 1395 3533 1448 Do-

1969 1497 2114 1553 mino
2161 1497 2302 1550 enim
2331 1494 2456 1550 Jesu
2485 1493 2698 1548 Christo
2738 1491 2976 1555 dixerat,
3012 1487 3170 1568 litum
3212 1495 3406 1557 oportet
3435 1499 3545 1538 cre-

1967 1603 2124 1653 scere,
2146 1603 2226 1640 me
2247 1596 2413 1640 autem
2438 1585 2595 1638 minui
2626 1582 2802 1655 (Joan.
2828 1598 2906 1647 nt,
2937 1582 3052 1652 50).
3082 1581 3184 1635 Iste
3214 1580 3448 1634 minutus
3467 1585 3551 1632 est

1970 1678 2024 1734 in
2053 1679 2226 1749 capite
2247 1719 2260 1743 ,
2292 1677 2383 1732 illo
2406 1676 2570 1730 crevit
2596 1675 2649 1729 iu
2677 1687 2854 1729 cruce.
2877 1672 3069 1728 Odium
3093 1671 3298 1741 peperit
3329 1670 3544 1724 veritas.

1969 1770 2084 1828 Non
2113 1769 2280 1840 potuit
2305 1783 2460 1840 aequo
2489 1766 2666 1822 animo
2698 1765 2930 1829 tolerari,
2956 1763 3097 1834 quod
3123 1763 3284 1817 homo
3311 1762 3404 1816 Dei
3426 1775 3550 1815 san-

1970 1871 2088 1917 ctus
2114 1861 2364 1916 monebat
2396 1879 2410 1912 :
2442 1859 2531 1929 qui
2560 1859 2740 1928 utique
2769 1858 2994 1912 salutem
3019 1870 3205 1910 eorum
3238 1853 3509 1924 qumrcbat
3531 1894 3546 1920 ,

1970 1967 2104 2024 quos
2127 1954 2205 2008 sic
2233 1951 2501 2006 monebat.
2541 1948 2948 2018 Responderunt
2974 1948 3050 2004 illi
3078 1947 3213 2001 mala
3247 1961 3343 2015 pro
3369 1944 3545 2000 bonis.

1970 2043 2106 2110 Quid
2138 2043 2278 2098 enim
2305 2042 2392 2098 ille
2416 2040 2648 2105 diceret,
2683 2040 2785 2095 nisi
2811 2053 2916 2109 quo
2947 2039 3133 2109 plenus
3159 2038 3312 2092 erat?
3341 2037 3406 2090 Et
3424 2036 3551 2106 quid

1972 2133 2043 2189 illi
2069 2133 2492 2204 responderent,
2521 2131 2622 2186 nisi
2667 2146 2772 2201 quo
2800 2129 2940 2200 pleni
2967 2131 3157 2184 erant?
3189 2128 3278 2182 llle
3321 2128 3551 2190 triticum

1971 2223 2285 2288 seminavit,
2317 2223 2411 2278 sed
2441 2224 2622 2293 spinas
2649 2222 2869 2280 invenit.
2902 2221 3121 2276 Dicebat
3162 2219 3309 2289 regi,
3341 2218 3461 2274 Non
3486 2218 3552 2272 ti-

1972 2328 2047 2372 cet
2076 2317 2164 2371 tibi
2208 2317 2390 2370 habere
2436 2331 2644 2368 uxorem
2673 2314 2848 2383 fratris
2878 2313 2951 2366 tui
2983 2312 3172 2384 (Marc.
3221 2328 3274 2366 vt
3295 2353 3308 2377 ,
3342 2310 3550 2382 i7-28).

1972 2409 2233 2466 Vincebat
2257 2408 2398 2465 enim
2429 2422 2610 2477 regem
2640 2405 2805 2462 libido
2834 2419 2848 2458 :
2885 2403 3096 2460 tenebat
3118 2402 3256 2472 apud
3283 2413 3342 2458 se
3372 2401 3554 2471 prohi-

1973 2502 2134 2558 bitam
2165 2515 2384 2558 uxorem
2410 2499 2588 2555 fratris
2613 2497 2715 2551 sui.
2747 2495 2854 2552 Sed
2879 2511 3001 2551 eum
3027 2501 3205 2550 tamen
3236 2494 3314 2548 sic
3339 2493 3551 2559 libebat,

1975 2604 2036 2650 ut
2059 2610 2163 2650 non
2185 2594 2415 2649 saeviret.
2439 2590 2747 2652 Honorabat
2765 2585 2886 2644 e'um
2906 2603 2936 2643 a
2956 2601 3062 2659 quo
3085 2602 3268 2642 verum
3288 2585 3553 2641 audiebat.

1977 2686 2084 2744 Sed
2111 2687 2303 2743 mulier
2327 2683 2658 2742 detestabilis
2686 2680 2866 2742 odium
2891 2679 3256 2750 concipiebat,
3290 2675 3430 2747 quod
3458 2675 3557 2729 ali-

1977 2779 2189 2852 quando
2220 2778 2345 2833 dato
2395 2786 2634 2850 tempore
2663 2782 2891 2844 pareret.
2923 2770 3148 2840 Quando
3194 2767 3516 2842 parturiehat
3538 2805 3556 2836 ,

1977 2872 2186 2945 peperit
2229 2871 2388 2926 tiliam
2409 2911 2423 2934 ,
2455 2869 2616 2923 filiam
2640 2868 2940 2922 saltantem.
2970 2865 3039 2920 Et
3067 2879 3160 2920 rex
3199 2863 3288 2918 ille
3315 2863 3404 2931 qui
3430 2875 3558 2914 san-

1979 2974 2122 3021 ctum
2149 2965 2319 3018 virum
2345 2961 2572 3016 habebat
2599 2960 2860 3016 Joannem
2879 2998 2894 3022 ,
2925 2957 3015 3027 qui
3051 2972 3174 3012 eum
3205 2963 3418 3025 propter
3450 2952 3559 3008 Do-

1980 3056 2181 3112 minum
2215 3053 2466 3119 timebat,
2499 3051 2600 3107 etsi
2642 3051 2693 3106 ei
2739 3066 2843 3104 non
2872 3047 3183 3110 obediebat,
3215 3055 3560 3114 posteaquam

1981 3149 2048 3206 ab
2079 3149 2170 3202 illo
2199 3147 2420 3217 petitum
2460 3152 2542 3198 est
2582 3150 2742 3212 caput
2767 3141 2986 3196 Joannis
3033 3138 3086 3193 in
3130 3137 3313 3202 disco,
3358 3135 3564 3190 contri-

1981 3248 2152 3296 status
2177 3246 2278 3293 est.
2323 3235 2427 3292 Sed
2472 3241 2689 3306 propter
2725 3232 3047 3302 iurationem
3079 3237 3133 3284 et
3173 3237 3391 3300 propter
3431 3241 3564 3280 con—

1982 3330 2392 3396 recumbentes,
2435 3327 2580 3382 misit
2620 3323 3032 3396 spiculatorem,
3077 3329 3132 3376 et
3160 3319 3398 3390 implevit
3424 3315 3566 3387 quod

1979 3422 2194 3496 iuravit.

2056 3511 2282 3568 CAPUT
2310 3509 2375 3566 ll.
2396 3539 2468 3551 ——
2484 3496 2542 3562 2.
2562 3505 2771 3561 Juratie
2796 3503 2957 3560 omnis
2985 3500 3235 3572 prohibita
3260 3507 3465 3572 propter
3483 3514 3570 3569 pe-

1985 3605 2200 3660 riculum
2229 3604 2376 3676 {alsia
2390 3600 2687 3676 jurationis.
2713 3596 2977 3652 Admonet
3001 3607 3099 3647 nos
3128 3593 3276 3646 locus
3303 3591 3422 3654 iste,
3445 3588 3572 3642 cha-

1988 3698 2203 3762 rissimi,
2222 3706 2280 3751 ut
2308 3703 2524 3766 propter
2550 3692 2711 3745 vitam
2740 3696 2794 3745 et
2819 3701 2995 3742 mores
3023 3691 3233 3739 vestros
3258 3680 3456 3752 aliquid
3479 3694 3571 3734 vo.

1991 3791 2070 3845 bis
2092 3789 2157 3845 de
2179 3788 2484 3859 iuramento
2506 3793 2813 3840 tractemus.
2840 3777 2992 3834 Falsa
3010 3776 3207 3847 iuratio
3227 3790 3334 3828 non
3354 3782 3436 3829 est
3457 3773 3573 3827 leve

1990 3889 2265 3954 peccatum
2299 3896 2313 3933 :
2347 3878 2456 3934 imo
2487 3885 2590 3931 tam
2620 3886 2868 3944 magnum
2918 3877 3192 3940 peccatum
3234 3873 3349 3930 est,
3386 3863 3572 3917 falsum

1987 3976 2199 4046 iurare,
2231 3981 2291 4028 ut
2335 3981 2548 4042 propter
2579 3977 2788 4023 reatum
2831 3963 2976 4019 falsa:
3010 3959 3289 4032 iurationis
3319 3956 3574 4013 Dominus

1992 4063 2329 4138 prohibuerit
2349 4077 2562 4116 onmem
2578 4059 2920 4129 iurationem.
2942 4053 3032 4110 Ait
3050 4052 3192 4107 enim
3219 4069 3232 4104 :
3258 4049 3461 4102 Dictura
3479 4056 3572 4115 est,

1997 4157 2118 4213 Non
2161 4155 2479 4227 perjurabis,
2519 4150 2698 4205 reddes
2746 4156 2914 4202 autem
2954 4143 3174 4198 Domino
3218 4138 3577 4212 jusjurandum

1997 4262 2136 4306 tuum
2172 4267 2190 4304 :
2219 4265 2310 4320 ego
2340 4255 2503 4302 autem
2532 4244 2646 4298 dico
2671 4241 2839 4308 vobis,
2865 4255 2965 4293 non
2996 4242 3178 4308 iurare
3215 4233 3419 4289 omnino
3441 4274 3455 4298 ,
3484 4246 3576 4286 ne-

1995 4361 2092 4412 que
2133 4351 2221 4416 per
2248 4341 2426 4395 caelum
2445 4380 2459 4403 ,
2505 4335 2621 4408 quia
2649 4334 2859 4389 thronus
2901 4329 2998 4385 Dei
3043 4335 3148 4394 est;
3176 4342 3331 4396 neque
3358 4340 3445 4395 per
3475 4332 3577 4377 ter-

1997 4415 2148 4504 ram,
2193 4435 2310 4506 quia
2357 4428 2628 4487 scabellum
2680 4430 2863 4498 pectunt
2913 4425 3023 4493 ejus
3075 4430 3187 4486 est;
3235 4434 3391 4488 neque
3437 4415 3578 4469 aliud

1996 4527 2343 4598 quodcumque
2375 4524 2764 4594 juramentum;
2795 4531 2950 4585 neque
2997 4530 3085 4586 per
3128 4519 3277 4582 caput
3321 4518 3462 4562 tuum
3483 4508 3577 4576 ju-

1995 4616 2224 4680 raveris;
2270 4615 2390 4686 quia
2439 4628 2542 4666 non
2591 4618 2730 4681 potes
2777 4611 2943 4680 facere
2988 4603 3232 4674 capillum
3281 4599 3448 4653 album
3493 4607 3579 4650 aut

1997 4709 2219 4780 nigrum.
2270 4705 2352 4761 Sit
2395 4713 2562 4758 autent
2602 4701 2656 4756 in
2696 4717 2782 4756 ore
2821 4708 3023 4765 uestro,
3073 4692 3207 4761 Est,
3257 4701 3370 4757 est;
3417 4689 3577 4755 Non,

1999 4817 2120 4856 non.
2167 4797 2228 4854 Si
2270 4793 2392 4869 quid
2434 4795 2652 4866 amplius
2691 4799 2802 4858 est,
2851 4808 2882 4846 a
2930 4788 3063 4842 malo
3107 4793 3179 4842 est
3226 4783 3458 4857 (Matth.
3505 4797 3578 4847 v,

1999 4891 2168 4951 35—57
2197 4890 2242 4962 ).
3373 4945 3376 4950 _
3599 4891 3605 4950 ζ

2073 4985 2126 5040 5.
2157 4979 2357 5036 Juratio
2377 4997 2408 5034 a
2427 4973 2537 5035 Deo
2565 4977 2808 5033 adhibita.
2833 4965 3135 5031 invenimus
3162 4979 3337 5027 autem
3367 4969 3418 5024 in
3441 4967 3579 5024 Scri-

1973 5183 1977 5188 .
2064 5136 2435 5188 ‘Correctusad
2456 5135 2578 5186 duos
2595 5133 2672 5186 ob.
2698 5131 2758 5184 ad
2794 5143 2862 5183 cr.
2887 5143 2964 5196 gr.
2998 5144 3041 5182 r.
3066 5135 3104 5181 t.
3130 5135 3182 5181 et
3209 5129 3269 5180 ad
3293 5127 3393 5178 Par.
3420 5131 3530 5177 Lor.

2066 5222 2140 5286 (α)
2166 5220 2305 5282 Alias,
2327 5220 2458 5271 iuta
2480 5219 2666 5270 additos
2685 5230 2714 5267 a
2736 5216 3084 5267 Parisienslbus
3105 5214 3182 5266 10.

2068 5305 2286 5370 (ὒλοωη
2319 5305 2420 5370 hoc
2457 5300 2598 5354 titulo
2617 5301 2698 5370 bic
2719 5300 2917 5370 _et_alter
2939 5313 3104 5370 sermo
3142 5299 3234 5370 fuit
3253 5296 3367 5370 olim
3405 5309 3432 5370 ς
3464 5296 3588 5345 Pari-

2005 5360 2249 5418 siehsibus
2271 5363 2432 5415 editus
2451 5376 2515 5413 ex
2549 5364 2760 5425 antiquis
2775 5362 3085 5425 lectionariis.
3109 5361 3202 5414 sed
3225 5376 3318 5410 non
3338 5360 3455 5425 inde
3473 5372 3590 5425 emt-

2005 5437 2102 5480 stat
2114 5430 2176 5478 ab
2191 5419 2736 5490 Augustinobabltos'in
2760 5433 2818 5490 ea
2834 5423 3132 5490 festivitate}
3151 5419 3348 5490 tametsi
3369 5423 3471 5471 haec
3491 5422 3590 5490 ipsa

2008 5491 2243 5540 festivitas
2261 5483 2330 5537 'iu
2352 5487 2714 5550 Carthaginensi
2736 5483 3010 5536 calendario
3039 5486 3347 5550 celebretur,
3368 5483 3592 5550 nonqui-

2007 5551 2121 5602 dem
2144 5551 2206 5600 Ἇ)
2228 5550 2419 5610 augusti
2434 5584 2448 5608 ,
2472 5545 2599 5598 ut'in
2622 5546 2867 5611 plerisque
2905 5548 3276 5611 martyrologiis,
3295 5547 3384 5599 sed
3425 5546 3483 5611 Ἦ
3507 5545 3594 5595 de-

2008 5614 2246 5672 cembris,
2269 5609 2346 5659 bis
2369 5611 2557 5672 verbis,
2585 5628 2608 5657 ι
2623 5609 2676 5660 vi
2697 5609 2800 5659 cali
2808 5611 2908 5672 ian.
2931 5609 3084 5659 sancti
3109 5609 3313 5672 Joannis
3351 5609 3589 5670 Baptistae,

2017 5682 2120 5748 «Aet
2137 5669 2305 5748 Jacobi
2321 5671 2519 5748 apostoli
2533 5669 2715 5748 ,_quelru
2751 5669 2966 5744 Herodes
2988 5669 3488 5748 occidit.‘»_‘Joatmem_
3510 5677 3592 5717 Ba-

2011 5738 2214 5800 ptistam,
2240 5732 2719 5800 imminente'Pascha
2741 5735 2951 5800 occisum
2969 5734 3196 5784 observat
3223 5732 3424 5800 Beda__in
3454 5737 3590 5800 mare.

2014 5791 2247 5848 vncaedis
2280 5809 2412 5859 vero
2429 5796 2602 5859 huius,
2637 5795 3035 5859 quemadmodum
3077 5803 3130 5847 et
3169 5791 3371 5858 apostoli
3406 5792 3591 5853 Jacobi,

2021 5860 2282 5910 celebritas
2304 5861 2352 5910 in
2373 5857 2507 5909 aliud
2523 5857 2714 5924 tempus
2733 5857 2960 5910 translata
2980 5864 3075 5908 est.
