  <div class='ocr_page' id='page_1' title='image "/cluster/home/n/w/nwhite01/storage/ocr_20150623/38/hvd.32044015706294/709.png"; bbox 0 0 4036 6510; ppageno 0'>
   <div class='ocr_carea' id='block_1_1' title="bbox 496 420 639 485">
    <p class='ocr_par' dir='ltr' id='par_1_1' title="bbox 496 420 639 485">
     <span class='ocr_line' id='line_1_1' title="bbox 496 420 639 485; baseline -0.035 0"><span class='ocrx_word' id='word_1_1' title='bbox 496 420 639 485; x_wconf 68' lang='grc'><strong>1407</strong></span> 
     </span>
    </p>
   </div>
   <div class='ocr_carea' id='block_1_2' title="bbox 498 507 2092 615">
    <p class='ocr_par' dir='ltr' id='par_1_2' title="bbox 498 507 2092 615">
     <span class='ocr_line' id='line_1_2' title="bbox 498 507 2092 615; baseline -0.022 -17"><span class='ocrx_word' id='word_1_2' title='bbox 498 542 672 615; x_wconf 90' lang='lat' dir='ltr'><strong>pturls</strong></span> <span class='ocrx_word' id='word_1_3' title='bbox 700 533 899 593; x_wconf 87' lang='lat' dir='ltr'><strong>sanctis</strong></span> <span class='ocrx_word' id='word_1_4' title='bbox 923 529 1209 605; x_wconf 87' lang='lat' dir='ltr'><strong>Dominum</strong></span> <span class='ocrx_word' id='word_1_5' title='bbox 1245 525 1456 599; x_wconf 78' lang='lat' dir='ltr'><strong>iurasse</strong></span> <span class='ocrx_word' id='word_1_6' title='bbox 1474 564 1491 592; x_wconf 91' lang='lat'><strong>,</strong></span> <span class='ocrx_word' id='word_1_7' title='bbox 1522 516 1738 615; x_wconf 79' lang='lat' dir='ltr'><strong>quando</strong></span> <span class='ocrx_word' id='word_1_8' title='bbox 1761 516 1811 571; x_wconf 90' lang='lat' dir='ltr'><strong>ei</strong></span> <span class='ocrx_word' id='word_1_9' title='bbox 1832 524 2001 615; x_wconf 71' lang='lat' dir='ltr'><strong>usque</strong></span> <span class='ocrx_word' id='word_1_10' title='bbox 2024 507 2092 564; x_wconf 90' lang='lat' dir='ltr'><strong>ad</strong></span> 
     </span>
    </p>
   </div>
   <div class='ocr_carea' id='block_1_3' title="bbox 500 608 2095 692">
    <p class='ocr_par' dir='ltr' id='par_1_3' title="bbox 500 608 2095 692">
     <span class='ocr_line' id='line_1_3' title="bbox 500 608 2095 692; baseline -0.019 -1"><span class='ocrx_word' id='word_1_11' title='bbox 500 608 924 692; x_wconf 84' lang='lat' dir='ltr'><strong>immolationem</strong></span> <span class='ocrx_word' id='word_1_12' title='bbox 950 624 1131 683; x_wconf 91' lang='lat' dir='ltr'><strong>dilecti</strong></span> <span class='ocrx_word' id='word_1_13' title='bbox 1160 621 1251 677; x_wconf 86' lang='lat' dir='ltr'><strong>lilii</strong></span> <span class='ocrx_word' id='word_1_14' title='bbox 1282 616 1520 676; x_wconf 89' lang='lat' dir='ltr'><strong>obedivit</strong></span> <span class='ocrx_word' id='word_1_15' title='bbox 1541 612 1833 670; x_wconf 79' lang='lat' dir='ltr'><strong>Abraham.</strong></span> <span class='ocrx_word' id='word_1_16' title='bbox 1860 608 2095 664; x_wconf 88' lang='lat' dir='ltr'><strong>Locutus</strong></span> 
     </span>
    </p>
   </div>
   <div class='ocr_carea' id='block_1_4' title="bbox 501 702 2095 797">
    <p class='ocr_par' dir='ltr' id='par_1_4' title="bbox 501 702 2095 797">
     <span class='ocr_line' id='line_1_4' title="bbox 501 702 2095 797; baseline -0.021 -11"><span class='ocrx_word' id='word_1_17' title='bbox 501 737 590 786; x_wconf 89' lang='lat' dir='ltr'><strong>est</strong></span> <span class='ocrx_word' id='word_1_18' title='bbox 608 727 659 784; x_wconf 90' lang='lat' dir='ltr'><strong>ei</strong></span> <span class='ocrx_word' id='word_1_19' title='bbox 689 723 913 797; x_wconf 78' lang='lat' dir='ltr'><strong>angelus</strong></span> <span class='ocrx_word' id='word_1_20' title='bbox 940 721 1008 777; x_wconf 91' lang='lat' dir='ltr'><strong>de</strong></span> <span class='ocrx_word' id='word_1_21' title='bbox 1033 717 1172 776; x_wconf 58' lang='lat' dir='ltr'><strong>caelo</strong></span> <span class='ocrx_word' id='word_1_22' title='bbox 1197 716 1419 773; x_wconf 88' lang='lat' dir='ltr'><strong>dicens:</strong></span> <span class='ocrx_word' id='word_1_23' title='bbox 1453 708 1559 766; x_wconf 88' lang='lat' dir='ltr'><strong>Per</strong></span> <span class='ocrx_word' id='word_1_24' title='bbox 1582 706 1928 777; x_wconf 82' lang='lat' dir='ltr'><strong>memetipsum</strong></span> <span class='ocrx_word' id='word_1_25' title='bbox 1947 702 2095 772; x_wconf 88' lang='lat' dir='ltr'><strong>juro,</strong></span> 
     </span>
    </p>
   </div>
   <div class='ocr_carea' id='block_1_5' title="bbox 501 805 2100 885">
    <p class='ocr_par' dir='ltr' id='par_1_5' title="bbox 501 805 2100 885">
     <span class='ocr_line' id='line_1_5' title="bbox 501 805 2100 885; baseline -0.018 -11"><span class='ocrx_word' id='word_1_26' title='bbox 501 816 627 874; x_wconf 81' lang='lat' dir='ltr'><strong>dicit</strong></span> <span class='ocrx_word' id='word_1_27' title='bbox 651 816 937 882; x_wconf 83' lang='lat' dir='ltr'><strong>Dominus,</strong></span> <span class='ocrx_word' id='word_1_28' title='bbox 964 813 1084 885; x_wconf 84' lang='lat' dir='ltr'><strong>quia</strong></span> <span class='ocrx_word' id='word_1_29' title='bbox 1107 808 1360 866; x_wconf 85' lang='lat' dir='ltr'><strong>obaudisti</strong></span> <span class='ocrx_word' id='word_1_30' title='bbox 1386 820 1553 860; x_wconf 85' lang='lat' dir='ltr'><strong>uocem</strong></span> <span class='ocrx_word' id='word_1_31' title='bbox 1580 815 1774 864; x_wconf 88' lang='lat' dir='ltr'><strong>meam,</strong></span> <span class='ocrx_word' id='word_1_32' title='bbox 1805 805 1851 851; x_wconf 86' lang='lat' dir='ltr'><strong>et</strong></span> <span class='ocrx_word' id='word_1_33' title='bbox 1881 810 1981 849; x_wconf 90' lang='lat' dir='ltr'><strong>non</strong></span> <span class='ocrx_word' id='word_1_34' title='bbox 2012 807 2100 885; x_wconf 82' lang='lat' dir='ltr'><strong>pe-</strong></span> 
     </span>
    </p>
   </div>
   <div class='ocr_carea' id='block_1_6' title="bbox 504 884 2098 984">
    <p class='ocr_par' dir='ltr' id='par_1_6' title="bbox 504 884 2098 984">
     <span class='ocr_line' id='line_1_6' title="bbox 504 884 2098 984; baseline -0.018 -17"><span class='ocrx_word' id='word_1_35' title='bbox 504 908 709 984; x_wconf 78' lang='lat' dir='ltr'><strong>percisti</strong></span> <span class='ocrx_word' id='word_1_36' title='bbox 736 908 848 979; x_wconf 83' lang='lat' dir='ltr'><strong>ﬁlio</strong></span> <span class='ocrx_word' id='word_1_37' title='bbox 871 916 958 961; x_wconf 90' lang='lat' dir='ltr'><strong>tuo</strong></span> <span class='ocrx_word' id='word_1_38' title='bbox 980 884 1167 958; x_wconf 81' lang='lat' dir='ltr'><strong>dilecto</strong></span> <span class='ocrx_word' id='word_1_39' title='bbox 1194 909 1400 972; x_wconf 75' lang='lat' dir='ltr'><strong>propter</strong></span> <span class='ocrx_word' id='word_1_40' title='bbox 1423 912 1503 951; x_wconf 90' lang='lat' dir='ltr'><strong>me</strong></span> <span class='ocrx_word' id='word_1_41' title='bbox 1520 936 1539 963; x_wconf 91' lang='lat'><strong>,</strong></span> <span class='ocrx_word' id='word_1_42' title='bbox 1567 891 1874 984; x_wconf 62' lang='lat' dir='ltr'><strong>benedicens</strong></span> <span class='ocrx_word' id='word_1_43' title='bbox 1890 884 2098 984; x_wconf 66' lang='lat' dir='ltr'><strong><em>benedio</em></strong></span> 
     </span>
    </p>
   </div>
   <div class='ocr_carea' id='block_1_7' title="bbox 505 977 2100 1069">
    <p class='ocr_par' dir='ltr' id='par_1_7' title="bbox 505 977 2100 1069">
     <span class='ocr_line' id='line_1_7' title="bbox 505 977 2100 1069; baseline -0.018 -11"><span class='ocrx_word' id='word_1_44' title='bbox 505 977 620 1059; x_wconf 68' lang='lat' dir='ltr'><strong>eam</strong></span> <span class='ocrx_word' id='word_1_45' title='bbox 644 1010 712 1067; x_wconf 90' lang='lat' dir='ltr'><strong>te,</strong></span> <span class='ocrx_word' id='word_1_46' title='bbox 737 977 789 1056; x_wconf 84' lang='lat' dir='ltr'><strong>et</strong></span> <span class='ocrx_word' id='word_1_47' title='bbox 813 998 1032 1069; x_wconf 80' lang='lat' dir='ltr'><strong>implebo</strong></span> <span class='ocrx_word' id='word_1_48' title='bbox 1048 1010 1217 1051; x_wconf 84' lang='lat' dir='ltr'><strong>semen</strong></span> <span class='ocrx_word' id='word_1_49' title='bbox 1241 1002 1405 1058; x_wconf 87' lang='lat' dir='ltr'><strong>tuum,</strong></span> <span class='ocrx_word' id='word_1_50' title='bbox 1429 990 1556 1044; x_wconf 84' lang='lat' dir='ltr'><strong>sicut</strong></span> <span class='ocrx_word' id='word_1_51' title='bbox 1572 984 1743 1041; x_wconf 83' lang='lat' dir='ltr'><strong>stellas</strong></span> <span class='ocrx_word' id='word_1_52' title='bbox 1765 980 1897 1046; x_wconf 81' lang='lat' dir='ltr'><strong>coeli,</strong></span> <span class='ocrx_word' id='word_1_53' title='bbox 1926 987 1973 1033; x_wconf 92' lang='lat' dir='ltr'><strong>et</strong></span> <span class='ocrx_word' id='word_1_54' title='bbox 1995 977 2100 1031; x_wconf 85' lang='lat' dir='ltr'><strong>sic-</strong></span> 
     </span>
    </p>
   </div>
   <div class='ocr_carea' id='block_1_8' title="bbox 508 1076 2105 1154">
    <p class='ocr_par' dir='ltr' id='par_1_8' title="bbox 508 1076 2105 1154">
     <span class='ocr_line' id='line_1_8' title="bbox 508 1076 2105 1154; baseline -0.016 -7"><span class='ocrx_word' id='word_1_55' title='bbox 508 1108 563 1146; x_wconf 82' lang='lat' dir='ltr'><strong>ut</strong></span> <span class='ocrx_word' id='word_1_56' title='bbox 619 1106 831 1146; x_wconf 74' lang='lat' dir='ltr'><strong>arenam</strong></span> <span class='ocrx_word' id='word_1_57' title='bbox 856 1089 1047 1154; x_wconf 88' lang='lat' dir='ltr'><strong>maris;</strong></span> <span class='ocrx_word' id='word_1_58' title='bbox 1076 1095 1123 1141; x_wconf 90' lang='lat' dir='ltr'><strong>et</strong></span> <span class='ocrx_word' id='word_1_59' title='bbox 1153 1084 1503 1140; x_wconf 77' lang='lat' dir='ltr'><strong>benedicentur</strong></span> <span class='ocrx_word' id='word_1_60' title='bbox 1532 1080 1585 1133; x_wconf 89' lang='lat' dir='ltr'><strong>in</strong></span> <span class='ocrx_word' id='word_1_61' title='bbox 1609 1076 1799 1131; x_wconf 85' lang='lat' dir='ltr'><strong>semine</strong></span> <span class='ocrx_word' id='word_1_62' title='bbox 1823 1083 1907 1128; x_wconf 86' lang='lat' dir='ltr'><strong>tuo</strong></span> <span class='ocrx_word' id='word_1_63' title='bbox 1933 1084 2105 1125; x_wconf 82' lang='lat' dir='ltr'><strong>omnes</strong></span> 
     </span>
    </p>
   </div>
   <div class='ocr_carea' id='block_1_9' title="bbox 509 1164 2104 1256">
    <p class='ocr_par' dir='ltr' id='par_1_9' title="bbox 509 1164 2104 1256">
     <span class='ocr_line' id='line_1_9' title="bbox 509 1164 2104 1256; baseline -0.014 -17"><span class='ocrx_word' id='word_1_64' title='bbox 509 1194 679 1256; x_wconf 74' lang='lat' dir='ltr'><strong><em>gentes</em></strong></span> <span class='ocrx_word' id='word_1_65' title='bbox 707 1181 863 1254; x_wconf 86' lang='lat' dir='ltr'><strong>(Gen.</strong></span> <span class='ocrx_word' id='word_1_66' title='bbox 895 1195 1004 1236; x_wconf 77' lang='lat' dir='ltr'><strong>xm</strong></span> <span class='ocrx_word' id='word_1_67' title='bbox 1022 1222 1036 1247; x_wconf 90' lang='lat'><strong>,</strong></span> <span class='ocrx_word' id='word_1_68' title='bbox 1072 1176 1286 1245; x_wconf 70' lang='lat'><strong>16-18).</strong></span> <span class='ocrx_word' id='word_1_69' title='bbox 1319 1172 1474 1242; x_wconf 87' lang='lat' dir='ltr'><strong>Quod</strong></span> <span class='ocrx_word' id='word_1_70' title='bbox 1504 1170 1696 1227; x_wconf 78' lang='lat' dir='ltr'><strong>videtis</strong></span> <span class='ocrx_word' id='word_1_71' title='bbox 1720 1176 1889 1224; x_wconf 89' lang='lat' dir='ltr'><strong>totum</strong></span> <span class='ocrx_word' id='word_1_72' title='bbox 1918 1164 2104 1221; x_wconf 88' lang='lat' dir='ltr'><strong>orbem</strong></span> 
     </span>
    </p>
   </div>
   <div class='ocr_carea' id='block_1_10' title="bbox 515 1256 2107 1339">
    <p class='ocr_par' dir='ltr' id='par_1_10' title="bbox 515 1256 2107 1339">
     <span class='ocr_line' id='line_1_10' title="bbox 515 1256 2107 1339; baseline -0.013 -10"><span class='ocrx_word' id='word_1_73' title='bbox 515 1288 776 1331; x_wconf 80' lang='lat' dir='ltr'><strong>terrarum</strong></span> <span class='ocrx_word' id='word_1_74' title='bbox 800 1272 1133 1330; x_wconf 87' lang='lat' dir='ltr'><strong>Christianos</strong></span> <span class='ocrx_word' id='word_1_75' title='bbox 1170 1269 1428 1339; x_wconf 85' lang='lat' dir='ltr'><strong>implere,</strong></span> <span class='ocrx_word' id='word_1_76' title='bbox 1459 1263 1683 1321; x_wconf 83' lang='lat' dir='ltr'><strong>exhibet</strong></span> <span class='ocrx_word' id='word_1_77' title='bbox 1705 1275 1870 1316; x_wconf 80' lang='lat' dir='ltr'><strong>verax</strong></span> <span class='ocrx_word' id='word_1_78' title='bbox 1906 1256 2107 1328; x_wconf 89' lang='lat' dir='ltr'><strong>iuratio</strong></span> 
     </span>
    </p>
   </div>
   <div class='ocr_carea' id='block_1_11' title="bbox 515 1352 2109 1439">
    <p class='ocr_par' dir='ltr' id='par_1_11' title="bbox 515 1352 2109 1439">
     <span class='ocr_line' id='line_1_11' title="bbox 515 1352 2109 1439; baseline -0.014 -13"><span class='ocrx_word' id='word_1_79' title='bbox 515 1371 631 1428; x_wconf 87' lang='lat' dir='ltr'><strong>Dei.</strong></span> <span class='ocrx_word' id='word_1_80' title='bbox 663 1369 900 1439; x_wconf 90' lang='lat' dir='ltr'><strong>Itemque</strong></span> <span class='ocrx_word' id='word_1_81' title='bbox 921 1367 975 1421; x_wconf 92' lang='lat' dir='ltr'><strong>in</strong></span> <span class='ocrx_word' id='word_1_82' title='bbox 1001 1364 1226 1422; x_wconf 84' lang='lat' dir='ltr'><strong>Psalmis</strong></span> <span class='ocrx_word' id='word_1_83' title='bbox 1249 1362 1318 1419; x_wconf 89' lang='lat' dir='ltr'><strong>de</strong></span> <span class='ocrx_word' id='word_1_84' title='bbox 1340 1360 1570 1418; x_wconf 89' lang='lat' dir='ltr'><strong>Domino</strong></span> <span class='ocrx_word' id='word_1_85' title='bbox 1592 1356 1720 1413; x_wconf 86' lang='lat' dir='ltr'><strong>Jesu</strong></span> <span class='ocrx_word' id='word_1_86' title='bbox 1745 1352 1961 1411; x_wconf 92' lang='lat' dir='ltr'><strong>Christo</strong></span> <span class='ocrx_word' id='word_1_87' title='bbox 1986 1364 2109 1423; x_wconf 89' lang='lat' dir='ltr'><strong>pro-</strong></span> 
     </span>
    </p>
   </div>
   <div class='ocr_carea' id='block_1_12' title="bbox 515 1448 2109 1536">
    <p class='ocr_par' dir='ltr' id='par_1_12' title="bbox 515 1448 2109 1536">
     <span class='ocr_line' id='line_1_12' title="bbox 515 1448 2109 1536; baseline -0.014 -16"><span class='ocrx_word' id='word_1_88' title='bbox 515 1466 794 1536; x_wconf 84' lang='lat' dir='ltr'><strong>phetatum</strong></span> <span class='ocrx_word' id='word_1_89' title='bbox 818 1468 920 1524; x_wconf 89' lang='lat' dir='ltr'><strong>est.</strong></span> <span class='ocrx_word' id='word_1_90' title='bbox 947 1459 1150 1515; x_wconf 81' lang='lat' dir='ltr'><strong>Juravit</strong></span> <span class='ocrx_word' id='word_1_91' title='bbox 1177 1457 1447 1523; x_wconf 86' lang='lat' dir='ltr'><strong>Dominus,</strong></span> <span class='ocrx_word' id='word_1_92' title='bbox 1474 1463 1524 1512; x_wconf 90' lang='lat' dir='ltr'><strong>et</strong></span> <span class='ocrx_word' id='word_1_93' title='bbox 1550 1468 1651 1508; x_wconf 89' lang='lat' dir='ltr'><strong>non</strong></span> <span class='ocrx_word' id='word_1_94' title='bbox 1678 1448 1931 1522; x_wconf 66' lang='lat' dir='ltr'><strong>paenitebit</strong></span> <span class='ocrx_word' id='word_1_95' title='bbox 1954 1461 2067 1500; x_wconf 87' lang='lat' dir='ltr'><strong>eum</strong></span> <span class='ocrx_word' id='word_1_96' title='bbox 2090 1460 2109 1499; x_wconf 91' lang='lat'><strong><em>:</em></strong></span> 
     </span>
    </p>
   </div>
   <div class='ocr_carea' id='block_1_13' title="bbox 517 1540 2114 1613">
    <p class='ocr_par' dir='ltr' id='par_1_13' title="bbox 517 1540 2114 1613">
     <span class='ocr_line' id='line_1_13' title="bbox 517 1540 2114 1613; baseline -0.014 1"><span class='ocrx_word' id='word_1_97' title='bbox 517 1557 599 1613; x_wconf 84' lang='lat' dir='ltr'><strong>Tu</strong></span> <span class='ocrx_word' id='word_1_98' title='bbox 619 1576 670 1613; x_wconf 80' lang='lat' dir='ltr'><strong>es</strong></span> <span class='ocrx_word' id='word_1_99' title='bbox 693 1556 928 1613; x_wconf 74' lang='lat' dir='ltr'><strong>sacerdos</strong></span> <span class='ocrx_word' id='word_1_100' title='bbox 953 1556 1007 1610; x_wconf 90' lang='lat' dir='ltr'><strong><em>in</em></strong></span> <span class='ocrx_word' id='word_1_101' title='bbox 1029 1562 1275 1610; x_wconf 63' lang='lat' dir='ltr'><strong>internum</strong></span> <span class='ocrx_word' id='word_1_102' title='bbox 1291 1547 1568 1606; x_wconf 82' lang='lat' dir='ltr'><strong>secundum</strong></span> <span class='ocrx_word' id='word_1_103' title='bbox 1593 1544 1823 1601; x_wconf 81' lang='lat' dir='ltr'><strong>ordinent</strong></span> <span class='ocrx_word' id='word_1_104' title='bbox 1845 1540 2114 1597; x_wconf 72' lang='lat' dir='ltr'><strong>Melchise-</strong></span> 
     </span>
    </p>
   </div>
   <div class='ocr_carea' id='block_1_14' title="bbox 518 1631 2113 1721">
    <p class='ocr_par' dir='ltr' id='par_1_14' title="bbox 518 1631 2113 1721">
     <span class='ocr_line' id='line_1_14' title="bbox 518 1631 2113 1721; baseline -0.013 -17"><span class='ocrx_word' id='word_1_105' title='bbox 518 1650 646 1704; x_wconf 84' lang='lat' dir='ltr'><strong>declt</strong></span> <span class='ocrx_word' id='word_1_106' title='bbox 681 1648 851 1721; x_wconf 73' lang='lat' dir='ltr'><strong>(Pent.</strong></span> <span class='ocrx_word' id='word_1_107' title='bbox 882 1662 972 1702; x_wconf 77' lang='lat' dir='ltr'><strong>clx</strong></span> <span class='ocrx_word' id='word_1_108' title='bbox 996 1687 1011 1711; x_wconf 95' lang='lat'><strong>,</strong></span> <span class='ocrx_word' id='word_1_109' title='bbox 1043 1643 1120 1717; x_wconf 70' lang='grc'><strong>4).</strong></span> <span class='ocrx_word' id='word_1_110' title='bbox 1149 1643 1250 1712; x_wconf 86' lang='lat' dir='ltr'><strong>Qui</strong></span> <span class='ocrx_word' id='word_1_111' title='bbox 1278 1647 1541 1696; x_wconf 88' lang='lat' dir='ltr'><strong>noverunt</strong></span> <span class='ocrx_word' id='word_1_112' title='bbox 1565 1636 1905 1707; x_wconf 86' lang='lat' dir='ltr'><strong>Scripturas,</strong></span> <span class='ocrx_word' id='word_1_113' title='bbox 1935 1631 2113 1687; x_wconf 89' lang='lat' dir='ltr'><strong>sciunt</strong></span> 
     </span>
    </p>
   </div>
   <div class='ocr_carea' id='block_1_15' title="bbox 520 1724 2110 1815">
    <p class='ocr_par' dir='ltr' id='par_1_15' title="bbox 520 1724 2110 1815">
     <span class='ocr_line' id='line_1_15' title="bbox 520 1724 2110 1815; baseline -0.014 -15"><span class='ocrx_word' id='word_1_114' title='bbox 520 1743 647 1815; x_wconf 88' lang='lat' dir='ltr'><strong>quid</strong></span> <span class='ocrx_word' id='word_1_115' title='bbox 677 1741 958 1813; x_wconf 85' lang='lat' dir='ltr'><strong>protulerit</strong></span> <span class='ocrx_word' id='word_1_116' title='bbox 1005 1734 1401 1795; x_wconf 78' lang='lat' dir='ltr'><strong>Melchisedech</strong></span> <span class='ocrx_word' id='word_1_117' title='bbox 1448 1730 1702 1788; x_wconf 83' lang='lat' dir='ltr'><strong>sacerdos</strong></span> <span class='ocrx_word' id='word_1_118' title='bbox 1730 1729 1825 1785; x_wconf 87' lang='lat' dir='ltr'><strong>Dei</strong></span> <span class='ocrx_word' id='word_1_119' title='bbox 1876 1724 2110 1790; x_wconf 74' lang='lat' dir='ltr'><strong>excelsi,</strong></span> 
     </span>
    </p>
   </div>
   <div class='ocr_carea' id='block_1_16' title="bbox 521 1817 2115 1909">
    <p class='ocr_par' dir='ltr' id='par_1_16' title="bbox 521 1817 2115 1909">
     <span class='ocr_line' id='line_1_16' title="bbox 521 1817 2115 1909; baseline -0.014 -14"><span class='ocrx_word' id='word_1_120' title='bbox 521 1837 738 1909; x_wconf 85' lang='lat' dir='ltr'><strong>quando</strong></span> <span class='ocrx_word' id='word_1_121' title='bbox 781 1834 1052 1892; x_wconf 79' lang='lat' dir='ltr'><strong>benedixit</strong></span> <span class='ocrx_word' id='word_1_122' title='bbox 1077 1831 1347 1887; x_wconf 80' lang='lat' dir='ltr'><strong>Abraham</strong></span> <span class='ocrx_word' id='word_1_123' title='bbox 1392 1826 1544 1903; x_wconf 86' lang='lat' dir='ltr'><strong><em>(Gen.</em></strong></span> <span class='ocrx_word' id='word_1_124' title='bbox 1576 1840 1697 1892; x_wconf 81' lang='lat' dir='ltr'><strong>xrv,</strong></span> <span class='ocrx_word' id='word_1_125' title='bbox 1745 1820 1966 1891; x_wconf 79' lang='lat' dir='ltr'><strong>l8-‘20).</strong></span> <span class='ocrx_word' id='word_1_126' title='bbox 1997 1817 2115 1875; x_wconf 84' lang='lat' dir='ltr'><strong>Non</strong></span> 
     </span>
    </p>
   </div>
   <div class='ocr_carea' id='block_1_17' title="bbox 523 1912 2115 1998">
    <p class='ocr_par' dir='ltr' id='par_1_17' title="bbox 523 1912 2115 1998">
     <span class='ocr_line' id='line_1_17' title="bbox 523 1912 2115 1998; baseline -0.013 -14"><span class='ocrx_word' id='word_1_127' title='bbox 523 1935 738 1998; x_wconf 87' lang='lat' dir='ltr'><strong>oportet</strong></span> <span class='ocrx_word' id='word_1_128' title='bbox 764 1935 824 1982; x_wconf 88' lang='lat' dir='ltr'><strong>ut</strong></span> <span class='ocrx_word' id='word_1_129' title='bbox 862 1926 966 1982; x_wconf 89' lang='lat' dir='ltr'><strong>hoc</strong></span> <span class='ocrx_word' id='word_1_130' title='bbox 993 1936 1356 1979; x_wconf 89' lang='lat' dir='ltr'><strong>memoremus</strong></span> <span class='ocrx_word' id='word_1_131' title='bbox 1375 1962 1389 1985; x_wconf 93' lang='lat'><strong>,</strong></span> <span class='ocrx_word' id='word_1_132' title='bbox 1435 1925 1653 1989; x_wconf 88' lang='lat' dir='ltr'><strong>propter</strong></span> <span class='ocrx_word' id='word_1_133' title='bbox 1680 1912 2115 1971; x_wconf 85' lang='lat' dir='ltr'><strong>catechumenos.</strong></span> 
     </span>
    </p>
   </div>
   <div class='ocr_carea' id='block_1_18' title="bbox 525 2008 2119 2089">
    <p class='ocr_par' dir='ltr' id='par_1_18' title="bbox 525 2008 2119 2089">
     <span class='ocr_line' id='line_1_18' title="bbox 525 2008 2119 2089; baseline -0.013 -12"><span class='ocrx_word' id='word_1_134' title='bbox 525 2021 737 2078; x_wconf 85' lang='lat' dir='ltr'><strong>Fideles</strong></span> <span class='ocrx_word' id='word_1_135' title='bbox 779 2028 956 2075; x_wconf 89' lang='lat' dir='ltr'><strong>tamen</strong></span> <span class='ocrx_word' id='word_1_136' title='bbox 984 2022 1313 2089; x_wconf 76' lang='lat' dir='ltr'><strong>agnoscunt,</strong></span> <span class='ocrx_word' id='word_1_137' title='bbox 1347 2008 1798 2084; x_wconf 89' lang='lat' dir='ltr'><strong>quemadmodum</strong></span> <span class='ocrx_word' id='word_1_138' title='bbox 1829 2014 1953 2061; x_wconf 90' lang='lat' dir='ltr'><strong>ante</strong></span> <span class='ocrx_word' id='word_1_139' title='bbox 1992 2016 2119 2073; x_wconf 86' lang='lat' dir='ltr'><strong>pro-</strong></span> 
     </span>
    </p>
   </div>
   <div class='ocr_carea' id='block_1_19' title="bbox 524 2095 2122 2185">
    <p class='ocr_par' dir='ltr' id='par_1_19' title="bbox 524 2095 2122 2185">
     <span class='ocr_line' id='line_1_19' title="bbox 524 2095 2122 2185; baseline -0.01 -18"><span class='ocrx_word' id='word_1_140' title='bbox 524 2113 804 2185; x_wconf 88' lang='lat' dir='ltr'><strong>phetatum</strong></span> <span class='ocrx_word' id='word_1_141' title='bbox 840 2112 947 2179; x_wconf 90' lang='lat' dir='ltr'><strong>sit,</strong></span> <span class='ocrx_word' id='word_1_142' title='bbox 974 2109 1118 2182; x_wconf 91' lang='lat' dir='ltr'><strong>quod</strong></span> <span class='ocrx_word' id='word_1_143' title='bbox 1158 2106 1320 2163; x_wconf 91' lang='lat' dir='ltr'><strong>modo</strong></span> <span class='ocrx_word' id='word_1_144' title='bbox 1345 2105 1589 2161; x_wconf 85' lang='lat' dir='ltr'><strong>videmus</strong></span> <span class='ocrx_word' id='word_1_145' title='bbox 1620 2100 1853 2171; x_wconf 89' lang='lat' dir='ltr'><strong>impleri.</strong></span> <span class='ocrx_word' id='word_1_146' title='bbox 1888 2099 1955 2154; x_wconf 86' lang='lat' dir='ltr'><strong>Et</strong></span> <span class='ocrx_word' id='word_1_147' title='bbox 1978 2095 2122 2153; x_wconf 90' lang='lat' dir='ltr'><strong>unde</strong></span> 
     </span>
    </p>
   </div>
   <div class='ocr_carea' id='block_1_20' title="bbox 528 2191 2123 2277">
    <p class='ocr_par' dir='ltr' id='par_1_20' title="bbox 528 2191 2123 2277">
     <span class='ocr_line' id='line_1_20' title="bbox 528 2191 2123 2277; baseline -0.011 -15"><span class='ocrx_word' id='word_1_148' title='bbox 528 2206 670 2264; x_wconf 84' lang='lat' dir='ltr'><strong>hoc?</strong></span> <span class='ocrx_word' id='word_1_149' title='bbox 692 2206 828 2277; x_wconf 86' lang='lat' dir='ltr'><strong>Quia</strong></span> <span class='ocrx_word' id='word_1_150' title='bbox 868 2204 1069 2276; x_wconf 89' lang='lat' dir='ltr'><strong>iuravit</strong></span> <span class='ocrx_word' id='word_1_151' title='bbox 1096 2200 1387 2257; x_wconf 72' lang='lat' dir='ltr'><strong>Dominus.</strong></span> <span class='ocrx_word' id='word_1_152' title='bbox 1419 2198 1487 2254; x_wconf 89' lang='lat' dir='ltr'><strong>Et</strong></span> <span class='ocrx_word' id='word_1_153' title='bbox 1520 2195 1716 2267; x_wconf 75' lang='lat' dir='ltr'><strong>iuravit</strong></span> <span class='ocrx_word' id='word_1_154' title='bbox 1759 2191 2009 2248; x_wconf 76' lang='lat' dir='ltr'><strong>Dominus</strong></span> <span class='ocrx_word' id='word_1_155' title='bbox 2030 2231 2045 2257; x_wconf 92' lang='lat'><strong>,</strong></span> <span class='ocrx_word' id='word_1_156' title='bbox 2076 2198 2123 2245; x_wconf 86' lang='lat' dir='ltr'><strong><em>et</em></strong></span> 
     </span>
    </p>
   </div>
   <div class='ocr_carea' id='block_1_21' title="bbox 529 2281 2125 2371">
    <p class='ocr_par' dir='ltr' id='par_1_21' title="bbox 529 2281 2125 2371">
     <span class='ocr_line' id='line_1_21' title="bbox 529 2281 2125 2371; baseline -0.013 -15"><span class='ocrx_word' id='word_1_157' title='bbox 529 2316 632 2356; x_wconf 90' lang='lat' dir='ltr'><strong>non</strong></span> <span class='ocrx_word' id='word_1_158' title='bbox 659 2296 912 2371; x_wconf 71' lang='lat' dir='ltr'><strong>paenitebit</strong></span> <span class='ocrx_word' id='word_1_159' title='bbox 940 2311 1056 2351; x_wconf 87' lang='lat' dir='ltr'><strong>eum</strong></span> <span class='ocrx_word' id='word_1_160' title='bbox 1088 2310 1107 2350; x_wconf 91' lang='lat'><strong><em>:</em></strong></span> <span class='ocrx_word' id='word_1_161' title='bbox 1133 2308 1241 2350; x_wconf 89' lang='lat' dir='ltr'><strong>non</strong></span> <span class='ocrx_word' id='word_1_162' title='bbox 1278 2287 1550 2365; x_wconf 86' lang='lat' dir='ltr'><strong>quomodo</strong></span> <span class='ocrx_word' id='word_1_163' title='bbox 1577 2284 1844 2344; x_wconf 81' lang='lat' dir='ltr'><strong>Herodem</strong></span> <span class='ocrx_word' id='word_1_164' title='bbox 1877 2281 2125 2354; x_wconf 69' lang='lat' dir='ltr'><strong>paenituit</strong></span> 
     </span>
    </p>
   </div>
   <div class='ocr_carea' id='block_1_22' title="bbox 529 2391 969 2465">
    <p class='ocr_par' dir='ltr' id='par_1_22' title="bbox 529 2391 969 2465">
     <span class='ocr_line' id='line_1_22' title="bbox 529 2391 969 2465; baseline -0.014 -17"><span class='ocrx_word' id='word_1_165' title='bbox 529 2393 651 2465; x_wconf 84' lang='lat' dir='ltr'><strong>quia</strong></span> <span class='ocrx_word' id='word_1_166' title='bbox 679 2391 969 2461; x_wconf 85' lang='lat' dir='ltr'><strong>iuraverat.</strong></span> 
     </span>
    </p>
   </div>
   <div class='ocr_carea' id='block_1_23' title="bbox 605 2467 2124 2542">
    <p class='ocr_par' dir='ltr' id='par_1_23' title="bbox 605 2467 2124 2542">
     <span class='ocr_line' id='line_1_23' title="bbox 605 2467 2124 2542; baseline -0.015 0"><span class='ocrx_word' id='word_1_167' title='bbox 605 2482 832 2542; x_wconf 86' lang='lat' dir='ltr'><strong>CAPUT</strong></span> <span class='ocrx_word' id='word_1_168' title='bbox 873 2480 957 2537; x_wconf 86' lang='lat' dir='ltr'><strong>Ill.</strong></span> <span class='ocrx_word' id='word_1_169' title='bbox 999 2510 1071 2522; x_wconf 91' lang='lat'><strong><em>—</em></strong></span> <span class='ocrx_word' id='word_1_170' title='bbox 1110 2479 1165 2535; x_wconf 79' lang='grc'><strong>4.</strong></span> <span class='ocrx_word' id='word_1_171' title='bbox 1221 2475 1386 2532; x_wconf 83' lang='lat' dir='ltr'><strong>Nobis</strong></span> <span class='ocrx_word' id='word_1_172' title='bbox 1425 2484 1592 2529; x_wconf 86' lang='lat' dir='ltr'><strong>tamen</strong></span> <span class='ocrx_word' id='word_1_173' title='bbox 1629 2472 1809 2527; x_wconf 86' lang='lat' dir='ltr'><strong>merito</strong></span> <span class='ocrx_word' id='word_1_174' title='bbox 1850 2467 2124 2540; x_wconf 86' lang='lat' dir='ltr'><strong>prohibita.</strong></span> 
     </span>
    </p>
   </div>
   <div class='ocr_carea' id='block_1_24' title="bbox 535 2561 2131 2649">
    <p class='ocr_par' dir='ltr' id='par_1_24' title="bbox 535 2561 2131 2649">
     <span class='ocr_line' id='line_1_24' title="bbox 535 2561 2131 2649; baseline -0.012 -15"><span class='ocrx_word' id='word_1_175' title='bbox 535 2576 671 2634; x_wconf 89' lang='lat' dir='ltr'><strong>Cum</strong></span> <span class='ocrx_word' id='word_1_176' title='bbox 696 2591 825 2649; x_wconf 84' lang='lat' dir='ltr'><strong>ergo</strong></span> <span class='ocrx_word' id='word_1_177' title='bbox 851 2573 1109 2630; x_wconf 86' lang='lat' dir='ltr'><strong>Dominus</strong></span> <span class='ocrx_word' id='word_1_178' title='bbox 1133 2569 1409 2642; x_wconf 85' lang='lat' dir='ltr'><strong>iuraverit,</strong></span> <span class='ocrx_word' id='word_1_179' title='bbox 1437 2564 1869 2639; x_wconf 87' lang='lat' dir='ltr'><strong>quareDominus</strong></span> <span class='ocrx_word' id='word_1_180' title='bbox 1887 2561 2131 2618; x_wconf 86' lang='lat' dir='ltr'><strong>Christus</strong></span> 
     </span>
    </p>
   </div>
   <div class='ocr_carea' id='block_1_25' title="bbox 537 2658 2128 2741">
    <p class='ocr_par' dir='ltr' id='par_1_25' title="bbox 537 2658 2128 2741">
     <span class='ocr_line' id='line_1_25' title="bbox 537 2658 2128 2741; baseline -0.013 -13"><span class='ocrx_word' id='word_1_181' title='bbox 537 2687 667 2728; x_wconf 88' lang='lat' dir='ltr'><strong>suos</strong></span> <span class='ocrx_word' id='word_1_182' title='bbox 680 2671 861 2741; x_wconf 89' lang='lat' dir='ltr'><strong>iurare</strong></span> <span class='ocrx_word' id='word_1_183' title='bbox 881 2665 1192 2739; x_wconf 87' lang='lat' dir='ltr'><strong>prohibuit?</strong></span> <span class='ocrx_word' id='word_1_184' title='bbox 1221 2664 1346 2720; x_wconf 91' lang='lat' dir='ltr'><strong>Dico</strong></span> <span class='ocrx_word' id='word_1_185' title='bbox 1365 2677 1549 2734; x_wconf 90' lang='lat' dir='ltr'><strong>quare.</strong></span> <span class='ocrx_word' id='word_1_186' title='bbox 1575 2658 1692 2716; x_wconf 89' lang='lat' dir='ltr'><strong>Non</strong></span> <span class='ocrx_word' id='word_1_187' title='bbox 1718 2668 1801 2715; x_wconf 90' lang='lat' dir='ltr'><strong>est</strong></span> <span class='ocrx_word' id='word_1_188' title='bbox 1825 2663 2095 2728; x_wconf 88' lang='lat' dir='ltr'><strong>peccatum</strong></span> <span class='ocrx_word' id='word_1_189' title='bbox 2112 2695 2128 2721; x_wconf 92' lang='lat'><strong>,</strong></span> 
     </span>
    </p>
   </div>
   <div class='ocr_carea' id='block_1_26' title="bbox 540 2749 2133 2834">
    <p class='ocr_par' dir='ltr' id='par_1_26' title="bbox 540 2749 2133 2834">
     <span class='ocr_line' id='line_1_26' title="bbox 540 2749 2133 2834; baseline -0.011 -14"><span class='ocrx_word' id='word_1_190' title='bbox 540 2779 728 2820; x_wconf 91' lang='lat' dir='ltr'><strong>verum</strong></span> <span class='ocrx_word' id='word_1_191' title='bbox 751 2762 952 2834; x_wconf 90' lang='lat' dir='ltr'><strong>iurare.</strong></span> <span class='ocrx_word' id='word_1_192' title='bbox 999 2759 1107 2817; x_wconf 86' lang='lat' dir='ltr'><strong>Sed</strong></span> <span class='ocrx_word' id='word_1_193' title='bbox 1145 2758 1267 2829; x_wconf 87' lang='lat' dir='ltr'><strong>quia</strong></span> <span class='ocrx_word' id='word_1_194' title='bbox 1292 2755 1493 2828; x_wconf 77' lang='lat' dir='ltr'><strong>grande</strong></span> <span class='ocrx_word' id='word_1_195' title='bbox 1532 2762 1809 2825; x_wconf 88' lang='lat' dir='ltr'><strong>peccatum</strong></span> <span class='ocrx_word' id='word_1_196' title='bbox 1837 2760 1920 2807; x_wconf 89' lang='lat' dir='ltr'><strong>est</strong></span> <span class='ocrx_word' id='word_1_197' title='bbox 1943 2749 2133 2805; x_wconf 86' lang='lat' dir='ltr'><strong>falsum</strong></span> 
     </span>
    </p>
   </div>
   <div class='ocr_carea' id='block_1_27' title="bbox 540 2842 2135 2932">
    <p class='ocr_par' dir='ltr' id='par_1_27' title="bbox 540 2842 2135 2932">
     <span class='ocr_line' id='line_1_27' title="bbox 540 2842 2135 2932; baseline -0.011 -17"><span class='ocrx_word' id='word_1_198' title='bbox 540 2859 741 2932; x_wconf 89' lang='lat' dir='ltr'><strong>iurare,</strong></span> <span class='ocrx_word' id='word_1_199' title='bbox 765 2857 926 2927; x_wconf 78' lang='lat' dir='ltr'><strong>longe</strong></span> <span class='ocrx_word' id='word_1_200' title='bbox 945 2864 1027 2910; x_wconf 89' lang='lat' dir='ltr'><strong>est</strong></span> <span class='ocrx_word' id='word_1_201' title='bbox 1052 2868 1083 2908; x_wconf 88' lang='lat' dir='ltr'><strong>a</strong></span> <span class='ocrx_word' id='word_1_202' title='bbox 1113 2860 1331 2924; x_wconf 88' lang='lat' dir='ltr'><strong>peccato</strong></span> <span class='ocrx_word' id='word_1_203' title='bbox 1355 2850 1543 2905; x_wconf 81' lang='lat' dir='ltr'><strong>falsum</strong></span> <span class='ocrx_word' id='word_1_204' title='bbox 1561 2845 1774 2919; x_wconf 88' lang='lat' dir='ltr'><strong>iurandi</strong></span> <span class='ocrx_word' id='word_1_205' title='bbox 1798 2844 1891 2917; x_wconf 87' lang='lat' dir='ltr'><strong>qui</strong></span> <span class='ocrx_word' id='word_1_206' title='bbox 1914 2842 2135 2900; x_wconf 90' lang='lat' dir='ltr'><strong>omnino</strong></span> 
     </span>
    </p>
   </div>
   <div class='ocr_carea' id='block_1_28' title="bbox 544 2938 2134 3021">
    <p class='ocr_par' dir='ltr' id='par_1_28' title="bbox 544 2938 2134 3021">
     <span class='ocr_line' id='line_1_28' title="bbox 544 2938 2134 3021; baseline -0.01 -14"><span class='ocrx_word' id='word_1_207' title='bbox 544 2965 650 3007; x_wconf 89' lang='lat' dir='ltr'><strong>non</strong></span> <span class='ocrx_word' id='word_1_208' title='bbox 672 2951 817 3021; x_wconf 87' lang='lat' dir='ltr'><strong>iurat</strong></span> <span class='ocrx_word' id='word_1_209' title='bbox 845 2966 860 3003; x_wconf 86' lang='lat'><strong>:</strong></span> <span class='ocrx_word' id='word_1_210' title='bbox 892 2947 1214 3019; x_wconf 86' lang='lat' dir='ltr'><strong>propinquat</strong></span> <span class='ocrx_word' id='word_1_211' title='bbox 1243 2943 1391 3000; x_wconf 65' lang='lat' dir='ltr'><strong>falsa:</strong></span> <span class='ocrx_word' id='word_1_212' title='bbox 1413 2941 1687 3013; x_wconf 88' lang='lat' dir='ltr'><strong>iurationi,</strong></span> <span class='ocrx_word' id='word_1_213' title='bbox 1715 2939 1805 3011; x_wconf 92' lang='lat' dir='ltr'><strong>qui</strong></span> <span class='ocrx_word' id='word_1_214' title='bbox 1834 2938 1918 2994; x_wconf 90' lang='lat' dir='ltr'><strong>vel</strong></span> <span class='ocrx_word' id='word_1_215' title='bbox 1948 2952 2134 2993; x_wconf 90' lang='lat' dir='ltr'><strong>verum</strong></span> 
     </span>
    </p>
   </div>
   <div class='ocr_carea' id='block_1_29' title="bbox 541 3031 2142 3115">
    <p class='ocr_par' dir='ltr' id='par_1_29' title="bbox 541 3031 2142 3115">
     <span class='ocr_line' id='line_1_29' title="bbox 541 3031 2142 3115; baseline -0.009 -15"><span class='ocrx_word' id='word_1_216' title='bbox 541 3045 705 3115; x_wconf 86' lang='lat' dir='ltr'><strong>iurat.</strong></span> <span class='ocrx_word' id='word_1_217' title='bbox 739 3042 996 3099; x_wconf 86' lang='lat' dir='ltr'><strong>Dominus</strong></span> <span class='ocrx_word' id='word_1_218' title='bbox 1024 3053 1152 3111; x_wconf 76' lang='lat' dir='ltr'><strong>ergo</strong></span> <span class='ocrx_word' id='word_1_219' title='bbox 1170 3080 1186 3106; x_wconf 97' lang='lat'><strong>,</strong></span> <span class='ocrx_word' id='word_1_220' title='bbox 1216 3038 1305 3109; x_wconf 89' lang='lat' dir='ltr'><strong>qui</strong></span> <span class='ocrx_word' id='word_1_221' title='bbox 1335 3036 1604 3108; x_wconf 87' lang='lat' dir='ltr'><strong>prohibuit</strong></span> <span class='ocrx_word' id='word_1_222' title='bbox 1638 3035 1820 3106; x_wconf 85' lang='lat' dir='ltr'><strong>iurare</strong></span> <span class='ocrx_word' id='word_1_223' title='bbox 1839 3076 1852 3100; x_wconf 89' lang='lat'><strong>,</strong></span> <span class='ocrx_word' id='word_1_224' title='bbox 1880 3046 2041 3103; x_wconf 86' lang='lat' dir='ltr'><strong>supra</strong></span> <span class='ocrx_word' id='word_1_225' title='bbox 2066 3031 2142 3087; x_wconf 87' lang='lat' dir='ltr'><strong>ri-</strong></span> 
     </span>
    </p>
   </div>
   <div class='ocr_carea' id='block_1_30' title="bbox 547 3123 2141 3208">
    <p class='ocr_par' dir='ltr' id='par_1_30' title="bbox 547 3123 2141 3208">
     <span class='ocr_line' id='line_1_30' title="bbox 547 3123 2141 3208; baseline -0.008 -16"><span class='ocrx_word' id='word_1_226' title='bbox 547 3153 672 3208; x_wconf 91' lang='lat' dir='ltr'><strong>pam</strong></span> <span class='ocrx_word' id='word_1_227' title='bbox 700 3144 754 3192; x_wconf 90' lang='lat' dir='ltr'><strong>te</strong></span> <span class='ocrx_word' id='word_1_228' title='bbox 778 3133 950 3189; x_wconf 88' lang='lat' dir='ltr'><strong>noluit</strong></span> <span class='ocrx_word' id='word_1_229' title='bbox 974 3132 1270 3197; x_wconf 89' lang='lat' dir='ltr'><strong>ambulare,</strong></span> <span class='ocrx_word' id='word_1_230' title='bbox 1298 3143 1365 3185; x_wconf 91' lang='lat' dir='ltr'><strong>ne</strong></span> <span class='ocrx_word' id='word_1_231' title='bbox 1390 3144 1483 3200; x_wconf 89' lang='lat' dir='ltr'><strong>pes</strong></span> <span class='ocrx_word' id='word_1_232' title='bbox 1513 3139 1633 3183; x_wconf 90' lang='lat' dir='ltr'><strong>tuus</strong></span> <span class='ocrx_word' id='word_1_233' title='bbox 1662 3127 1714 3181; x_wconf 92' lang='lat' dir='ltr'><strong>in</strong></span> <span class='ocrx_word' id='word_1_234' title='bbox 1745 3134 1969 3197; x_wconf 83' lang='lat' dir='ltr'><strong>angusto</strong></span> <span class='ocrx_word' id='word_1_235' title='bbox 1998 3123 2141 3179; x_wconf 85' lang='lat' dir='ltr'><strong>laba-</strong></span> 
     </span>
    </p>
   </div>
   <div class='ocr_carea' id='block_1_31' title="bbox 529 3218 2143 3305">
    <p class='ocr_par' dir='ltr' id='par_1_31' title="bbox 529 3218 2143 3305">
     <span class='ocr_line' id='line_1_31' title="bbox 529 3218 2143 3305; baseline -0.008 -20"><span class='ocrx_word' id='word_1_236' title='bbox 529 3241 658 3305; x_wconf 86' lang='lat' dir='ltr'><strong>_tur,</strong></span> <span class='ocrx_word' id='word_1_237' title='bbox 685 3237 742 3284; x_wconf 89' lang='lat' dir='ltr'><strong>et</strong></span> <span class='ocrx_word' id='word_1_238' title='bbox 769 3226 947 3281; x_wconf 87' lang='lat' dir='ltr'><strong>cadas.</strong></span> <span class='ocrx_word' id='word_1_239' title='bbox 979 3224 1084 3279; x_wconf 86' lang='lat' dir='ltr'><strong>Sed</strong></span> <span class='ocrx_word' id='word_1_240' title='bbox 1118 3223 1374 3278; x_wconf 88' lang='lat' dir='ltr'><strong>Dominus</strong></span> <span class='ocrx_word' id='word_1_241' title='bbox 1412 3220 1645 3292; x_wconf 88' lang='lat' dir='ltr'><strong>iuravit,</strong></span> <span class='ocrx_word' id='word_1_242' title='bbox 1679 3219 1868 3290; x_wconf 89' lang='lat' dir='ltr'><strong>inquit.</strong></span> <span class='ocrx_word' id='word_1_243' title='bbox 1911 3218 2143 3274; x_wconf 91' lang='lat' dir='ltr'><strong>Securus</strong></span> 
     </span>
    </p>
   </div>
   <div class='ocr_carea' id='block_1_32' title="bbox 547 3309 2145 3393">
    <p class='ocr_par' dir='ltr' id='par_1_32' title="bbox 547 3309 2145 3393">
     <span class='ocr_line' id='line_1_32' title="bbox 547 3309 2145 3393; baseline -0.007 -16"><span class='ocrx_word' id='word_1_244' title='bbox 547 3323 692 3393; x_wconf 88' lang='lat' dir='ltr'><strong>iurat</strong></span> <span class='ocrx_word' id='word_1_245' title='bbox 714 3320 805 3392; x_wconf 89' lang='lat' dir='ltr'><strong>qui</strong></span> <span class='ocrx_word' id='word_1_246' title='bbox 827 3318 1038 3374; x_wconf 90' lang='lat' dir='ltr'><strong>mentiri</strong></span> <span class='ocrx_word' id='word_1_247' title='bbox 1065 3316 1255 3372; x_wconf 82' lang='lat' dir='ltr'><strong>nescit.</strong></span> <span class='ocrx_word' id='word_1_248' title='bbox 1282 3314 1398 3371; x_wconf 87' lang='lat' dir='ltr'><strong>Non</strong></span> <span class='ocrx_word' id='word_1_249' title='bbox 1426 3324 1477 3370; x_wconf 91' lang='lat' dir='ltr'><strong>te</strong></span> <span class='ocrx_word' id='word_1_250' title='bbox 1501 3322 1708 3370; x_wconf 88' lang='lat' dir='ltr'><strong>moveat</strong></span> <span class='ocrx_word' id='word_1_251' title='bbox 1741 3312 1862 3383; x_wconf 86' lang='lat' dir='ltr'><strong>quia</strong></span> <span class='ocrx_word' id='word_1_252' title='bbox 1887 3309 2145 3366; x_wconf 90' lang='lat' dir='ltr'><strong>Dominus</strong></span> 
     </span>
    </p>
   </div>
   <div class='ocr_carea' id='block_1_33' title="bbox 549 3403 2148 3488">
    <p class='ocr_par' dir='ltr' id='par_1_33' title="bbox 549 3403 2148 3488">
     <span class='ocr_line' id='line_1_33' title="bbox 549 3403 2148 3488; baseline -0.007 -17"><span class='ocrx_word' id='word_1_253' title='bbox 549 3415 777 3488; x_wconf 87' lang='lat' dir='ltr'><strong>iuravit;</strong></span> <span class='ocrx_word' id='word_1_254' title='bbox 824 3415 944 3486; x_wconf 88' lang='lat' dir='ltr'><strong>quia</strong></span> <span class='ocrx_word' id='word_1_255' title='bbox 987 3411 1126 3469; x_wconf 91' lang='lat' dir='ltr'><strong>forte</strong></span> <span class='ocrx_word' id='word_1_256' title='bbox 1162 3427 1267 3466; x_wconf 91' lang='lat' dir='ltr'><strong>non</strong></span> <span class='ocrx_word' id='word_1_257' title='bbox 1311 3409 1470 3467; x_wconf 90' lang='lat' dir='ltr'><strong>debet</strong></span> <span class='ocrx_word' id='word_1_258' title='bbox 1507 3409 1688 3479; x_wconf 89' lang='lat' dir='ltr'><strong>iurare</strong></span> <span class='ocrx_word' id='word_1_259' title='bbox 1727 3406 1828 3462; x_wconf 89' lang='lat' dir='ltr'><strong>nisi</strong></span> <span class='ocrx_word' id='word_1_260' title='bbox 1873 3405 2033 3461; x_wconf 91' lang='lat' dir='ltr'><strong>Deus.</strong></span> <span class='ocrx_word' id='word_1_261' title='bbox 2063 3403 2148 3460; x_wconf 89' lang='lat' dir='ltr'><strong>Tu</strong></span> 
     </span>
    </p>
   </div>
   <div class='ocr_carea' id='block_1_34' title="bbox 554 3496 2150 3578">
    <p class='ocr_par' dir='ltr' id='par_1_34' title="bbox 554 3496 2150 3578">
     <span class='ocr_line' id='line_1_34' title="bbox 554 3496 2150 3578; baseline -0.008 -14"><span class='ocrx_word' id='word_1_262' title='bbox 554 3509 699 3565; x_wconf 91' lang='lat' dir='ltr'><strong>enim</strong></span> <span class='ocrx_word' id='word_1_263' title='bbox 738 3505 953 3578; x_wconf 88' lang='lat' dir='ltr'><strong>quando</strong></span> <span class='ocrx_word' id='word_1_264' title='bbox 976 3505 1155 3576; x_wconf 91' lang='lat' dir='ltr'><strong>iuras,</strong></span> <span class='ocrx_word' id='word_1_265' title='bbox 1198 3502 1324 3575; x_wconf 93' lang='lat' dir='ltr'><strong>quid</strong></span> <span class='ocrx_word' id='word_1_266' title='bbox 1353 3500 1519 3557; x_wconf 87' lang='lat' dir='ltr'><strong>facis?</strong></span> <span class='ocrx_word' id='word_1_267' title='bbox 1546 3499 1762 3556; x_wconf 89' lang='lat' dir='ltr'><strong>Testem</strong></span> <span class='ocrx_word' id='word_1_268' title='bbox 1793 3498 1958 3555; x_wconf 90' lang='lat' dir='ltr'><strong>Deum</strong></span> <span class='ocrx_word' id='word_1_269' title='bbox 1997 3496 2150 3552; x_wconf 89' lang='lat' dir='ltr'><strong>adhi-</strong></span> 
     </span>
    </p>
   </div>
   <div class='ocr_carea' id='block_1_35' title="bbox 556 3587 2150 3666">
    <p class='ocr_par' dir='ltr' id='par_1_35' title="bbox 556 3587 2150 3666">
     <span class='ocr_line' id='line_1_35' title="bbox 556 3587 2150 3666; baseline -0.008 -11"><span class='ocrx_word' id='word_1_270' title='bbox 556 3599 672 3655; x_wconf 89' lang='lat' dir='ltr'><strong>bes.</strong></span> <span class='ocrx_word' id='word_1_271' title='bbox 703 3597 784 3652; x_wconf 90' lang='lat' dir='ltr'><strong>Tu</strong></span> <span class='ocrx_word' id='word_1_272' title='bbox 810 3596 958 3651; x_wconf 91' lang='lat' dir='ltr'><strong>illum</strong></span> <span class='ocrx_word' id='word_1_273' title='bbox 979 3636 994 3662; x_wconf 96' lang='lat'><strong>,</strong></span> <span class='ocrx_word' id='word_1_274' title='bbox 1040 3596 1154 3665; x_wconf 91' lang='lat' dir='ltr'><strong>ipse</strong></span> <span class='ocrx_word' id='word_1_275' title='bbox 1195 3609 1255 3651; x_wconf 92' lang='lat' dir='ltr'><strong>se</strong></span> <span class='ocrx_word' id='word_1_276' title='bbox 1279 3595 1476 3666; x_wconf 90' lang='lat' dir='ltr'><strong>ipsum.</strong></span> <span class='ocrx_word' id='word_1_277' title='bbox 1503 3590 1609 3649; x_wconf 89' lang='lat' dir='ltr'><strong>Sed</strong></span> <span class='ocrx_word' id='word_1_278' title='bbox 1638 3601 1692 3647; x_wconf 92' lang='lat' dir='ltr'><strong>tu</strong></span> <span class='ocrx_word' id='word_1_279' title='bbox 1722 3590 1885 3646; x_wconf 91' lang='lat' dir='ltr'><strong>homo</strong></span> <span class='ocrx_word' id='word_1_280' title='bbox 1904 3631 1919 3655; x_wconf 92' lang='lat'><strong>,</strong></span> <span class='ocrx_word' id='word_1_281' title='bbox 1947 3589 2072 3661; x_wconf 89' lang='lat' dir='ltr'><strong>quia</strong></span> <span class='ocrx_word' id='word_1_282' title='bbox 2096 3587 2150 3643; x_wconf 90' lang='lat' dir='ltr'><strong>in</strong></span> 
     </span>
    </p>
   </div>
   <div class='ocr_carea' id='block_1_36' title="bbox 556 3681 2151 3757">
    <p class='ocr_par' dir='ltr' id='par_1_36' title="bbox 556 3681 2151 3757">
     <span class='ocr_line' id='line_1_36' title="bbox 556 3681 2151 3757; baseline -0.007 -12"><span class='ocrx_word' id='word_1_283' title='bbox 556 3690 740 3746; x_wconf 88' lang='lat' dir='ltr'><strong>multis</strong></span> <span class='ocrx_word' id='word_1_284' title='bbox 767 3686 1005 3753; x_wconf 88' lang='lat' dir='ltr'><strong>falleris,</strong></span> <span class='ocrx_word' id='word_1_285' title='bbox 1035 3687 1347 3757; x_wconf 90' lang='lat' dir='ltr'><strong>plerumque</strong></span> <span class='ocrx_word' id='word_1_286' title='bbox 1375 3683 1597 3741; x_wconf 90' lang='lat' dir='ltr'><strong>adhibes</strong></span> <span class='ocrx_word' id='word_1_287' title='bbox 1637 3692 1831 3739; x_wconf 89' lang='lat' dir='ltr'><strong>testem</strong></span> <span class='ocrx_word' id='word_1_288' title='bbox 1871 3681 2151 3737; x_wconf 89' lang='lat' dir='ltr'><strong>veritatem</strong></span> 
     </span>
    </p>
   </div>
   <div class='ocr_carea' id='block_1_37' title="bbox 559 3772 2154 3850">
    <p class='ocr_par' dir='ltr' id='par_1_37' title="bbox 559 3772 2154 3850">
     <span class='ocr_line' id='line_1_37' title="bbox 559 3772 2154 3850; baseline -0.007 -12"><span class='ocrx_word' id='word_1_289' title='bbox 559 3782 627 3838; x_wconf 90' lang='lat' dir='ltr'><strong>ad</strong></span> <span class='ocrx_word' id='word_1_290' title='bbox 651 3791 794 3837; x_wconf 92' lang='lat' dir='ltr'><strong>tuam</strong></span> <span class='ocrx_word' id='word_1_291' title='bbox 825 3778 1129 3835; x_wconf 79' lang='lat' dir='ltr'><strong>falsitatem.</strong></span> <span class='ocrx_word' id='word_1_292' title='bbox 1163 3776 1465 3850; x_wconf 89' lang='lat' dir='ltr'><strong>Aliquando</strong></span> <span class='ocrx_word' id='word_1_293' title='bbox 1489 3785 1543 3832; x_wconf 91' lang='lat' dir='ltr'><strong>et</strong></span> <span class='ocrx_word' id='word_1_294' title='bbox 1564 3775 1752 3830; x_wconf 89' lang='lat' dir='ltr'><strong>nolens</strong></span> <span class='ocrx_word' id='word_1_295' title='bbox 1779 3774 1944 3829; x_wconf 91' lang='lat' dir='ltr'><strong>homo</strong></span> <span class='ocrx_word' id='word_1_296' title='bbox 1971 3772 2154 3845; x_wconf 89' lang='lat' dir='ltr'><strong>periu-</strong></span> 
     </span>
    </p>
   </div>
   <div class='ocr_carea' id='block_1_38' title="bbox 560 3864 2156 3941">
    <p class='ocr_par' dir='ltr' id='par_1_38' title="bbox 560 3864 2156 3941">
     <span class='ocr_line' id='line_1_38' title="bbox 560 3864 2156 3941; baseline -0.006 -12"><span class='ocrx_word' id='word_1_297' title='bbox 560 3882 666 3941; x_wconf 91' lang='lat' dir='ltr'><strong>rat,</strong></span> <span class='ocrx_word' id='word_1_298' title='bbox 695 3888 817 3928; x_wconf 93' lang='lat' dir='ltr'><strong>cum</strong></span> <span class='ocrx_word' id='word_1_299' title='bbox 847 3886 1034 3928; x_wconf 90' lang='lat' dir='ltr'><strong>verum</strong></span> <span class='ocrx_word' id='word_1_300' title='bbox 1069 3878 1217 3941; x_wconf 86' lang='lat' dir='ltr'><strong>putat</strong></span> <span class='ocrx_word' id='word_1_301' title='bbox 1241 3885 1361 3926; x_wconf 87' lang='lat' dir='ltr'><strong>esse</strong></span> <span class='ocrx_word' id='word_1_302' title='bbox 1389 3867 1532 3940; x_wconf 90' lang='lat' dir='ltr'><strong>quod</strong></span> <span class='ocrx_word' id='word_1_303' title='bbox 1561 3867 1724 3939; x_wconf 90' lang='lat' dir='ltr'><strong>iurat.</strong></span> <span class='ocrx_word' id='word_1_304' title='bbox 1760 3864 1880 3922; x_wconf 89' lang='lat' dir='ltr'><strong>Non</strong></span> <span class='ocrx_word' id='word_1_305' title='bbox 1905 3873 1989 3921; x_wconf 93' lang='lat' dir='ltr'><strong>est</strong></span> <span class='ocrx_word' id='word_1_306' title='bbox 2032 3864 2156 3935; x_wconf 81' lang='lat' dir='ltr'><strong>qui-</strong></span> 
     </span>
    </p>
   </div>
   <div class='ocr_carea' id='block_1_39' title="bbox 565 3957 2155 4034">
    <p class='ocr_par' dir='ltr' id='par_1_39' title="bbox 565 3957 2155 4034">
     <span class='ocr_line' id='line_1_39' title="bbox 565 3957 2155 4034; baseline -0.007 -12"><span class='ocrx_word' id='word_1_307' title='bbox 565 3966 689 4023; x_wconf 90' lang='lat' dir='ltr'><strong>dem</strong></span> <span class='ocrx_word' id='word_1_308' title='bbox 718 3975 923 4022; x_wconf 90' lang='lat' dir='ltr'><strong>tantum</strong></span> <span class='ocrx_word' id='word_1_309' title='bbox 953 3972 1251 4034; x_wconf 90' lang='lat' dir='ltr'><strong>peccatum,</strong></span> <span class='ocrx_word' id='word_1_310' title='bbox 1280 3970 1535 4034; x_wconf 91' lang='lat' dir='ltr'><strong>quantum</strong></span> <span class='ocrx_word' id='word_1_311' title='bbox 1565 3960 1683 4032; x_wconf 89' lang='lat' dir='ltr'><strong>eius</strong></span> <span class='ocrx_word' id='word_1_312' title='bbox 1720 3959 1812 4030; x_wconf 91' lang='lat' dir='ltr'><strong>qui</strong></span> <span class='ocrx_word' id='word_1_313' title='bbox 1837 3958 1939 4014; x_wconf 90' lang='lat' dir='ltr'><strong>scit</strong></span> <span class='ocrx_word' id='word_1_314' title='bbox 1966 3957 2155 4013; x_wconf 87' lang='lat' dir='ltr'><strong>falsum</strong></span> 
     </span>
    </p>
   </div>
   <div class='ocr_carea' id='block_1_40' title="bbox 563 4050 2158 4127">
    <p class='ocr_par' dir='ltr' id='par_1_40' title="bbox 563 4050 2158 4127">
     <span class='ocr_line' id='line_1_40' title="bbox 563 4050 2158 4127; baseline -0.007 -12"><span class='ocrx_word' id='word_1_315' title='bbox 563 4074 703 4126; x_wconf 88' lang='lat' dir='ltr'><strong>esse,</strong></span> <span class='ocrx_word' id='word_1_316' title='bbox 731 4067 786 4114; x_wconf 89' lang='lat' dir='ltr'><strong>et</strong></span> <span class='ocrx_word' id='word_1_317' title='bbox 811 4067 987 4113; x_wconf 90' lang='lat' dir='ltr'><strong>tamen</strong></span> <span class='ocrx_word' id='word_1_318' title='bbox 1010 4056 1174 4127; x_wconf 90' lang='lat' dir='ltr'><strong>iurat.</strong></span> <span class='ocrx_word' id='word_1_319' title='bbox 1206 4054 1416 4125; x_wconf 86' lang='lat' dir='ltr'><strong>Quanto</strong></span> <span class='ocrx_word' id='word_1_320' title='bbox 1444 4053 1654 4120; x_wconf 87' lang='lat' dir='ltr'><strong>melior,</strong></span> <span class='ocrx_word' id='word_1_321' title='bbox 1682 4060 1737 4109; x_wconf 88' lang='lat' dir='ltr'><strong>et</strong></span> <span class='ocrx_word' id='word_1_322' title='bbox 1756 4066 1785 4105; x_wconf 89' lang='lat' dir='ltr'><strong>a</strong></span> <span class='ocrx_word' id='word_1_323' title='bbox 1816 4059 2034 4122; x_wconf 88' lang='lat' dir='ltr'><strong>peccato</strong></span> <span class='ocrx_word' id='word_1_324' title='bbox 2055 4050 2158 4105; x_wconf 92' lang='lat' dir='ltr'><strong>isto</strong></span> 
     </span>
    </p>
   </div>
   <div class='ocr_carea' id='block_1_41' title="bbox 564 4144 2155 4224">
    <p class='ocr_par' dir='ltr' id='par_1_41' title="bbox 564 4144 2155 4224">
     <span class='ocr_line' id='line_1_41' title="bbox 564 4144 2155 4224; baseline -0.006 -16"><span class='ocrx_word' id='word_1_325' title='bbox 564 4152 716 4224; x_wconf 71' lang='lat' dir='ltr'><strong>gravi</strong></span> <span class='ocrx_word' id='word_1_326' title='bbox 740 4152 960 4207; x_wconf 90' lang='lat' dir='ltr'><strong>omnino</strong></span> <span class='ocrx_word' id='word_1_327' title='bbox 990 4149 1148 4221; x_wconf 77' lang='lat' dir='ltr'><strong>longe</strong></span> <span class='ocrx_word' id='word_1_328' title='bbox 1172 4147 1251 4218; x_wconf 84' lang='lat' dir='ltr'><strong>fit,</strong></span> <span class='ocrx_word' id='word_1_329' title='bbox 1277 4148 1365 4220; x_wconf 89' lang='lat' dir='ltr'><strong>qui</strong></span> <span class='ocrx_word' id='word_1_330' title='bbox 1391 4146 1539 4203; x_wconf 85' lang='lat' dir='ltr'><strong>audit</strong></span> <span class='ocrx_word' id='word_1_331' title='bbox 1560 4146 1842 4203; x_wconf 91' lang='lat' dir='ltr'><strong>Dominum</strong></span> <span class='ocrx_word' id='word_1_332' title='bbox 1862 4144 2155 4212; x_wconf 90' lang='lat' dir='ltr'><strong>Christum,</strong></span> 
     </span>
    </p>
   </div>
   <div class='ocr_carea' id='block_1_42' title="bbox 566 4242 953 4313">
    <p class='ocr_par' dir='ltr' id='par_1_42' title="bbox 566 4242 953 4313">
     <span class='ocr_line' id='line_1_42' title="bbox 566 4242 953 4313; baseline -0.013 -12"><span class='ocrx_word' id='word_1_333' title='bbox 566 4255 622 4301; x_wconf 89' lang='lat' dir='ltr'><strong>et</strong></span> <span class='ocrx_word' id='word_1_334' title='bbox 650 4259 755 4299; x_wconf 91' lang='lat' dir='ltr'><strong>non</strong></span> <span class='ocrx_word' id='word_1_335' title='bbox 770 4242 953 4313; x_wconf 81' lang='lat' dir='ltr'><strong>iurat?</strong></span> 
     </span>
    </p>
   </div>
   <div class='ocr_carea' id='block_1_43' title="bbox 638 4328 2162 4403">
    <p class='ocr_par' dir='ltr' id='par_1_43' title="bbox 638 4328 2162 4403">
     <span class='ocr_line' id='line_1_43' title="bbox 638 4328 2162 4403; baseline -0.005 -12"><span class='ocrx_word' id='word_1_336' title='bbox 638 4333 868 4391; x_wconf 85' lang='lat' dir='ltr'><strong>CAPUT</strong></span> <span class='ocrx_word' id='word_1_337' title='bbox 905 4332 994 4389; x_wconf 79' lang='grc' dir='ltr'><strong>Ν.</strong></span> <span class='ocrx_word' id='word_1_338' title='bbox 1019 4363 1093 4375; x_wconf 89' lang='lat'><strong>——</strong></span> <span class='ocrx_word' id='word_1_339' title='bbox 1118 4334 1175 4391; x_wconf 84' lang='lat'><strong>5.</strong></span> <span class='ocrx_word' id='word_1_340' title='bbox 1205 4330 1526 4389; x_wconf 81' lang='lat' dir='ltr'><strong>Consuetudo</strong></span> <span class='ocrx_word' id='word_1_341' title='bbox 1545 4329 1762 4403; x_wconf 83' lang='lat' dir='ltr'><strong>jurandi</strong></span> <span class='ocrx_word' id='word_1_342' title='bbox 1795 4329 1856 4385; x_wconf 84' lang='lat' dir='ltr'><strong>ab</strong></span> <span class='ocrx_word' id='word_1_343' title='bbox 1880 4328 2162 4403; x_wconf 83' lang='lat' dir='ltr'><strong>Augustino</strong></span> 
     </span>
    </p>
   </div>
   <div class='ocr_carea' id='block_1_44' title="bbox 570 4420 2165 4496">
    <p class='ocr_par' dir='ltr' id='par_1_44' title="bbox 570 4420 2165 4496">
     <span class='ocr_line' id='line_1_44' title="bbox 570 4420 2165 4496; baseline -0.004 -11"><span class='ocrx_word' id='word_1_344' title='bbox 570 4430 723 4485; x_wconf 72' lang='lat' dir='ltr'><strong>uicta.</strong></span> <span class='ocrx_word' id='word_1_345' title='bbox 763 4426 887 4483; x_wconf 84' lang='lat' dir='ltr'><strong>Scio</strong></span> <span class='ocrx_word' id='word_1_346' title='bbox 927 4439 1090 4496; x_wconf 81' lang='lat' dir='ltr'><strong>grave</strong></span> <span class='ocrx_word' id='word_1_347' title='bbox 1133 4438 1255 4481; x_wconf 88' lang='lat' dir='ltr'><strong>esse</strong></span> <span class='ocrx_word' id='word_1_348' title='bbox 1291 4422 1662 4481; x_wconf 91' lang='lat' dir='ltr'><strong>consuetudini</strong></span> <span class='ocrx_word' id='word_1_349' title='bbox 1710 4431 1902 4478; x_wconf 70' lang='lat' dir='ltr'><strong>vestrae</strong></span> <span class='ocrx_word' id='word_1_350' title='bbox 1940 4440 1954 4477; x_wconf 92' lang='lat'><strong>:</strong></span> <span class='ocrx_word' id='word_1_351' title='bbox 1985 4420 2081 4479; x_wconf 90' lang='lat' dir='ltr'><strong>sed</strong></span> <span class='ocrx_word' id='word_1_352' title='bbox 2110 4430 2165 4480; x_wconf 86' lang='lat' dir='ltr'><strong>et</strong></span> 
     </span>
    </p>
   </div>
   <div class='ocr_carea' id='block_1_45' title="bbox 571 4514 2165 4593">
    <p class='ocr_par' dir='ltr' id='par_1_45' title="bbox 571 4514 2165 4593">
     <span class='ocr_line' id='line_1_45' title="bbox 571 4514 2165 4593; baseline -0.005 -15"><span class='ocrx_word' id='word_1_353' title='bbox 571 4536 733 4593; x_wconf 78' lang='lat' dir='ltr'><strong>grave</strong></span> <span class='ocrx_word' id='word_1_354' title='bbox 752 4520 850 4575; x_wconf 84' lang='lat' dir='ltr'><strong>fuit</strong></span> <span class='ocrx_word' id='word_1_355' title='bbox 867 4514 1242 4575; x_wconf 88' lang='lat' dir='ltr'><strong>consuetudini</strong></span> <span class='ocrx_word' id='word_1_356' title='bbox 1263 4526 1480 4574; x_wconf 68' lang='lat' dir='ltr'><strong>nostris.</strong></span> <span class='ocrx_word' id='word_1_357' title='bbox 1503 4515 1767 4573; x_wconf 89' lang='lat' dir='ltr'><strong>Timendo</strong></span> <span class='ocrx_word' id='word_1_358' title='bbox 1791 4515 1959 4572; x_wconf 85' lang='lat' dir='ltr'><strong>Deum</strong></span> <span class='ocrx_word' id='word_1_359' title='bbox 1980 4514 2165 4571; x_wconf 60' lang='lat' dir='ltr'><strong>abstuc</strong></span> 
     </span>
    </p>
   </div>
   <div class='ocr_carea' id='block_1_46' title="bbox 573 4607 2167 4686">
    <p class='ocr_par' dir='ltr' id='par_1_46' title="bbox 573 4607 2167 4686">
     <span class='ocr_line' id='line_1_46' title="bbox 573 4607 2167 4686; baseline -0.008 -13"><span class='ocrx_word' id='word_1_360' title='bbox 573 4616 734 4673; x_wconf 89' lang='lat' dir='ltr'><strong>limus</strong></span> <span class='ocrx_word' id='word_1_361' title='bbox 756 4614 1079 4686; x_wconf 87' lang='lat' dir='ltr'><strong>iurationem</strong></span> <span class='ocrx_word' id='word_1_362' title='bbox 1110 4611 1177 4666; x_wconf 91' lang='lat' dir='ltr'><strong>de</strong></span> <span class='ocrx_word' id='word_1_363' title='bbox 1200 4626 1295 4667; x_wconf 90' lang='lat' dir='ltr'><strong>ore</strong></span> <span class='ocrx_word' id='word_1_364' title='bbox 1320 4620 1525 4666; x_wconf 91' lang='lat' dir='ltr'><strong>nostro.</strong></span> <span class='ocrx_word' id='word_1_365' title='bbox 1564 4610 1702 4665; x_wconf 85' lang='lat' dir='ltr'><strong>Ecce</strong></span> <span class='ocrx_word' id='word_1_366' title='bbox 1732 4608 2005 4665; x_wconf 89' lang='lat' dir='ltr'><strong>vobiscum</strong></span> <span class='ocrx_word' id='word_1_367' title='bbox 2030 4607 2167 4662; x_wconf 82' lang='lat' dir='ltr'><strong>vivi-</strong></span> 
     </span>
    </p>
   </div>
   <div class='ocr_carea' id='block_1_47' title="bbox 575 4699 2169 4777">
    <p class='ocr_par' dir='ltr' id='par_1_47' title="bbox 575 4699 2169 4777">
     <span class='ocr_line' id='line_1_47' title="bbox 575 4699 2169 4777; baseline -0.005 -14"><span class='ocrx_word' id='word_1_368' title='bbox 575 4722 697 4764; x_wconf 88' lang='lat' dir='ltr'><strong>mus</strong></span> <span class='ocrx_word' id='word_1_369' title='bbox 727 4723 742 4761; x_wconf 91' lang='lat'><strong>:</strong></span> <span class='ocrx_word' id='word_1_370' title='bbox 770 4706 890 4777; x_wconf 90' lang='lat' dir='ltr'><strong>quis</strong></span> <span class='ocrx_word' id='word_1_371' title='bbox 919 4719 1018 4760; x_wconf 91' lang='lat' dir='ltr'><strong>nos</strong></span> <span class='ocrx_word' id='word_1_372' title='bbox 1043 4702 1328 4774; x_wconf 89' lang='lat' dir='ltr'><strong>aliquando</strong></span> <span class='ocrx_word' id='word_1_373' title='bbox 1365 4701 1567 4759; x_wconf 85' lang='lat' dir='ltr'><strong>audivit</strong></span> <span class='ocrx_word' id='word_1_374' title='bbox 1590 4701 1878 4772; x_wconf 79' lang='lat' dir='ltr'><strong>iurantes?</strong></span> <span class='ocrx_word' id='word_1_375' title='bbox 1903 4699 2169 4772; x_wconf 82' lang='lat' dir='ltr'><strong>Numquid</strong></span> 
     </span>
    </p>
   </div>
   <div class='ocr_carea' id='block_1_48' title="bbox 577 4792 2170 4868">
    <p class='ocr_par' dir='ltr' id='par_1_48' title="bbox 577 4792 2170 4868">
     <span class='ocr_line' id='line_1_48' title="bbox 577 4792 2170 4868; baseline -0.006 -10"><span class='ocrx_word' id='word_1_376' title='bbox 577 4815 687 4858; x_wconf 89' lang='lat' dir='ltr'><strong>non</strong></span> <span class='ocrx_word' id='word_1_377' title='bbox 712 4812 1094 4856; x_wconf 89' lang='lat' dir='ltr'><strong>consueveram</strong></span> <span class='ocrx_word' id='word_1_378' title='bbox 1135 4793 1370 4868; x_wconf 78' lang='lat' dir='ltr'><strong>quatidie</strong></span> <span class='ocrx_word' id='word_1_379' title='bbox 1392 4794 1610 4867; x_wconf 84' lang='lat' dir='ltr'><strong>iurare?</strong></span> <span class='ocrx_word' id='word_1_380' title='bbox 1638 4795 1708 4850; x_wconf 85' lang='lat' dir='ltr'><strong>At</strong></span> <span class='ocrx_word' id='word_1_381' title='bbox 1744 4793 1832 4849; x_wconf 91' lang='lat' dir='ltr'><strong>ubi</strong></span> <span class='ocrx_word' id='word_1_382' title='bbox 1858 4793 1995 4864; x_wconf 83' lang='lat' dir='ltr'><strong>legi,</strong></span> <span class='ocrx_word' id='word_1_383' title='bbox 2023 4801 2078 4850; x_wconf 88' lang='lat' dir='ltr'><strong>et</strong></span> <span class='ocrx_word' id='word_1_384' title='bbox 2101 4792 2170 4848; x_wconf 91' lang='lat' dir='ltr'><strong>ti-</strong></span> 
     </span>
    </p>
   </div>
   <div class='ocr_carea' id='block_1_49' title="bbox 577 4888 2173 4963">
    <p class='ocr_par' dir='ltr' id='par_1_49' title="bbox 577 4888 2173 4963">
     <span class='ocr_line' id='line_1_49' title="bbox 577 4888 2173 4963; baseline -0.005 -11"><span class='ocrx_word' id='word_1_385' title='bbox 577 4896 716 4963; x_wconf 92' lang='lat' dir='ltr'><strong>mui,</strong></span> <span class='ocrx_word' id='word_1_386' title='bbox 745 4895 976 4951; x_wconf 89' lang='lat' dir='ltr'><strong>luctatus</strong></span> <span class='ocrx_word' id='word_1_387' title='bbox 1013 4907 1131 4947; x_wconf 90' lang='lat' dir='ltr'><strong>sum</strong></span> <span class='ocrx_word' id='word_1_388' title='bbox 1174 4899 1358 4947; x_wconf 89' lang='lat' dir='ltr'><strong>contra</strong></span> <span class='ocrx_word' id='word_1_389' title='bbox 1393 4888 1835 4945; x_wconf 90' lang='lat' dir='ltr'><strong>consuetudinem</strong></span> <span class='ocrx_word' id='word_1_390' title='bbox 1876 4902 2053 4946; x_wconf 88' lang='lat' dir='ltr'><strong>meam</strong></span> <span class='ocrx_word' id='word_1_391' title='bbox 2074 4930 2088 4955; x_wconf 92' lang='lat'><strong>,</strong></span> <span class='ocrx_word' id='word_1_392' title='bbox 2117 4888 2173 4944; x_wconf 90' lang='lat' dir='ltr'><strong>in</strong></span> 
     </span>
    </p>
   </div>
   <div class='ocr_carea' id='block_1_50' title="bbox 579 4980 2176 5058">
    <p class='ocr_par' dir='ltr' id='par_1_50' title="bbox 579 4980 2176 5058">
     <span class='ocr_line' id='line_1_50' title="bbox 579 4980 2176 5058; baseline -0.004 -16"><span class='ocrx_word' id='word_1_393' title='bbox 579 4986 695 5058; x_wconf 88' lang='lat' dir='ltr'><strong>ipsa</strong></span> <span class='ocrx_word' id='word_1_394' title='bbox 720 4985 1010 5042; x_wconf 88' lang='lat' dir='ltr'><strong>luctatione</strong></span> <span class='ocrx_word' id='word_1_395' title='bbox 1039 4982 1281 5039; x_wconf 89' lang='lat' dir='ltr'><strong>invocavi</strong></span> <span class='ocrx_word' id='word_1_396' title='bbox 1306 4981 1587 5038; x_wconf 90' lang='lat' dir='ltr'><strong>Dominum</strong></span> <span class='ocrx_word' id='word_1_397' title='bbox 1609 4980 1935 5054; x_wconf 90' lang='lat' dir='ltr'><strong>adiutorem.</strong></span> <span class='ocrx_word' id='word_1_398' title='bbox 1960 4981 2176 5038; x_wconf 71' lang='lat' dir='ltr'><strong>Priesti-</strong></span> 
     </span>
    </p>
   </div>
   <div class='ocr_carea' id='block_1_51' title="bbox 583 5075 2174 5148">
    <p class='ocr_par' dir='ltr' id='par_1_51' title="bbox 583 5075 2174 5148">
     <span class='ocr_line' id='line_1_51' title="bbox 583 5075 2174 5148; baseline -0.001 -15"><span class='ocrx_word' id='word_1_399' title='bbox 583 5080 646 5133; x_wconf 86' lang='lat' dir='ltr'><strong>tit</strong></span> <span class='ocrx_word' id='word_1_400' title='bbox 672 5076 802 5132; x_wconf 91' lang='lat' dir='ltr'><strong>mihi</strong></span> <span class='ocrx_word' id='word_1_401' title='bbox 831 5077 1089 5132; x_wconf 90' lang='lat' dir='ltr'><strong>Dominus</strong></span> <span class='ocrx_word' id='word_1_402' title='bbox 1114 5075 1433 5148; x_wconf 88' lang='lat' dir='ltr'><strong>adiutorium</strong></span> <span class='ocrx_word' id='word_1_403' title='bbox 1469 5091 1573 5132; x_wconf 91' lang='lat' dir='ltr'><strong>non</strong></span> <span class='ocrx_word' id='word_1_404' title='bbox 1598 5075 1833 5146; x_wconf 86' lang='lat' dir='ltr'><strong>iurandi.</strong></span> <span class='ocrx_word' id='word_1_405' title='bbox 1872 5076 2015 5133; x_wconf 86' lang='lat' dir='ltr'><strong>Nihil</strong></span> <span class='ocrx_word' id='word_1_406' title='bbox 2043 5076 2174 5132; x_wconf 92' lang='lat' dir='ltr'><strong>mihi</strong></span> 
     </span>
    </p>
   </div>
   <div class='ocr_carea' id='block_1_52' title="bbox 584 5169 2177 5242">
    <p class='ocr_par' dir='ltr' id='par_1_52' title="bbox 584 5169 2177 5242">
     <span class='ocr_line' id='line_1_52' title="bbox 584 5169 2177 5242; baseline 0 -17"><span class='ocrx_word' id='word_1_407' title='bbox 584 5170 789 5227; x_wconf 81' lang='lat' dir='ltr'><strong>facilius</strong></span> <span class='ocrx_word' id='word_1_408' title='bbox 807 5177 910 5238; x_wconf 89' lang='lat' dir='ltr'><strong>est,</strong></span> <span class='ocrx_word' id='word_1_409' title='bbox 938 5185 1097 5241; x_wconf 89' lang='lat' dir='ltr'><strong>quam</strong></span> <span class='ocrx_word' id='word_1_410' title='bbox 1120 5185 1227 5226; x_wconf 88' lang='lat' dir='ltr'><strong>non</strong></span> <span class='ocrx_word' id='word_1_411' title='bbox 1248 5170 1451 5242; x_wconf 87' lang='lat' dir='ltr'><strong>iurare.</strong></span> <span class='ocrx_word' id='word_1_412' title='bbox 1476 5169 1588 5226; x_wconf 85' lang='lat' dir='ltr'><strong>Hoc</strong></span> <span class='ocrx_word' id='word_1_413' title='bbox 1608 5169 1730 5227; x_wconf 91' lang='lat' dir='ltr'><strong>ideo</strong></span> <span class='ocrx_word' id='word_1_414' title='bbox 1755 5170 2010 5227; x_wconf 89' lang='lat' dir='ltr'><strong>admonui</strong></span> <span class='ocrx_word' id='word_1_415' title='bbox 2034 5170 2177 5227; x_wconf 89' lang='lat' dir='ltr'><strong>Cha-</strong></span> 
     </span>
    </p>
   </div>
   <div class='ocr_carea' id='block_1_53' title="bbox 586 5263 2180 5336">
    <p class='ocr_par' dir='ltr' id='par_1_53' title="bbox 586 5263 2180 5336">
     <span class='ocr_line' id='line_1_53' title="bbox 586 5263 2180 5336; baseline 0 -15"><span class='ocrx_word' id='word_1_416' title='bbox 586 5266 797 5321; x_wconf 86' lang='lat' dir='ltr'><strong>ritatem</strong></span> <span class='ocrx_word' id='word_1_417' title='bbox 823 5271 1087 5334; x_wconf 89' lang='lat' dir='ltr'><strong>vestram,</strong></span> <span class='ocrx_word' id='word_1_418' title='bbox 1129 5280 1198 5322; x_wconf 90' lang='lat' dir='ltr'><strong>ne</strong></span> <span class='ocrx_word' id='word_1_419' title='bbox 1226 5264 1415 5322; x_wconf 88' lang='lat' dir='ltr'><strong>dicatis</strong></span> <span class='ocrx_word' id='word_1_420' title='bbox 1433 5307 1449 5334; x_wconf 94' lang='lat'><strong>,</strong></span> <span class='ocrx_word' id='word_1_421' title='bbox 1481 5263 1613 5333; x_wconf 84' lang='lat' dir='ltr'><strong>Quis</strong></span> <span class='ocrx_word' id='word_1_422' title='bbox 1636 5265 1852 5336; x_wconf 80' lang='lat' dir='ltr'><strong>potest?</strong></span> <span class='ocrx_word' id='word_1_423' title='bbox 1880 5265 1925 5321; x_wconf 93' lang='grc' dir='ltr'><strong>Ο</strong></span> <span class='ocrx_word' id='word_1_424' title='bbox 1956 5266 2000 5321; x_wconf 91' lang='lat' dir='ltr'><strong>si</strong></span> <span class='ocrx_word' id='word_1_425' title='bbox 2038 5264 2180 5321; x_wconf 87' lang='lat' dir='ltr'><strong>Deus</strong></span> 
     </span>
    </p>
   </div>
   <div class='ocr_carea' id='block_1_54' title="bbox 589 5356 2177 5431">
    <p class='ocr_par' dir='ltr' id='par_1_54' title="bbox 589 5356 2177 5431">
     <span class='ocr_line' id='line_1_54' title="bbox 589 5356 2177 5431; baseline 0 -16"><span class='ocrx_word' id='word_1_426' title='bbox 589 5359 871 5415; x_wconf 87' lang='lat' dir='ltr'><strong>timeatur!</strong></span> <span class='ocrx_word' id='word_1_427' title='bbox 903 5374 937 5413; x_wconf 91' lang='grc' dir='ltr'><strong>ο</strong></span> <span class='ocrx_word' id='word_1_428' title='bbox 961 5357 1005 5414; x_wconf 91' lang='lat' dir='ltr'><strong>si</strong></span> <span class='ocrx_word' id='word_1_429' title='bbox 1037 5358 1235 5429; x_wconf 89' lang='lat' dir='ltr'><strong>periuri</strong></span> <span class='ocrx_word' id='word_1_430' title='bbox 1274 5358 1663 5428; x_wconf 81' lang='lat' dir='ltr'><strong>expavescant!</strong></span> <span class='ocrx_word' id='word_1_431' title='bbox 1701 5357 1880 5431; x_wconf 79' lang='lat' dir='ltr'><strong>lingua</strong></span> <span class='ocrx_word' id='word_1_432' title='bbox 1918 5356 2177 5430; x_wconf 89' lang='lat' dir='ltr'><strong>frenatur,</strong></span> 
     </span>
    </p>
   </div>
   <div class='ocr_carea' id='block_1_55' title="bbox 590 5449 1617 5523">
    <p class='ocr_par' dir='ltr' id='par_1_55' title="bbox 590 5449 1617 5523">
     <span class='ocr_line' id='line_1_55' title="bbox 590 5449 1617 5523; baseline -0.006 -13"><span class='ocrx_word' id='word_1_433' title='bbox 590 5452 787 5510; x_wconf 83' lang='lat' dir='ltr'><strong>veritas</strong></span> <span class='ocrx_word' id='word_1_434' title='bbox 814 5460 1047 5520; x_wconf 88' lang='lat' dir='ltr'><strong>tenetur,</strong></span> <span class='ocrx_word' id='word_1_435' title='bbox 1067 5450 1263 5521; x_wconf 88' lang='lat' dir='ltr'><strong>iuratio</strong></span> <span class='ocrx_word' id='word_1_436' title='bbox 1291 5449 1496 5507; x_wconf 90' lang='lat' dir='ltr'><strong>tollitur</strong></span> <span class='ocrx_word' id='word_1_437' title='bbox 1524 5449 1617 5523; x_wconf 91' lang='lat' dir='ltr'><strong>(a).</strong></span> 
     </span>
    </p>
   </div>
   <div class='ocr_carea' id='block_1_56' title="bbox 657 5626 1179 5695">
    <p class='ocr_par' dir='ltr' id='par_1_56' title="bbox 657 5626 1179 5695">
     <span class='ocr_line' id='line_1_56' title="bbox 657 5626 1179 5695; baseline -0.006 -13"><span class='ocrx_word' id='word_1_438' title='bbox 657 5627 737 5695; x_wconf 78' lang='grc' dir='ltr'><strong>(α)</strong></span> <span class='ocrx_word' id='word_1_439' title='bbox 755 5629 875 5682; x_wconf 74' lang='lat' dir='ltr'><strong>vide</strong></span> <span class='ocrx_word' id='word_1_440' title='bbox 894 5639 1048 5683; x_wconf 64' lang='lat' dir='ltr'><strong>eam.</strong></span> <span class='ocrx_word' id='word_1_441' title='bbox 1069 5626 1179 5681; x_wconf 74' lang='grc' dir='ltr'><strong>ια).</strong></span> 
     </span>
    </p>
   </div>
   <div class='ocr_carea' id='block_1_57' title="bbox 1746 386 2561 456">
    <p class='ocr_par' dir='ltr' id='par_1_57' title="bbox 1746 386 2561 456">
     <span class='ocr_line' id='line_1_57' title="bbox 1746 386 2561 456; baseline -0.012 -1"><span class='ocrx_word' id='word_1_442' title='bbox 1746 398 1805 456; x_wconf 89' lang='lat' dir='ltr'><strong>S.</strong></span> <span class='ocrx_word' id='word_1_443' title='bbox 1846 388 2217 454; x_wconf 78' lang='lat' dir='ltr'><strong>AUGUSTINI</strong></span> <span class='ocrx_word' id='word_1_444' title='bbox 2256 386 2561 447; x_wconf 82' lang='lat' dir='ltr'><strong>EPISCOPI</strong></span> 
     </span>
    </p>
   </div>
   <div class='ocr_carea' id='block_1_58' title="bbox 3661 379 3806 441">
    <p class='ocr_par' dir='ltr' id='par_1_58' title="bbox 3661 379 3806 441">
     <span class='ocr_line' id='line_1_58' title="bbox 3661 379 3806 441; baseline 0.014 -2"><span class='ocrx_word' id='word_1_445' title='bbox 3661 379 3806 441; x_wconf 68' lang='grc'><strong>1408</strong></span> 
     </span>
    </p>
   </div>
   <div class='ocr_carea' id='block_1_59' title="bbox 2653 500 3347 576">
    <p class='ocr_par' dir='ltr' id='par_1_59' title="bbox 2653 500 3347 576">
     <span class='ocr_line' id='line_1_59' title="bbox 2653 500 3347 576; baseline -0.009 -14"><span class='ocrx_word' id='word_1_446' title='bbox 2653 503 2888 563; x_wconf 77' lang='lat' dir='ltr'><strong>SERMO</strong></span> <span class='ocrx_word' id='word_1_447' title='bbox 2921 501 3203 561; x_wconf 64' lang='lat' dir='ltr'><strong>cocvnr</strong></span> <span class='ocrx_word' id='word_1_448' title='bbox 3246 500 3347 576; x_wconf 83' lang='lat' dir='ltr'><strong>(a).</strong></span> 
     </span>
    </p>
   </div>
   <div class='ocr_carea' id='block_1_60' title="bbox 2672 615 3333 678">
    <p class='ocr_par' dir='ltr' id='par_1_60' title="bbox 2672 615 3333 678">
     <span class='ocr_line' id='line_1_60' title="bbox 2672 615 3333 678; baseline -0.005 -9"><span class='ocrx_word' id='word_1_449' title='bbox 2672 626 2724 668; x_wconf 87' lang='lat' dir='ltr'><strong>tu</strong></span> <span class='ocrx_word' id='word_1_450' title='bbox 2741 617 2915 669; x_wconf 89' lang='lat' dir='ltr'><strong>eadem</strong></span> <span class='ocrx_word' id='word_1_451' title='bbox 2928 615 3263 678; x_wconf 79' lang='lat' dir='ltr'><strong>solemnitate,</strong></span> <span class='ocrx_word' id='word_1_452' title='bbox 3279 629 3333 667; x_wconf 91' lang='lat' dir='ltr'><strong>u.</strong></span> 
     </span>
    </p>
   </div>
   <div class='ocr_carea' id='block_1_61' title="bbox 2277 717 3815 789">
    <p class='ocr_par' dir='ltr' id='par_1_61' title="bbox 2277 717 3815 789">
     <span class='ocr_line' id='line_1_61' title="bbox 2277 717 3815 789; baseline -0.007 -7"><span class='ocrx_word' id='word_1_453' title='bbox 2277 724 2505 783; x_wconf 83' lang='lat' dir='ltr'><strong>CAPUT</strong></span> <span class='ocrx_word' id='word_1_454' title='bbox 2543 722 2823 780; x_wconf 81' lang='lat' dir='ltr'><strong>PRIMUM.</strong></span> <span class='ocrx_word' id='word_1_455' title='bbox 2849 738 2921 765; x_wconf 70' lang='grc' dir='ltr'><strong>-ι</strong></span> <span class='ocrx_word' id='word_1_456' title='bbox 2976 723 3026 777; x_wconf 82' lang='grc'><strong>1.</strong></span> <span class='ocrx_word' id='word_1_457' title='bbox 3076 719 3308 777; x_wconf 84' lang='lat' dir='ltr'><strong>Herodes</strong></span> <span class='ocrx_word' id='word_1_458' title='bbox 3344 720 3398 775; x_wconf 88' lang='lat' dir='ltr'><strong>in</strong></span> <span class='ocrx_word' id='word_1_459' title='bbox 3432 717 3684 789; x_wconf 77' lang='lat' dir='ltr'><strong>angustiis</strong></span> <span class='ocrx_word' id='word_1_460' title='bbox 3723 726 3815 772; x_wconf 73' lang='lat' dir='ltr'><strong>aut</strong></span> 
     </span>
    </p>
   </div>
   <div class='ocr_carea' id='block_1_62' title="bbox 2210 811 3817 894">
    <p class='ocr_par' dir='ltr' id='par_1_62' title="bbox 2210 811 3817 894">
     <span class='ocr_line' id='line_1_62' title="bbox 2210 811 3817 894; baseline -0.006 -18"><span class='ocrx_word' id='word_1_461' title='bbox 2210 821 2422 894; x_wconf 73' lang='lat' dir='ltr'><strong>periurii</strong></span> <span class='ocrx_word' id='word_1_462' title='bbox 2449 828 2537 875; x_wconf 88' lang='lat' dir='ltr'><strong>aut</strong></span> <span class='ocrx_word' id='word_1_463' title='bbox 2572 819 2768 875; x_wconf 86' lang='lat' dir='ltr'><strong>cruenti</strong></span> <span class='ocrx_word' id='word_1_464' title='bbox 2795 818 3034 888; x_wconf 81' lang='lat' dir='ltr'><strong>facinoris</strong></span> <span class='ocrx_word' id='word_1_465' title='bbox 3070 814 3391 870; x_wconf 85' lang='lat' dir='ltr'><strong>admittendi.</strong></span> <span class='ocrx_word' id='word_1_466' title='bbox 3417 814 3651 883; x_wconf 87' lang='lat' dir='ltr'><strong>Propter</strong></span> <span class='ocrx_word' id='word_1_467' title='bbox 3671 811 3817 867; x_wconf 85' lang='lat' dir='ltr'><strong>hunc</strong></span> 
     </span>
    </p>
   </div>
   <div class='ocr_carea' id='block_1_63' title="bbox 2209 906 3816 985">
    <p class='ocr_par' dir='ltr' id='par_1_63' title="bbox 2209 906 3816 985">
     <span class='ocr_line' id='line_1_63' title="bbox 2209 906 3816 985; baseline -0.007 -15"><span class='ocrx_word' id='word_1_468' title='bbox 2209 915 2422 981; x_wconf 89' lang='lat' dir='ltr'><strong>locum,</strong></span> <span class='ocrx_word' id='word_1_469' title='bbox 2481 929 2639 985; x_wconf 88' lang='lat' dir='ltr'><strong>quem</strong></span> <span class='ocrx_word' id='word_1_470' title='bbox 2689 911 2850 967; x_wconf 89' lang='lat' dir='ltr'><strong>hodie</strong></span> <span class='ocrx_word' id='word_1_471' title='bbox 2900 910 3231 975; x_wconf 89' lang='lat' dir='ltr'><strong>audivimus,</strong></span> <span class='ocrx_word' id='word_1_472' title='bbox 3280 923 3402 964; x_wconf 90' lang='lat' dir='ltr'><strong>cum</strong></span> <span class='ocrx_word' id='word_1_473' title='bbox 3461 906 3816 977; x_wconf 78' lang='lat' dir='ltr'><strong>Evangelium</strong></span> 
     </span>
    </p>
   </div>
   <div class='ocr_carea' id='block_1_64' title="bbox 2210 1000 3817 1072">
    <p class='ocr_par' dir='ltr' id='par_1_64' title="bbox 2210 1000 3817 1072">
     <span class='ocr_line' id='line_1_64' title="bbox 2210 1000 3817 1072; baseline -0.006 -10"><span class='ocrx_word' id='word_1_474' title='bbox 2210 1007 2547 1072; x_wconf 85' lang='lat' dir='ltr'><strong>recitaretur,</strong></span> <span class='ocrx_word' id='word_1_475' title='bbox 2576 1005 2698 1061; x_wconf 89' lang='lat' dir='ltr'><strong>dico</strong></span> <span class='ocrx_word' id='word_1_476' title='bbox 2741 1002 3001 1061; x_wconf 90' lang='lat' dir='ltr'><strong>Charitati</strong></span> <span class='ocrx_word' id='word_1_477' title='bbox 3040 1009 3237 1058; x_wconf 74' lang='lat' dir='ltr'><strong>vestrae</strong></span> <span class='ocrx_word' id='word_1_478' title='bbox 3271 1019 3285 1056; x_wconf 91' lang='lat'>:</span> <span class='ocrx_word' id='word_1_479' title='bbox 3315 1000 3514 1056; x_wconf 87' lang='lat' dir='ltr'><strong>videtis</strong></span> <span class='ocrx_word' id='word_1_480' title='bbox 3557 1000 3817 1054; x_wconf 80' lang='lat' dir='ltr'><strong>miserum</strong></span> 
     </span>
    </p>
   </div>
   <div class='ocr_carea' id='block_1_65' title="bbox 2210 1089 3822 1161">
    <p class='ocr_par' dir='ltr' id='par_1_65' title="bbox 2210 1089 3822 1161">
     <span class='ocr_line' id='line_1_65' title="bbox 2210 1089 3822 1161; baseline -0.006 -9"><span class='ocrx_word' id='word_1_481' title='bbox 2210 1096 2369 1153; x_wconf 85' lang='lat' dir='ltr'><strong>istum</strong></span> <span class='ocrx_word' id='word_1_482' title='bbox 2398 1096 2661 1152; x_wconf 87' lang='lat' dir='ltr'><strong>Herodem</strong></span> <span class='ocrx_word' id='word_1_483' title='bbox 2684 1137 2699 1161; x_wconf 92' lang='lat'><strong>,</strong></span> <span class='ocrx_word' id='word_1_484' title='bbox 2732 1093 2995 1151; x_wconf 82' lang='lat' dir='ltr'><strong>Joannem</strong></span> <span class='ocrx_word' id='word_1_485' title='bbox 3022 1101 3265 1149; x_wconf 90' lang='lat' dir='ltr'><strong>sanctum</strong></span> <span class='ocrx_word' id='word_1_486' title='bbox 3290 1091 3464 1146; x_wconf 88' lang='lat' dir='ltr'><strong>virum</strong></span> <span class='ocrx_word' id='word_1_487' title='bbox 3506 1098 3563 1145; x_wconf 90' lang='lat' dir='ltr'><strong>et</strong></span> <span class='ocrx_word' id='word_1_488' title='bbox 3592 1090 3688 1145; x_wconf 87' lang='lat' dir='ltr'><strong>Dei</strong></span> <span class='ocrx_word' id='word_1_489' title='bbox 3722 1089 3822 1142; x_wconf 84' lang='lat' dir='ltr'><strong>ho-</strong></span> 
     </span>
    </p>
   </div>
   <div class='ocr_carea' id='block_1_66' title="bbox 2214 1182 3823 1256">
    <p class='ocr_par' dir='ltr' id='par_1_66' title="bbox 2214 1182 3823 1256">
     <span class='ocr_line' id='line_1_66' title="bbox 2214 1182 3823 1256; baseline -0.004 -13"><span class='ocrx_word' id='word_1_490' title='bbox 2214 1188 2411 1244; x_wconf 89' lang='lat' dir='ltr'><strong>minem</strong></span> <span class='ocrx_word' id='word_1_491' title='bbox 2438 1187 2689 1244; x_wconf 82' lang='lat' dir='ltr'><strong>dilexisse</strong></span> <span class='ocrx_word' id='word_1_492' title='bbox 2718 1205 2732 1240; x_wconf 91' lang='lat'>:</span> <span class='ocrx_word' id='word_1_493' title='bbox 2760 1187 2854 1242; x_wconf 90' lang='lat' dir='ltr'><strong>sed</strong></span> <span class='ocrx_word' id='word_1_494' title='bbox 2884 1186 3136 1256; x_wconf 91' lang='lat' dir='ltr'><strong>quoniam</strong></span> <span class='ocrx_word' id='word_1_495' title='bbox 3167 1192 3371 1240; x_wconf 88' lang='lat' dir='ltr'><strong>temere</strong></span> <span class='ocrx_word' id='word_1_496' title='bbox 3404 1182 3609 1254; x_wconf 87' lang='lat' dir='ltr'><strong>iuravit</strong></span> <span class='ocrx_word' id='word_1_497' title='bbox 3636 1182 3823 1239; x_wconf 87' lang='lat' dir='ltr'><strong>ebrius</strong></span> 
     </span>
    </p>
   </div>
   <div class='ocr_carea' id='block_1_67' title="bbox 2213 1273 3824 1346">
    <p class='ocr_par' dir='ltr' id='par_1_67' title="bbox 2213 1273 3824 1346">
     <span class='ocr_line' id='line_1_67' title="bbox 2213 1273 3824 1346; baseline -0.007 -7"><span class='ocrx_word' id='word_1_498' title='bbox 2213 1281 2397 1339; x_wconf 73' lang='lat' dir='ltr'><strong>laititia</strong></span> <span class='ocrx_word' id='word_1_499' title='bbox 2432 1290 2488 1337; x_wconf 92' lang='lat' dir='ltr'><strong>et</strong></span> <span class='ocrx_word' id='word_1_500' title='bbox 2511 1279 2868 1336; x_wconf 87' lang='lat' dir='ltr'><strong>delectatione</strong></span> <span class='ocrx_word' id='word_1_501' title='bbox 2893 1277 3157 1343; x_wconf 87' lang='lat' dir='ltr'><strong>saltantis,</strong></span> <span class='ocrx_word' id='word_1_502' title='bbox 3187 1278 3436 1333; x_wconf 88' lang='lat' dir='ltr'><strong>daturum</strong></span> <span class='ocrx_word' id='word_1_503' title='bbox 3471 1291 3534 1331; x_wconf 86' lang='lat' dir='ltr'><strong>se</strong></span> <span class='ocrx_word' id='word_1_504' title='bbox 3574 1273 3824 1346; x_wconf 77' lang='lat' dir='ltr'><strong>promisit</strong></span> 
     </span>
    </p>
   </div>
   <div class='ocr_carea' id='block_1_68' title="bbox 2215 1370 3822 1447">
    <p class='ocr_par' dir='ltr' id='par_1_68' title="bbox 2215 1370 3822 1447">
     <span class='ocr_line' id='line_1_68' title="bbox 2215 1370 3822 1447; baseline -0.002 -18"><span class='ocrx_word' id='word_1_505' title='bbox 2215 1373 2472 1447; x_wconf 88' lang='lat' dir='ltr'><strong>quidquid</strong></span> <span class='ocrx_word' id='word_1_506' title='bbox 2512 1374 2599 1430; x_wconf 88' lang='lat' dir='ltr'><strong>illa</strong></span> <span class='ocrx_word' id='word_1_507' title='bbox 2641 1374 2816 1445; x_wconf 89' lang='lat' dir='ltr'><strong>puella</strong></span> <span class='ocrx_word' id='word_1_508' title='bbox 2837 1416 2852 1442; x_wconf 92' lang='lat'><strong>,</strong></span> <span class='ocrx_word' id='word_1_509' title='bbox 2881 1387 3001 1445; x_wconf 66' lang='lat' dir='ltr'><strong>qua:</strong></span> <span class='ocrx_word' id='word_1_510' title='bbox 3035 1370 3280 1427; x_wconf 86' lang='lat' dir='ltr'><strong>saltando</strong></span> <span class='ocrx_word' id='word_1_511' title='bbox 3320 1371 3616 1441; x_wconf 88' lang='lat' dir='ltr'><strong>placuerat,</strong></span> <span class='ocrx_word' id='word_1_512' title='bbox 3651 1382 3822 1439; x_wconf 50' lang='lat' dir='ltr'><strong>popa-</strong></span> 
     </span>
    </p>
   </div>
   <div class='ocr_carea' id='block_1_69' title="bbox 2217 1460 3825 1537">
    <p class='ocr_par' dir='ltr' id='par_1_69' title="bbox 2217 1460 3825 1537">
     <span class='ocr_line' id='line_1_69' title="bbox 2217 1460 3825 1537; baseline -0.006 -15"><span class='ocrx_word' id='word_1_513' title='bbox 2217 1467 2428 1523; x_wconf 89' lang='lat' dir='ltr'><strong>scisset.</strong></span> <span class='ocrx_word' id='word_1_514' title='bbox 2461 1467 2534 1521; x_wconf 82' lang='lat' dir='ltr'><strong>At</strong></span> <span class='ocrx_word' id='word_1_515' title='bbox 2563 1466 2652 1521; x_wconf 91' lang='lat' dir='ltr'><strong>ubi</strong></span> <span class='ocrx_word' id='word_1_516' title='bbox 2683 1465 2927 1537; x_wconf 89' lang='lat' dir='ltr'><strong>poposcit</strong></span> <span class='ocrx_word' id='word_1_517' title='bbox 2964 1479 3079 1520; x_wconf 90' lang='lat' dir='ltr'><strong>rem</strong></span> <span class='ocrx_word' id='word_1_518' title='bbox 3120 1462 3393 1519; x_wconf 87' lang='lat' dir='ltr'><strong>crudelem</strong></span> <span class='ocrx_word' id='word_1_519' title='bbox 3437 1470 3493 1517; x_wconf 88' lang='lat' dir='ltr'><strong>et</strong></span> <span class='ocrx_word' id='word_1_520' title='bbox 3526 1460 3825 1528; x_wconf 87' lang='lat' dir='ltr'><strong>nefariam,</strong></span> 
     </span>
    </p>
   </div>
   <div class='ocr_carea' id='block_1_70' title="bbox 2217 1550 3826 1625">
    <p class='ocr_par' dir='ltr' id='par_1_70' title="bbox 2217 1550 3826 1625">
     <span class='ocr_line' id='line_1_70' title="bbox 2217 1550 3826 1625; baseline -0.006 -11"><span class='ocrx_word' id='word_1_521' title='bbox 2217 1558 2563 1614; x_wconf 89' lang='lat' dir='ltr'><strong>contristatus</strong></span> <span class='ocrx_word' id='word_1_522' title='bbox 2586 1565 2670 1612; x_wconf 91' lang='lat' dir='ltr'><strong>est</strong></span> <span class='ocrx_word' id='word_1_523' title='bbox 2697 1556 2948 1625; x_wconf 88' lang='lat' dir='ltr'><strong>quidem;</strong></span> <span class='ocrx_word' id='word_1_524' title='bbox 2977 1554 3191 1611; x_wconf 87' lang='lat' dir='ltr'><strong>videbat</strong></span> <span class='ocrx_word' id='word_1_525' title='bbox 3215 1553 3360 1610; x_wconf 89' lang='lat' dir='ltr'><strong>enim</strong></span> <span class='ocrx_word' id='word_1_526' title='bbox 3398 1562 3607 1607; x_wconf 88' lang='lat' dir='ltr'><strong>tantum</strong></span> <span class='ocrx_word' id='word_1_527' title='bbox 3650 1550 3826 1607; x_wconf 79' lang='lat' dir='ltr'><strong>scelus</strong></span> 
     </span>
    </p>
   </div>
   <div class='ocr_carea' id='block_1_71' title="bbox 2220 1643 3829 1719">
    <p class='ocr_par' dir='ltr' id='par_1_71' title="bbox 2220 1643 3829 1719">
     <span class='ocr_line' id='line_1_71' title="bbox 2220 1643 3829 1719; baseline -0.006 -14"><span class='ocrx_word' id='word_1_528' title='bbox 2220 1649 2334 1707; x_wconf 84' lang='lat' dir='ltr'><strong>fieri</strong></span> <span class='ocrx_word' id='word_1_529' title='bbox 2360 1667 2374 1704; x_wconf 90' lang='lat'><strong>:</strong></span> <span class='ocrx_word' id='word_1_530' title='bbox 2403 1650 2497 1705; x_wconf 91' lang='lat' dir='ltr'><strong>sed</strong></span> <span class='ocrx_word' id='word_1_531' title='bbox 2524 1648 2727 1719; x_wconf 90' lang='lat' dir='ltr'><strong>positus</strong></span> <span class='ocrx_word' id='word_1_532' title='bbox 2752 1648 2892 1703; x_wconf 90' lang='lat' dir='ltr'><strong>inter</strong></span> <span class='ocrx_word' id='word_1_533' title='bbox 2904 1647 3230 1718; x_wconf 89' lang='lat' dir='ltr'><strong>iurationem</strong></span> <span class='ocrx_word' id='word_1_534' title='bbox 3254 1659 3407 1701; x_wconf 88' lang='lat' dir='ltr'><strong>suam</strong></span> <span class='ocrx_word' id='word_1_535' title='bbox 3435 1653 3491 1699; x_wconf 90' lang='lat' dir='ltr'><strong>et</strong></span> <span class='ocrx_word' id='word_1_536' title='bbox 3516 1643 3709 1714; x_wconf 77' lang='lat' dir='ltr'><strong>puclla:</strong></span> <span class='ocrx_word' id='word_1_537' title='bbox 3729 1658 3829 1714; x_wconf 63' lang='lat' dir='ltr'><strong>pec</strong></span> 
     </span>
    </p>
   </div>
   <div class='ocr_carea' id='block_1_72' title="bbox 2222 1735 3830 1809">
    <p class='ocr_par' dir='ltr' id='par_1_72' title="bbox 2222 1735 3830 1809">
     <span class='ocr_line' id='line_1_72' title="bbox 2222 1735 3830 1809; baseline -0.006 -11"><span class='ocrx_word' id='word_1_538' title='bbox 2222 1742 2489 1809; x_wconf 88' lang='lat' dir='ltr'><strong>titionem,</strong></span> <span class='ocrx_word' id='word_1_539' title='bbox 2517 1741 2606 1798; x_wconf 89' lang='lat' dir='ltr'><strong>ubi</strong></span> <span class='ocrx_word' id='word_1_540' title='bbox 2634 1740 2847 1796; x_wconf 90' lang='lat' dir='ltr'><strong>videbat</strong></span> <span class='ocrx_word' id='word_1_541' title='bbox 2874 1747 3157 1795; x_wconf 90' lang='lat' dir='ltr'><strong>cruentum</strong></span> <span class='ocrx_word' id='word_1_542' title='bbox 3186 1736 3410 1803; x_wconf 87' lang='lat' dir='ltr'><strong>facinus,</strong></span> <span class='ocrx_word' id='word_1_543' title='bbox 3435 1736 3509 1792; x_wconf 88' lang='lat' dir='ltr'><strong>ibi</strong></span> <span class='ocrx_word' id='word_1_544' title='bbox 3540 1751 3731 1791; x_wconf 87' lang='lat' dir='ltr'><strong>rursus</strong></span> <span class='ocrx_word' id='word_1_545' title='bbox 3757 1735 3830 1790; x_wconf 74' lang='grc' dir='ltr'><strong>ιε-</strong></span> 
     </span>
    </p>
   </div>
   <div class='ocr_carea' id='block_1_73' title="bbox 2222 1831 3827 1906">
    <p class='ocr_par' dir='ltr' id='par_1_73' title="bbox 2222 1831 3827 1906">
     <span class='ocr_line' id='line_1_73' title="bbox 2222 1831 3827 1906; baseline -0.005 -14"><span class='ocrx_word' id='word_1_546' title='bbox 2222 1836 2401 1893; x_wconf 87' lang='lat' dir='ltr'><strong>mebat</strong></span> <span class='ocrx_word' id='word_1_547' title='bbox 2416 1847 2623 1892; x_wconf 86' lang='lat' dir='ltr'><strong>reatum</strong></span> <span class='ocrx_word' id='word_1_548' title='bbox 2651 1833 2907 1906; x_wconf 87' lang='lat' dir='ltr'><strong>periurii;</strong></span> <span class='ocrx_word' id='word_1_549' title='bbox 2935 1848 3007 1889; x_wconf 90' lang='lat' dir='ltr'><strong>ne</strong></span> <span class='ocrx_word' id='word_1_550' title='bbox 3025 1833 3196 1888; x_wconf 90' lang='lat' dir='ltr'><strong>Deum</strong></span> <span class='ocrx_word' id='word_1_551' title='bbox 3218 1831 3517 1889; x_wconf 84' lang='lat' dir='ltr'><strong>oll&#39;enderet</strong></span> <span class='ocrx_word' id='word_1_552' title='bbox 3545 1832 3827 1900; x_wconf 85' lang='lat' dir='ltr'><strong>periuran-</strong></span> 
     </span>
    </p>
   </div>
   <div class='ocr_carea' id='block_1_74' title="bbox 2223 1922 3835 1996">
    <p class='ocr_par' dir='ltr' id='par_1_74' title="bbox 2223 1922 3835 1996">
     <span class='ocr_line' id='line_1_74' title="bbox 2223 1922 3835 1996; baseline -0.006 -10"><span class='ocrx_word' id='word_1_553' title='bbox 2223 1930 2324 1996; x_wconf 91' lang='lat' dir='ltr'><strong>do,</strong></span> <span class='ocrx_word' id='word_1_554' title='bbox 2357 1930 2523 1986; x_wconf 90' lang='lat' dir='ltr'><strong>Deum</strong></span> <span class='ocrx_word' id='word_1_555' title='bbox 2553 1927 2775 1985; x_wconf 72' lang='lat' dir='ltr'><strong>otiendit</strong></span> <span class='ocrx_word' id='word_1_556' title='bbox 2801 1926 3073 1984; x_wconf 66' lang='lat' dir='ltr'><strong>saeviendo</strong></span> <span class='ocrx_word' id='word_1_557' title='bbox 3100 1926 3120 1996; x_wconf 92' lang='lat'>(</span> <span class='ocrx_word' id='word_1_558' title='bbox 3138 1924 3365 1980; x_wconf 67' lang='lat' dir='ltr'><strong>Marem</strong></span> <span class='ocrx_word' id='word_1_559' title='bbox 3385 1966 3402 1992; x_wconf 89' lang='lat'><strong>,</strong></span> <span class='ocrx_word' id='word_1_560' title='bbox 3436 1922 3666 1996; x_wconf 71' lang='lat'><strong>17-28).</strong></span> <span class='ocrx_word' id='word_1_561' title='bbox 3697 1923 3835 1978; x_wconf 83' lang='lat' dir='ltr'><strong>Dicit</strong></span> 
     </span>
    </p>
   </div>
   <div class='ocr_carea' id='block_1_75' title="bbox 2226 2014 3836 2093">
    <p class='ocr_par' dir='ltr' id='par_1_75' title="bbox 2226 2014 3836 2093">
     <span class='ocr_line' id='line_1_75' title="bbox 2226 2014 3836 2093; baseline -0.004 -15"><span class='ocrx_word' id='word_1_562' title='bbox 2226 2022 2359 2079; x_wconf 90' lang='lat' dir='ltr'><strong>mihi</strong></span> <span class='ocrx_word' id='word_1_563' title='bbox 2385 2022 2574 2093; x_wconf 90' lang='lat' dir='ltr'><strong>aliquis</strong></span> <span class='ocrx_word' id='word_1_564' title='bbox 2604 2037 2618 2075; x_wconf 91' lang='lat'>:</span> <span class='ocrx_word' id='word_1_565' title='bbox 2652 2019 2789 2090; x_wconf 90' lang='lat' dir='ltr'><strong>Quid</strong></span> <span class='ocrx_word' id='word_1_566' title='bbox 2826 2034 2957 2091; x_wconf 78' lang='lat' dir='ltr'><strong>ergo</strong></span> <span class='ocrx_word' id='word_1_567' title='bbox 2999 2018 3186 2075; x_wconf 90' lang='lat' dir='ltr'><strong>debuit</strong></span> <span class='ocrx_word' id='word_1_568' title='bbox 3231 2017 3407 2073; x_wconf 87' lang='lat' dir='ltr'><strong>facere</strong></span> <span class='ocrx_word' id='word_1_569' title='bbox 3446 2014 3738 2071; x_wconf 79' lang='lat' dir='ltr'><strong>Herodes?</strong></span> <span class='ocrx_word' id='word_1_570' title='bbox 3775 2014 3836 2071; x_wconf 97' lang='lat' dir='ltr'><strong>Si</strong></span> 
     </span>
    </p>
   </div>
   <div class='ocr_carea' id='block_1_76' title="bbox 2226 2110 3830 2185">
    <p class='ocr_par' dir='ltr' id='par_1_76' title="bbox 2226 2110 3830 2185">
     <span class='ocr_line' id='line_1_76' title="bbox 2226 2110 3830 2185; baseline -0.004 -13"><span class='ocrx_word' id='word_1_571' title='bbox 2226 2116 2436 2182; x_wconf 84' lang='lat' dir='ltr'><strong>dixero,</strong></span> <span class='ocrx_word' id='word_1_572' title='bbox 2460 2114 2578 2171; x_wconf 90' lang='lat' dir='ltr'><strong>Non</strong></span> <span class='ocrx_word' id='word_1_573' title='bbox 2605 2114 2788 2171; x_wconf 90' lang='lat' dir='ltr'><strong>debuit</strong></span> <span class='ocrx_word' id='word_1_574' title='bbox 2820 2113 3003 2185; x_wconf 88' lang='lat' dir='ltr'><strong>iurare</strong></span> <span class='ocrx_word' id='word_1_575' title='bbox 3032 2130 3045 2167; x_wconf 90' lang='lat'><strong>:</strong></span> <span class='ocrx_word' id='word_1_576' title='bbox 3074 2113 3195 2185; x_wconf 91' lang='lat' dir='ltr'><strong>quis</strong></span> <span class='ocrx_word' id='word_1_577' title='bbox 3223 2127 3333 2168; x_wconf 87' lang='lat' dir='ltr'><strong>non</strong></span> <span class='ocrx_word' id='word_1_578' title='bbox 3361 2111 3538 2167; x_wconf 86' lang='lat' dir='ltr'><strong>videat</strong></span> <span class='ocrx_word' id='word_1_579' title='bbox 3570 2110 3682 2166; x_wconf 87' lang='lat' dir='ltr'><strong>hoc</strong></span> <span class='ocrx_word' id='word_1_580' title='bbox 3709 2126 3830 2166; x_wconf 87' lang='lat' dir='ltr'><strong>eum</strong></span> 
     </span>
    </p>
   </div>
   <div class='ocr_carea' id='block_1_77' title="bbox 2228 2202 3832 2270">
    <p class='ocr_par' dir='ltr' id='par_1_77' title="bbox 2228 2202 3832 2270">
     <span class='ocr_line' id='line_1_77' title="bbox 2228 2202 3832 2270; baseline -0.004 -5"><span class='ocrx_word' id='word_1_581' title='bbox 2228 2224 2336 2265; x_wconf 89' lang='lat' dir='ltr'><strong>non</strong></span> <span class='ocrx_word' id='word_1_582' title='bbox 2368 2207 2543 2264; x_wconf 89' lang='lat' dir='ltr'><strong>facere</strong></span> <span class='ocrx_word' id='word_1_583' title='bbox 2584 2205 2874 2262; x_wconf 82' lang='lat' dir='ltr'><strong>debuisse?</strong></span> <span class='ocrx_word' id='word_1_584' title='bbox 2913 2204 3020 2261; x_wconf 91' lang='lat' dir='ltr'><strong>Sed</strong></span> <span class='ocrx_word' id='word_1_585' title='bbox 3060 2219 3167 2260; x_wconf 90' lang='lat' dir='ltr'><strong>non</strong></span> <span class='ocrx_word' id='word_1_586' title='bbox 3198 2204 3456 2260; x_wconf 84' lang='lat' dir='ltr'><strong>consuler</strong></span> <span class='ocrx_word' id='word_1_587' title='bbox 3482 2202 3554 2259; x_wconf 90' lang='lat' dir='ltr'><strong>de</strong></span> <span class='ocrx_word' id='word_1_588' title='bbox 3582 2202 3832 2270; x_wconf 85' lang='lat' dir='ltr'><strong>homine,</strong></span> 
     </span>
    </p>
   </div>
   <div class='ocr_carea' id='block_1_78' title="bbox 2230 2296 3841 2371">
    <p class='ocr_par' dir='ltr' id='par_1_78' title="bbox 2230 2296 3841 2371">
     <span class='ocr_line' id='line_1_78' title="bbox 2230 2296 3841 2371; baseline -0.005 -13"><span class='ocrx_word' id='word_1_589' title='bbox 2230 2312 2407 2358; x_wconf 91' lang='lat' dir='ltr'><strong>utrum</strong></span> <span class='ocrx_word' id='word_1_590' title='bbox 2429 2303 2613 2371; x_wconf 87' lang='lat' dir='ltr'><strong>iurare</strong></span> <span class='ocrx_word' id='word_1_591' title='bbox 2635 2300 2866 2365; x_wconf 86' lang='lat' dir='ltr'><strong>debeat;</strong></span> <span class='ocrx_word' id='word_1_592' title='bbox 2894 2299 2987 2355; x_wconf 90' lang='lat' dir='ltr'><strong>sed</strong></span> <span class='ocrx_word' id='word_1_593' title='bbox 3013 2297 3141 2370; x_wconf 89' lang='lat' dir='ltr'><strong>quid</strong></span> <span class='ocrx_word' id='word_1_594' title='bbox 3168 2298 3343 2353; x_wconf 85' lang='lat' dir='ltr'><strong>facere</strong></span> <span class='ocrx_word' id='word_1_595' title='bbox 3365 2297 3563 2352; x_wconf 85' lang='lat' dir='ltr'><strong>debeat</strong></span> <span class='ocrx_word' id='word_1_596' title='bbox 3583 2296 3841 2368; x_wconf 82' lang='lat' dir='ltr'><strong>quiiura-</strong></span> 
     </span>
    </p>
   </div>
   <div class='ocr_carea' id='block_1_79' title="bbox 2231 2389 3841 2465">
    <p class='ocr_par' dir='ltr' id='par_1_79' title="bbox 2231 2389 3841 2465">
     <span class='ocr_line' id='line_1_79' title="bbox 2231 2389 3841 2465; baseline -0.004 -16"><span class='ocrx_word' id='word_1_597' title='bbox 2231 2394 2327 2450; x_wconf 90' lang='lat' dir='ltr'><strong>vit.</strong></span> <span class='ocrx_word' id='word_1_598' title='bbox 2353 2393 2467 2465; x_wconf 90' lang='lat' dir='ltr'><strong>Ipsa</strong></span> <span class='ocrx_word' id='word_1_599' title='bbox 2497 2401 2580 2448; x_wconf 87' lang='lat' dir='ltr'><strong>est</strong></span> <span class='ocrx_word' id='word_1_600' title='bbox 2611 2407 2801 2463; x_wconf 80' lang='lat' dir='ltr'><strong>magna</strong></span> <span class='ocrx_word' id='word_1_601' title='bbox 2830 2390 3166 2449; x_wconf 84' lang='lat' dir='ltr'><strong>deliberatio.</strong></span> <span class='ocrx_word' id='word_1_602' title='bbox 3196 2390 3423 2447; x_wconf 86' lang='lat' dir='ltr'><strong>Temere</strong></span> <span class='ocrx_word' id='word_1_603' title='bbox 3445 2389 3652 2461; x_wconf 79' lang='lat' dir='ltr'><strong>iuravit</strong></span> <span class='ocrx_word' id='word_1_604' title='bbox 3681 2390 3841 2460; x_wconf 84' lang='lat' dir='ltr'><strong>:quis</strong></span> 
     </span>
    </p>
   </div>
   <div class='ocr_carea' id='block_1_80' title="bbox 2233 2482 3845 2554">
    <p class='ocr_par' dir='ltr' id='par_1_80' title="bbox 2233 2482 3845 2554">
     <span class='ocr_line' id='line_1_80' title="bbox 2233 2482 3845 2554; baseline -0.003 -12"><span class='ocrx_word' id='word_1_605' title='bbox 2233 2486 2479 2542; x_wconf 81' lang='lat' dir='ltr'><strong>nesciat?</strong></span> <span class='ocrx_word' id='word_1_606' title='bbox 2508 2484 2709 2540; x_wconf 88' lang='lat' dir='ltr'><strong>Tamen</strong></span> <span class='ocrx_word' id='word_1_607' title='bbox 2735 2483 2916 2553; x_wconf 86' lang='lat' dir='ltr'><strong>lapsus</strong></span> <span class='ocrx_word' id='word_1_608' title='bbox 2953 2491 3055 2549; x_wconf 89' lang='lat' dir='ltr'><strong>est,</strong></span> <span class='ocrx_word' id='word_1_609' title='bbox 3081 2482 3333 2553; x_wconf 66' lang='lat' dir='ltr'><strong>iuravit‘.</strong></span> <span class='ocrx_word' id='word_1_610' title='bbox 3367 2482 3511 2539; x_wconf 87' lang='lat' dir='ltr'><strong>Ecce</strong></span> <span class='ocrx_word' id='word_1_611' title='bbox 3542 2483 3724 2553; x_wconf 88' lang='lat' dir='ltr'><strong>puella</strong></span> <span class='ocrx_word' id='word_1_612' title='bbox 3748 2498 3845 2554; x_wconf 90' lang='lat' dir='ltr'><strong>pe-</strong></span> 
     </span>
    </p>
   </div>
   <div class='ocr_carea' id='block_1_81' title="bbox 2237 2574 3844 2649">
    <p class='ocr_par' dir='ltr' id='par_1_81' title="bbox 2237 2574 3844 2649">
     <span class='ocr_line' id='line_1_81' title="bbox 2237 2574 3844 2649; baseline -0.002 -13"><span class='ocrx_word' id='word_1_613' title='bbox 2237 2580 2355 2636; x_wconf 90' lang='lat' dir='ltr'><strong>tivit</strong></span> <span class='ocrx_word' id='word_1_614' title='bbox 2390 2586 2549 2649; x_wconf 88' lang='lat' dir='ltr'><strong>caput</strong></span> <span class='ocrx_word' id='word_1_615' title='bbox 2572 2578 2742 2634; x_wconf 85' lang='lat' dir='ltr'><strong>sancti</strong></span> <span class='ocrx_word' id='word_1_616' title='bbox 2771 2576 2999 2639; x_wconf 85' lang='lat' dir='ltr'><strong>Joannis</strong></span> <span class='ocrx_word' id='word_1_617' title='bbox 3031 2593 3044 2630; x_wconf 90' lang='lat'><strong>:</strong></span> <span class='ocrx_word' id='word_1_618' title='bbox 3077 2575 3205 2646; x_wconf 90' lang='lat' dir='ltr'><strong>quid</strong></span> <span class='ocrx_word' id='word_1_619' title='bbox 3239 2576 3417 2631; x_wconf 82' lang='lat' dir='ltr'><strong>facere</strong></span> <span class='ocrx_word' id='word_1_620' title='bbox 3453 2574 3640 2632; x_wconf 90' lang='lat' dir='ltr'><strong>debuit</strong></span> <span class='ocrx_word' id='word_1_621' title='bbox 3672 2576 3844 2632; x_wconf 88' lang='lat' dir='ltr'><strong>Hero-</strong></span> 
     </span>
    </p>
   </div>
   <div class='ocr_carea' id='block_1_82' title="bbox 2236 2665 3845 2733">
    <p class='ocr_par' dir='ltr' id='par_1_82' title="bbox 2236 2665 3845 2733">
     <span class='ocr_line' id='line_1_82' title="bbox 2236 2665 3845 2733; baseline -0.005 -6"><span class='ocrx_word' id='word_1_622' title='bbox 2236 2670 2373 2727; x_wconf 87' lang='lat' dir='ltr'><strong>des?</strong></span> <span class='ocrx_word' id='word_1_623' title='bbox 2399 2670 2595 2725; x_wconf 90' lang='lat' dir='ltr'><strong>Demus</strong></span> <span class='ocrx_word' id='word_1_624' title='bbox 2634 2668 2711 2723; x_wconf 92' lang='lat' dir='ltr'><strong>illi</strong></span> <span class='ocrx_word' id='word_1_625' title='bbox 2740 2667 3045 2723; x_wconf 84' lang='lat' dir='ltr'><strong>consilium.</strong></span> <span class='ocrx_word' id='word_1_626' title='bbox 3068 2666 3124 2723; x_wconf 90' lang='lat' dir='ltr'><strong>Si</strong></span> <span class='ocrx_word' id='word_1_627' title='bbox 3149 2666 3465 2733; x_wconf 81' lang='lat' dir='ltr'><strong>dixerimus,</strong></span> <span class='ocrx_word' id='word_1_628' title='bbox 3489 2665 3663 2723; x_wconf 87' lang='lat' dir='ltr'><strong>Parce</strong></span> <span class='ocrx_word' id='word_1_629' title='bbox 3683 2665 3845 2722; x_wconf 83' lang='lat' dir='ltr'><strong>Joan-</strong></span> 
     </span>
    </p>
   </div>
   <div class='ocr_carea' id='block_1_83' title="bbox 2239 2757 3844 2829">
    <p class='ocr_par' dir='ltr' id='par_1_83' title="bbox 2239 2757 3844 2829">
     <span class='ocr_line' id='line_1_83' title="bbox 2239 2757 3844 2829; baseline -0.002 -13"><span class='ocrx_word' id='word_1_630' title='bbox 2239 2760 2315 2827; x_wconf 90' lang='lat' dir='ltr'><strong>ni,</strong></span> <span class='ocrx_word' id='word_1_631' title='bbox 2346 2776 2415 2816; x_wconf 92' lang='lat' dir='ltr'><strong>ne</strong></span> <span class='ocrx_word' id='word_1_632' title='bbox 2440 2759 2604 2816; x_wconf 89' lang='lat' dir='ltr'><strong>facias</strong></span> <span class='ocrx_word' id='word_1_633' title='bbox 2641 2759 2849 2825; x_wconf 89' lang='lat' dir='ltr'><strong>scelus;</strong></span> <span class='ocrx_word' id='word_1_634' title='bbox 2877 2758 3168 2829; x_wconf 84' lang='lat' dir='ltr'><strong>periurium</strong></span> <span class='ocrx_word' id='word_1_635' title='bbox 3209 2757 3516 2813; x_wconf 87' lang='lat' dir='ltr'><strong>suademus.</strong></span> <span class='ocrx_word' id='word_1_636' title='bbox 3548 2757 3609 2814; x_wconf 89' lang='lat' dir='ltr'><strong>Si</strong></span> <span class='ocrx_word' id='word_1_637' title='bbox 3638 2758 3844 2814; x_wconf 77' lang='lat' dir='ltr'><strong>dixeri-</strong></span> 
     </span>
    </p>
   </div>
   <div class='ocr_carea' id='block_1_84' title="bbox 2240 2850 3846 2924">
    <p class='ocr_par' dir='ltr' id='par_1_84' title="bbox 2240 2850 3846 2924">
     <span class='ocr_line' id='line_1_84' title="bbox 2240 2850 3846 2924; baseline 0 -15"><span class='ocrx_word' id='word_1_638' title='bbox 2240 2867 2380 2920; x_wconf 87' lang='lat' dir='ltr'><strong>mus,</strong></span> <span class='ocrx_word' id='word_1_639' title='bbox 2430 2852 2547 2909; x_wconf 88' lang='lat' dir='ltr'><strong>Noli</strong></span> <span class='ocrx_word' id='word_1_640' title='bbox 2579 2852 2889 2923; x_wconf 88' lang='lat' dir='ltr'><strong>periurare;</strong></span> <span class='ocrx_word' id='word_1_641' title='bbox 2921 2850 2990 2907; x_wconf 89' lang='lat' dir='ltr'><strong>ad</strong></span> <span class='ocrx_word' id='word_1_642' title='bbox 3019 2852 3195 2908; x_wconf 89' lang='lat' dir='ltr'><strong>scelus</strong></span> <span class='ocrx_word' id='word_1_643' title='bbox 3217 2851 3550 2924; x_wconf 89' lang='lat' dir='ltr'><strong>implendum</strong></span> <span class='ocrx_word' id='word_1_644' title='bbox 3582 2869 3846 2924; x_wconf 83' lang='lat' dir='ltr'><strong>provoca-</strong></span> 
     </span>
    </p>
   </div>
   <div class='ocr_carea' id='block_1_85' title="bbox 2242 2944 2835 3002">
    <p class='ocr_par' dir='ltr' id='par_1_85' title="bbox 2242 2944 2835 3002">
     <span class='ocr_line' id='line_1_85' title="bbox 2242 2944 2835 3002; baseline -0.007 0"><span class='ocrx_word' id='word_1_645' title='bbox 2242 2960 2381 3002; x_wconf 87' lang='lat' dir='ltr'><strong>mus.</strong></span> <span class='ocrx_word' id='word_1_646' title='bbox 2420 2944 2553 3000; x_wconf 81' lang='lat' dir='ltr'><strong>Mala</strong></span> <span class='ocrx_word' id='word_1_647' title='bbox 2581 2944 2835 3001; x_wconf 87' lang='lat' dir='ltr'><strong>conditio.</strong></span> 
     </span>
    </p>
   </div>
   <div class='ocr_carea' id='block_1_86' title="bbox 2315 3036 3852 3110">
    <p class='ocr_par' dir='ltr' id='par_1_86' title="bbox 2315 3036 3852 3110">
     <span class='ocr_line' id='line_1_86' title="bbox 2315 3036 3852 3110; baseline -0.001 -15"><span class='ocrx_word' id='word_1_648' title='bbox 2315 3037 2541 3095; x_wconf 84' lang='lat' dir='ltr'><strong>CAPUT</strong></span> <span class='ocrx_word' id='word_1_649' title='bbox 2572 3037 2635 3092; x_wconf 94' lang='lat' dir='ltr'><strong>ll.</strong></span> <span class='ocrx_word' id='word_1_650' title='bbox 2657 3068 2731 3080; x_wconf 95' lang='lat'><strong>—</strong></span> <span class='ocrx_word' id='word_1_651' title='bbox 2754 3038 3052 3109; x_wconf 78' lang='lat' dir='ltr'><strong>Antequam</strong></span> <span class='ocrx_word' id='word_1_652' title='bbox 3080 3037 3307 3094; x_wconf 87' lang='lat' dir='ltr'><strong>veniatis</strong></span> <span class='ocrx_word' id='word_1_653' title='bbox 3326 3051 3454 3110; x_wconf 78' lang='lat' dir='ltr'><strong>ergo</strong></span> <span class='ocrx_word' id='word_1_654' title='bbox 3483 3036 3553 3093; x_wconf 92' lang='lat' dir='ltr'><strong>ad</strong></span> <span class='ocrx_word' id='word_1_655' title='bbox 3580 3036 3745 3094; x_wconf 86' lang='lat' dir='ltr'><strong>istum</strong></span> <span class='ocrx_word' id='word_1_656' title='bbox 3770 3037 3852 3093; x_wconf 83' lang='lat' dir='ltr'><strong>bi-</strong></span> 
     </span>
    </p>
   </div>
   <div class='ocr_carea' id='block_1_87' title="bbox 2245 3131 3851 3205">
    <p class='ocr_par' dir='ltr' id='par_1_87' title="bbox 2245 3131 3851 3205">
     <span class='ocr_line' id='line_1_87' title="bbox 2245 3131 3851 3205; baseline -0.002 -15"><span class='ocrx_word' id='word_1_657' title='bbox 2245 3133 2462 3205; x_wconf 90' lang='lat' dir='ltr'><strong>cipitem</strong></span> <span class='ocrx_word' id='word_1_658' title='bbox 2495 3132 2743 3204; x_wconf 89' lang='lat' dir='ltr'><strong>laqueum</strong></span> <span class='ocrx_word' id='word_1_659' title='bbox 2761 3173 2776 3199; x_wconf 92' lang='lat'><strong>,</strong></span> <span class='ocrx_word' id='word_1_660' title='bbox 2806 3132 2975 3188; x_wconf 88' lang='lat' dir='ltr'><strong>tollite</strong></span> <span class='ocrx_word' id='word_1_661' title='bbox 2998 3131 3065 3188; x_wconf 90' lang='lat' dir='ltr'><strong>de</strong></span> <span class='ocrx_word' id='word_1_662' title='bbox 3094 3146 3189 3188; x_wconf 91' lang='lat' dir='ltr'><strong>ore</strong></span> <span class='ocrx_word' id='word_1_663' title='bbox 3212 3142 3392 3188; x_wconf 88' lang='lat' dir='ltr'><strong>vestro</strong></span> <span class='ocrx_word' id='word_1_664' title='bbox 3415 3131 3735 3188; x_wconf 85' lang='lat' dir='ltr'><strong>temerarias</strong></span> <span class='ocrx_word' id='word_1_665' title='bbox 3766 3132 3851 3203; x_wconf 84' lang='lat' dir='ltr'><strong>iu-</strong></span> 
     </span>
    </p>
   </div>
   <div class='ocr_carea' id='block_1_88' title="bbox 2246 3223 3851 3296">
    <p class='ocr_par' dir='ltr' id='par_1_88' title="bbox 2246 3223 3851 3296">
     <span class='ocr_line' id='line_1_88' title="bbox 2246 3223 3851 3296; baseline -0.001 -13"><span class='ocrx_word' id='word_1_666' title='bbox 2246 3226 2485 3283; x_wconf 86' lang='lat' dir='ltr'><strong>rationes</strong></span> <span class='ocrx_word' id='word_1_667' title='bbox 2510 3243 2522 3280; x_wconf 93' lang='lat'><strong>:</strong></span> <span class='ocrx_word' id='word_1_668' title='bbox 2546 3234 2830 3296; x_wconf 88' lang='lat' dir='ltr'><strong>antequam</strong></span> <span class='ocrx_word' id='word_1_669' title='bbox 2865 3224 3093 3280; x_wconf 83' lang='lat' dir='ltr'><strong>veniatis</strong></span> <span class='ocrx_word' id='word_1_670' title='bbox 3118 3223 3184 3279; x_wconf 91' lang='lat' dir='ltr'><strong>ad</strong></span> <span class='ocrx_word' id='word_1_671' title='bbox 3225 3224 3381 3280; x_wconf 89' lang='lat' dir='ltr'><strong>istam</strong></span> <span class='ocrx_word' id='word_1_672' title='bbox 3406 3225 3851 3281; x_wconf 88' lang='lat' dir='ltr'><strong>consuetudinem</strong></span> 
     </span>
    </p>
   </div>
   <div class='ocr_carea' id='block_1_89' title="bbox 2249 3317 3855 3392">
    <p class='ocr_par' dir='ltr' id='par_1_89' title="bbox 2249 3317 3855 3392">
     <span class='ocr_line' id='line_1_89' title="bbox 2249 3317 3855 3392; baseline 0.001 -17"><span class='ocrx_word' id='word_1_673' title='bbox 2249 3318 2465 3386; x_wconf 88' lang='lat' dir='ltr'><strong>malam,</strong></span> <span class='ocrx_word' id='word_1_674' title='bbox 2492 3333 2688 3374; x_wconf 90' lang='lat' dir='ltr'><strong>moneo</strong></span> <span class='ocrx_word' id='word_1_675' title='bbox 2707 3317 2899 3375; x_wconf 90' lang='lat' dir='ltr'><strong>fratres</strong></span> <span class='ocrx_word' id='word_1_676' title='bbox 2924 3333 3094 3383; x_wconf 89' lang='lat' dir='ltr'><strong>meos,</strong></span> <span class='ocrx_word' id='word_1_677' title='bbox 3122 3332 3317 3374; x_wconf 90' lang='lat' dir='ltr'><strong>moneo</strong></span> <span class='ocrx_word' id='word_1_678' title='bbox 3339 3317 3478 3375; x_wconf 87' lang='lat' dir='ltr'><strong>filios</strong></span> <span class='ocrx_word' id='word_1_679' title='bbox 3499 3334 3655 3376; x_wconf 88' lang='lat' dir='ltr'><strong>meos</strong></span> <span class='ocrx_word' id='word_1_680' title='bbox 3683 3338 3697 3375; x_wconf 89' lang='lat'>:</span> <span class='ocrx_word' id='word_1_681' title='bbox 3726 3319 3855 3392; x_wconf 89' lang='lat' dir='ltr'><strong>quid</strong></span> 
     </span>
    </p>
   </div>
   <div class='ocr_carea' id='block_1_90' title="bbox 2254 3412 3858 3486">
    <p class='ocr_par' dir='ltr' id='par_1_90' title="bbox 2254 3412 3858 3486">
     <span class='ocr_line' id='line_1_90' title="bbox 2254 3412 3858 3486; baseline 0.001 -17"><span class='ocrx_word' id='word_1_682' title='bbox 2254 3428 2390 3484; x_wconf 91' lang='lat' dir='ltr'><strong>opus</strong></span> <span class='ocrx_word' id='word_1_683' title='bbox 2416 3421 2518 3478; x_wconf 91' lang='lat' dir='ltr'><strong>est,</strong></span> <span class='ocrx_word' id='word_1_684' title='bbox 2549 3420 2609 3468; x_wconf 88' lang='lat' dir='ltr'><strong>ut</strong></span> <span class='ocrx_word' id='word_1_685' title='bbox 2636 3413 2866 3469; x_wconf 89' lang='lat' dir='ltr'><strong>veniatis</strong></span> <span class='ocrx_word' id='word_1_686' title='bbox 2890 3412 2957 3467; x_wconf 91' lang='lat' dir='ltr'><strong>ad</strong></span> <span class='ocrx_word' id='word_1_687' title='bbox 2989 3412 3132 3469; x_wconf 88' lang='lat' dir='ltr'><strong>hunc</strong></span> <span class='ocrx_word' id='word_1_688' title='bbox 3150 3412 3455 3481; x_wconf 90' lang='lat' dir='ltr'><strong>articulum,</strong></span> <span class='ocrx_word' id='word_1_689' title='bbox 3480 3412 3571 3470; x_wconf 91' lang='lat' dir='ltr'><strong>ubi</strong></span> <span class='ocrx_word' id='word_1_690' title='bbox 3595 3429 3707 3470; x_wconf 90' lang='lat' dir='ltr'><strong>non</strong></span> <span class='ocrx_word' id='word_1_691' title='bbox 3732 3428 3858 3486; x_wconf 81' lang='lat' dir='ltr'><strong>pos-</strong></span> 
     </span>
    </p>
   </div>
   <div class='ocr_carea' id='block_1_91' title="bbox 2251 3503 3050 3562">
    <p class='ocr_par' dir='ltr' id='par_1_91' title="bbox 2251 3503 3050 3562">
     <span class='ocr_line' id='line_1_91' title="bbox 2251 3503 3050 3562; baseline -0.006 0"><span class='ocrx_word' id='word_1_692' title='bbox 2251 3519 2438 3562; x_wconf 80' lang='lat' dir='ltr'><strong>sumus</strong></span> <span class='ocrx_word' id='word_1_693' title='bbox 2458 3504 2698 3561; x_wconf 89' lang='lat' dir='ltr'><strong>invenire</strong></span> <span class='ocrx_word' id='word_1_694' title='bbox 2722 3504 3002 3560; x_wconf 91' lang='lat' dir='ltr'><strong>consilium</strong></span> <span class='ocrx_word' id='word_1_695' title='bbox 3024 3503 3050 3557; x_wconf 79' lang='lat'><strong>?</strong></span> 
     </span>
    </p>
   </div>
   <div class='ocr_carea' id='block_1_92' title="bbox 2324 3595 3862 3669">
    <p class='ocr_par' dir='ltr' id='par_1_92' title="bbox 2324 3595 3862 3669">
     <span class='ocr_line' id='line_1_92' title="bbox 2324 3595 3862 3669; baseline -0.001 -17"><span class='ocrx_word' id='word_1_696' title='bbox 2324 3598 2381 3653; x_wconf 77' lang='grc'><strong>2.</strong></span> <span class='ocrx_word' id='word_1_697' title='bbox 2429 3596 2717 3652; x_wconf 86' lang='lat' dir='ltr'><strong>Temeraria</strong></span> <span class='ocrx_word' id='word_1_698' title='bbox 2741 3597 2941 3669; x_wconf 87' lang='lat' dir='ltr'><strong>juratio</strong></span> <span class='ocrx_word' id='word_1_699' title='bbox 2981 3613 3082 3651; x_wconf 86' lang='lat' dir='ltr'><strong><em>non</em></strong></span> <span class='ocrx_word' id='word_1_700' title='bbox 3120 3595 3383 3667; x_wconf 85' lang='lat' dir='ltr'><strong>implenda</strong></span> <span class='ocrx_word' id='word_1_701' title='bbox 3428 3596 3653 3651; x_wconf 84' lang='lat' dir='ltr'><strong>adntisso</strong></span> <span class='ocrx_word' id='word_1_702' title='bbox 3696 3596 3862 3651; x_wconf 79' lang='lat' dir='ltr'><strong>[tomi-</strong></span> 
     </span>
    </p>
   </div>
   <div class='ocr_carea' id='block_1_93' title="bbox 2256 3689 3864 3763">
    <p class='ocr_par' dir='ltr' id='par_1_93' title="bbox 2256 3689 3864 3763">
     <span class='ocr_line' id='line_1_93' title="bbox 2256 3689 3864 3763; baseline -0.002 -16"><span class='ocrx_word' id='word_1_703' title='bbox 2256 3692 2410 3748; x_wconf 86' lang='lat' dir='ltr'><strong>cidio.</strong></span> <span class='ocrx_word' id='word_1_704' title='bbox 2454 3690 2752 3763; x_wconf 85' lang='lat' dir='ltr'><strong>Perjurium</strong></span> <span class='ocrx_word' id='word_1_705' title='bbox 2781 3689 2990 3744; x_wconf 87' lang='lat' dir='ltr'><strong>Davidis</strong></span> <span class='ocrx_word' id='word_1_706' title='bbox 3023 3706 3262 3761; x_wconf 85' lang='lat' dir='ltr'><strong>magnum</strong></span> <span class='ocrx_word' id='word_1_707' title='bbox 3296 3699 3553 3761; x_wconf 82' lang='lat' dir='ltr'><strong>peccatum</strong></span> <span class='ocrx_word' id='word_1_708' title='bbox 3572 3731 3591 3756; x_wconf 93' lang='lat'><strong>,</strong></span> <span class='ocrx_word' id='word_1_709' title='bbox 3623 3690 3742 3745; x_wconf 84' lang='lat' dir='ltr'><strong>licet</strong></span> <span class='ocrx_word' id='word_1_710' title='bbox 3768 3689 3864 3744; x_wconf 87' lang='lat' dir='ltr'><strong>mi-</strong></span> 
     </span>
    </p>
   </div>
   <div class='ocr_carea' id='block_1_94' title="bbox 2258 3780 3862 3854">
    <p class='ocr_par' dir='ltr' id='par_1_94' title="bbox 2258 3780 3862 3854">
     <span class='ocr_line' id='line_1_94' title="bbox 2258 3780 3862 3854; baseline -0.002 -14"><span class='ocrx_word' id='word_1_711' title='bbox 2258 3802 2354 3840; x_wconf 88' lang='lat' dir='ltr'><strong>nus</strong></span> <span class='ocrx_word' id='word_1_712' title='bbox 2382 3800 2535 3854; x_wconf 84' lang='lat' dir='ltr'><strong>quam</strong></span> <span class='ocrx_word' id='word_1_713' title='bbox 2578 3782 2924 3838; x_wconf 84' lang='lat' dir='ltr'><strong>homicidium.</strong></span> <span class='ocrx_word' id='word_1_714' title='bbox 2971 3781 3174 3838; x_wconf 86' lang='lat' dir='ltr'><strong>Tamen</strong></span> <span class='ocrx_word' id='word_1_715' title='bbox 3217 3780 3507 3852; x_wconf 83' lang='lat' dir='ltr'><strong>Scripturis</strong></span> <span class='ocrx_word' id='word_1_716' title='bbox 3551 3780 3862 3853; x_wconf 78' lang='lat' dir='ltr'><strong>diligentius</strong></span> 
     </span>
    </p>
   </div>
   <div class='ocr_carea' id='block_1_95' title="bbox 2262 3874 3863 3950">
    <p class='ocr_par' dir='ltr' id='par_1_95' title="bbox 2262 3874 3863 3950">
     <span class='ocr_line' id='line_1_95' title="bbox 2262 3874 3863 3950; baseline -0.002 -17"><span class='ocrx_word' id='word_1_717' title='bbox 2262 3877 2607 3950; x_wconf 89' lang='lat' dir='ltr'><strong>perscrutatis</strong></span> <span class='ocrx_word' id='word_1_718' title='bbox 2627 3918 2642 3943; x_wconf 91' lang='lat'><strong>,</strong></span> <span class='ocrx_word' id='word_1_719' title='bbox 2686 3876 2918 3931; x_wconf 88' lang='lat' dir='ltr'><strong>occurrit</strong></span> <span class='ocrx_word' id='word_1_720' title='bbox 2942 3874 3072 3930; x_wconf 85' lang='lat' dir='ltr'><strong>milii</strong></span> <span class='ocrx_word' id='word_1_721' title='bbox 3111 3890 3275 3930; x_wconf 89' lang='lat' dir='ltr'><strong>unum</strong></span> <span class='ocrx_word' id='word_1_722' title='bbox 3304 3875 3633 3944; x_wconf 76' lang='lat' dir='ltr'><strong>exemplum,</strong></span> <span class='ocrx_word' id='word_1_723' title='bbox 3664 3876 3755 3931; x_wconf 91' lang='lat' dir='ltr'><strong>ubi</strong></span> <span class='ocrx_word' id='word_1_724' title='bbox 3782 3876 3863 3930; x_wconf 87' lang='lat' dir='ltr'><strong>vi-</strong></span> 
     </span>
    </p>
   </div>
   <div class='ocr_carea' id='block_1_96' title="bbox 2246 3964 3867 4040">
    <p class='ocr_par' dir='ltr' id='par_1_96' title="bbox 2246 3964 3867 4040">
     <span class='ocr_line' id='line_1_96' title="bbox 2246 3964 3867 4040; baseline -0.002 -14"><span class='ocrx_word' id='word_1_725' title='bbox 2246 3970 2364 4026; x_wconf 32' lang='lat' dir='ltr'><strong>‘deo</strong></span> <span class='ocrx_word' id='word_1_726' title='bbox 2393 3969 2538 4040; x_wconf 92' lang='lat' dir='ltr'><strong>pium</strong></span> <span class='ocrx_word' id='word_1_727' title='bbox 2561 3964 2832 4023; x_wconf 86' lang='lat' dir='ltr'><strong>hominem</strong></span> <span class='ocrx_word' id='word_1_728' title='bbox 2860 3976 2915 4022; x_wconf 91' lang='lat' dir='ltr'><strong>et</strong></span> <span class='ocrx_word' id='word_1_729' title='bbox 2934 3976 3177 4022; x_wconf 89' lang='lat' dir='ltr'><strong>sanctum</strong></span> <span class='ocrx_word' id='word_1_730' title='bbox 3201 3966 3252 4020; x_wconf 92' lang='lat' dir='ltr'><strong>in</strong></span> <span class='ocrx_word' id='word_1_731' title='bbox 3281 3967 3625 4022; x_wconf 86' lang='lat' dir='ltr'><strong>temerariam</strong></span> <span class='ocrx_word' id='word_1_732' title='bbox 3645 3966 3867 4036; x_wconf 85' lang='lat' dir='ltr'><strong>iuratio-</strong></span> 
     </span>
    </p>
   </div>
   <div class='ocr_carea' id='block_1_97' title="bbox 2261 4058 3862 4130">
    <p class='ocr_par' dir='ltr' id='par_1_97' title="bbox 2261 4058 3862 4130">
     <span class='ocr_line' id='line_1_97' title="bbox 2261 4058 3862 4130; baseline -0.003 -11"><span class='ocrx_word' id='word_1_733' title='bbox 2261 4078 2387 4119; x_wconf 91' lang='lat' dir='ltr'><strong>nem</strong></span> <span class='ocrx_word' id='word_1_734' title='bbox 2411 4060 2693 4126; x_wconf 90' lang='lat' dir='ltr'><strong>cecidisse,</strong></span> <span class='ocrx_word' id='word_1_735' title='bbox 2718 4069 2775 4116; x_wconf 90' lang='lat' dir='ltr'><strong>et</strong></span> <span class='ocrx_word' id='word_1_736' title='bbox 2793 4059 3049 4116; x_wconf 90' lang='lat' dir='ltr'><strong>maluisse</strong></span> <span class='ocrx_word' id='word_1_737' title='bbox 3073 4074 3180 4115; x_wconf 90' lang='lat' dir='ltr'><strong>non</strong></span> <span class='ocrx_word' id='word_1_738' title='bbox 3203 4058 3378 4115; x_wconf 87' lang='lat' dir='ltr'><strong>facere</strong></span> <span class='ocrx_word' id='word_1_739' title='bbox 3403 4058 3547 4130; x_wconf 89' lang='lat' dir='ltr'><strong>quod</strong></span> <span class='ocrx_word' id='word_1_740' title='bbox 3568 4059 3862 4130; x_wconf 81' lang='lat' dir='ltr'><strong>iuraverat,</strong></span> 
     </span>
    </p>
   </div>
   <div class='ocr_carea' id='block_1_98' title="bbox 2263 4149 3866 4227">
    <p class='ocr_par' dir='ltr' id='par_1_98' title="bbox 2263 4149 3866 4227">
     <span class='ocr_line' id='line_1_98' title="bbox 2263 4149 3866 4227; baseline -0.002 -17"><span class='ocrx_word' id='word_1_741' title='bbox 2263 4170 2422 4227; x_wconf 90' lang='lat' dir='ltr'><strong>quam</strong></span> <span class='ocrx_word' id='word_1_742' title='bbox 2443 4151 2769 4223; x_wconf 87' lang='lat' dir='ltr'><strong>iurationem</strong></span> <span class='ocrx_word' id='word_1_743' title='bbox 2798 4166 2949 4207; x_wconf 86' lang='lat' dir='ltr'><strong>suam</strong></span> <span class='ocrx_word' id='word_1_744' title='bbox 2978 4150 3095 4206; x_wconf 91' lang='lat' dir='ltr'><strong>fuso</strong></span> <span class='ocrx_word' id='word_1_745' title='bbox 3130 4149 3363 4207; x_wconf 89' lang='lat' dir='ltr'><strong>hominis</strong></span> <span class='ocrx_word' id='word_1_746' title='bbox 3387 4149 3655 4222; x_wconf 81' lang='lat' dir='ltr'><strong>sanguine</strong></span> <span class='ocrx_word' id='word_1_747' title='bbox 3684 4151 3866 4222; x_wconf 84' lang='lat' dir='ltr'><strong>imple-</strong></span> 
     </span>
    </p>
   </div>
   <div class='ocr_carea' id='block_1_99' title="bbox 2264 4240 3867 4317">
    <p class='ocr_par' dir='ltr' id='par_1_99' title="bbox 2264 4240 3867 4317">
     <span class='ocr_line' id='line_1_99' title="bbox 2264 4240 3867 4317; baseline -0.002 -12"><span class='ocrx_word' id='word_1_748' title='bbox 2264 4264 2345 4305; x_wconf 88' lang='lat' dir='ltr'><strong>re.</strong></span> <span class='ocrx_word' id='word_1_749' title='bbox 2390 4248 2767 4304; x_wconf 90' lang='lat' dir='ltr'><strong>Commemoro</strong></span> <span class='ocrx_word' id='word_1_750' title='bbox 2809 4260 2938 4317; x_wconf 82' lang='lat' dir='ltr'><strong>ergo</strong></span> <span class='ocrx_word' id='word_1_751' title='bbox 2980 4240 3304 4301; x_wconf 88' lang='lat' dir='ltr'><strong>Charitatcm</strong></span> <span class='ocrx_word' id='word_1_752' title='bbox 3344 4255 3603 4301; x_wconf 88' lang='lat' dir='ltr'><strong>vestram.</strong></span> <span class='ocrx_word' id='word_1_753' title='bbox 3645 4245 3867 4314; x_wconf 86' lang='lat' dir='ltr'><strong>Quando</strong></span> 
     </span>
    </p>
   </div>
   <div class='ocr_carea' id='block_1_100' title="bbox 2266 4336 3975 4409">
    <p class='ocr_par' dir='ltr' id='par_1_100' title="bbox 2266 4336 3975 4409">
     <span class='ocr_line' id='line_1_100' title="bbox 2266 4336 3975 4409; baseline -0.004 -12"><span class='ocrx_word' id='word_1_754' title='bbox 2266 4338 2395 4397; x_wconf 84' lang='lat' dir='ltr'><strong>Sai&#39;tl</strong></span> <span class='ocrx_word' id='word_1_755' title='bbox 2415 4345 2663 4396; x_wconf 89' lang='lat' dir='ltr'><strong>sanctum</strong></span> <span class='ocrx_word' id='word_1_756' title='bbox 2692 4336 2865 4393; x_wconf 87' lang='lat' dir='ltr'><strong>David</strong></span> <span class='ocrx_word' id='word_1_757' title='bbox 2892 4337 3319 4409; x_wconf 89' lang='lat' dir='ltr'><strong>persequebatur</strong></span> <span class='ocrx_word' id='word_1_758' title='bbox 3344 4338 3608 4409; x_wconf 82' lang='lat' dir='ltr'><strong>ingratus,</strong></span> <span class='ocrx_word' id='word_1_759' title='bbox 3638 4338 3729 4394; x_wconf 86' lang='lat' dir='ltr'><strong>ille</strong></span> <span class='ocrx_word' id='word_1_760' title='bbox 3749 4353 3865 4394; x_wconf 86' lang='lat' dir='ltr'><strong>cum</strong></span> <span class='ocrx_word' id='word_1_761' title='bbox 3964 4390 3975 4407; x_wconf 65' lang='grc'><strong>,</strong></span> 
     </span>
    </p>
   </div>
   <div class='ocr_carea' id='block_1_101' title="bbox 2265 4429 3865 4502">
    <p class='ocr_par' dir='ltr' id='par_1_101' title="bbox 2265 4429 3865 4502">
     <span class='ocr_line' id='line_1_101' title="bbox 2265 4429 3865 4502; baseline -0.004 -12"><span class='ocrx_word' id='word_1_762' title='bbox 2265 4433 2382 4491; x_wconf 86' lang='lat' dir='ltr'><strong>suis</strong></span> <span class='ocrx_word' id='word_1_763' title='bbox 2405 4430 2516 4487; x_wconf 91' lang='lat' dir='ltr'><strong>ibat</strong></span> <span class='ocrx_word' id='word_1_764' title='bbox 2539 4444 2877 4502; x_wconf 90' lang='lat' dir='ltr'><strong>quocumque</strong></span> <span class='ocrx_word' id='word_1_765' title='bbox 2916 4437 3147 4500; x_wconf 87' lang='lat' dir='ltr'><strong>poterat,</strong></span> <span class='ocrx_word' id='word_1_766' title='bbox 3173 4444 3242 4484; x_wconf 87' lang='lat' dir='ltr'><strong>ne</strong></span> <span class='ocrx_word' id='word_1_767' title='bbox 3269 4429 3603 4484; x_wconf 79' lang='lat' dir='ltr'><strong>inveniretur</strong></span> <span class='ocrx_word' id='word_1_768' title='bbox 3627 4445 3659 4483; x_wconf 90' lang='lat' dir='ltr'><strong>a</strong></span> <span class='ocrx_word' id='word_1_769' title='bbox 3686 4429 3865 4496; x_wconf 79' lang='lat' dir='ltr'><strong>Saule,</strong></span> 
     </span>
    </p>
   </div>
   <div class='ocr_carea' id='block_1_102' title="bbox 2270 4519 3869 4592">
    <p class='ocr_par' dir='ltr' id='par_1_102' title="bbox 2270 4519 3869 4592">
     <span class='ocr_line' id='line_1_102' title="bbox 2270 4519 3869 4592; baseline -0.002 -13"><span class='ocrx_word' id='word_1_770' title='bbox 2270 4534 2325 4580; x_wconf 92' lang='lat' dir='ltr'><strong>et</strong></span> <span class='ocrx_word' id='word_1_771' title='bbox 2350 4521 2704 4579; x_wconf 91' lang='lat' dir='ltr'><strong>occideretur.</strong></span> <span class='ocrx_word' id='word_1_772' title='bbox 2738 4520 2806 4576; x_wconf 87' lang='lat' dir='ltr'><strong>Et</strong></span> <span class='ocrx_word' id='word_1_773' title='bbox 2844 4521 3074 4592; x_wconf 86' lang='lat' dir='ltr'><strong>quodam</strong></span> <span class='ocrx_word' id='word_1_774' title='bbox 3108 4520 3197 4578; x_wconf 91' lang='lat' dir='ltr'><strong>die</strong></span> <span class='ocrx_word' id='word_1_775' title='bbox 3221 4521 3289 4578; x_wconf 88' lang='lat' dir='ltr'><strong>ab</strong></span> <span class='ocrx_word' id='word_1_776' title='bbox 3316 4521 3535 4577; x_wconf 85' lang='lat' dir='ltr'><strong>homine</strong></span> <span class='ocrx_word' id='word_1_777' title='bbox 3561 4519 3760 4589; x_wconf 85' lang='lat' dir='ltr'><strong>divite,</strong></span> <span class='ocrx_word' id='word_1_778' title='bbox 3785 4521 3869 4592; x_wconf 86' lang='lat' dir='ltr'><strong>qui</strong></span> 
     </span>
    </p>
   </div>
   <div class='ocr_carea' id='block_1_103' title="bbox 2271 4613 3870 4685">
    <p class='ocr_par' dir='ltr' id='par_1_103' title="bbox 2271 4613 3870 4685">
     <span class='ocr_line' id='line_1_103' title="bbox 2271 4613 3870 4685; baseline -0.001 -14"><span class='ocrx_word' id='word_1_779' title='bbox 2271 4616 2562 4672; x_wconf 85' lang='lat' dir='ltr'><strong>vocabatur</strong></span> <span class='ocrx_word' id='word_1_780' title='bbox 2585 4613 2777 4683; x_wconf 85' lang='lat' dir='ltr'><strong>Nabal,</strong></span> <span class='ocrx_word' id='word_1_781' title='bbox 2797 4621 2854 4670; x_wconf 89' lang='lat' dir='ltr'><strong>et</strong></span> <span class='ocrx_word' id='word_1_782' title='bbox 2871 4614 3124 4670; x_wconf 88' lang='lat' dir='ltr'><strong>tondebat</strong></span> <span class='ocrx_word' id='word_1_783' title='bbox 3144 4630 3274 4670; x_wconf 86' lang='lat' dir='ltr'><strong>oves</strong></span> <span class='ocrx_word' id='word_1_784' title='bbox 3289 4629 3435 4680; x_wconf 87' lang='lat' dir='ltr'><strong>suas,</strong></span> <span class='ocrx_word' id='word_1_785' title='bbox 3453 4613 3647 4685; x_wconf 88' lang='lat' dir='ltr'><strong>petivit</strong></span> <span class='ocrx_word' id='word_1_786' title='bbox 3662 4627 3870 4669; x_wconf 77' lang='lat' dir='ltr'><strong>susten-</strong></span> 
     </span>
    </p>
   </div>
   <div class='ocr_carea' id='block_1_104' title="bbox 2273 4706 3873 4779">
    <p class='ocr_par' dir='ltr' id='par_1_104' title="bbox 2273 4706 3873 4779">
     <span class='ocr_line' id='line_1_104' title="bbox 2273 4706 3873 4779; baseline -0.002 -15"><span class='ocrx_word' id='word_1_787' title='bbox 2273 4708 2507 4764; x_wconf 89' lang='lat' dir='ltr'><strong>taculum</strong></span> <span class='ocrx_word' id='word_1_788' title='bbox 2529 4707 2721 4774; x_wconf 88' lang='lat' dir='ltr'><strong>victus,</strong></span> <span class='ocrx_word' id='word_1_789' title='bbox 2748 4706 2848 4762; x_wconf 92' lang='lat' dir='ltr'><strong>sibi</strong></span> <span class='ocrx_word' id='word_1_790' title='bbox 2877 4715 2932 4762; x_wconf 90' lang='lat' dir='ltr'><strong>et</strong></span> <span class='ocrx_word' id='word_1_791' title='bbox 2950 4707 3029 4762; x_wconf 90' lang='lat' dir='ltr'><strong>eis</strong></span> <span class='ocrx_word' id='word_1_792' title='bbox 3049 4706 3139 4779; x_wconf 93' lang='lat' dir='ltr'><strong>qui</strong></span> <span class='ocrx_word' id='word_1_793' title='bbox 3160 4722 3282 4762; x_wconf 90' lang='lat' dir='ltr'><strong>cum</strong></span> <span class='ocrx_word' id='word_1_794' title='bbox 3310 4706 3401 4761; x_wconf 92' lang='lat' dir='ltr'><strong>illo</strong></span> <span class='ocrx_word' id='word_1_795' title='bbox 3427 4715 3601 4761; x_wconf 89' lang='lat' dir='ltr'><strong>erant.</strong></span> <span class='ocrx_word' id='word_1_796' title='bbox 3637 4706 3873 4761; x_wconf 69' lang='lat' dir='ltr'><strong>ltnntisco</strong></span> 
     </span>
    </p>
   </div>
   <div class='ocr_carea' id='block_1_105' title="bbox 2275 4799 3875 4871">
    <p class='ocr_par' dir='ltr' id='par_1_105' title="bbox 2275 4799 3875 4871">
     <span class='ocr_line' id='line_1_105' title="bbox 2275 4799 3875 4871; baseline -0.003 -12"><span class='ocrx_word' id='word_1_797' title='bbox 2275 4799 2446 4859; x_wconf 88' lang='lat' dir='ltr'><strong>ricors</strong></span> <span class='ocrx_word' id='word_1_798' title='bbox 2469 4800 2600 4857; x_wconf 87' lang='lat' dir='ltr'><strong>dare</strong></span> <span class='ocrx_word' id='word_1_799' title='bbox 2629 4799 2821 4866; x_wconf 91' lang='lat' dir='ltr'><strong>noluit,</strong></span> <span class='ocrx_word' id='word_1_800' title='bbox 2853 4808 2908 4856; x_wconf 90' lang='lat' dir='ltr'><strong>et</strong></span> <span class='ocrx_word' id='word_1_801' title='bbox 2931 4799 3073 4871; x_wconf 91' lang='lat' dir='ltr'><strong>quod</strong></span> <span class='ocrx_word' id='word_1_802' title='bbox 3112 4809 3195 4855; x_wconf 89' lang='lat' dir='ltr'><strong>est</strong></span> <span class='ocrx_word' id='word_1_803' title='bbox 3220 4800 3456 4871; x_wconf 78' lang='lat' dir='ltr'><strong>gravius,</strong></span> <span class='ocrx_word' id='word_1_804' title='bbox 3486 4800 3875 4856; x_wconf 84' lang='lat' dir='ltr'><strong>contumeliose</strong></span> 
     </span>
    </p>
   </div>
   <div class='ocr_carea' id='block_1_106' title="bbox 2276 4892 3875 4967">
    <p class='ocr_par' dir='ltr' id='par_1_106' title="bbox 2276 4892 3875 4967">
     <span class='ocr_line' id='line_1_106' title="bbox 2276 4892 3875 4967; baseline -0.004 -14"><span class='ocrx_word' id='word_1_805' title='bbox 2276 4894 2572 4967; x_wconf 87' lang='lat' dir='ltr'><strong>respondit.</strong></span> <span class='ocrx_word' id='word_1_806' title='bbox 2598 4893 2806 4950; x_wconf 85' lang='lat' dir='ltr'><strong>Juravit</strong></span> <span class='ocrx_word' id='word_1_807' title='bbox 2842 4903 3057 4949; x_wconf 90' lang='lat' dir='ltr'><strong>sanctus</strong></span> <span class='ocrx_word' id='word_1_808' title='bbox 3087 4892 3251 4948; x_wconf 88' lang='lat' dir='ltr'><strong>David</strong></span> <span class='ocrx_word' id='word_1_809' title='bbox 3275 4934 3289 4957; x_wconf 92' lang='lat'><strong>,</strong></span> <span class='ocrx_word' id='word_1_810' title='bbox 3319 4908 3440 4948; x_wconf 90' lang='lat' dir='ltr'><strong>eum</strong></span> <span class='ocrx_word' id='word_1_811' title='bbox 3471 4892 3781 4947; x_wconf 86' lang='lat' dir='ltr'><strong>occisurum</strong></span> <span class='ocrx_word' id='word_1_812' title='bbox 3824 4907 3875 4946; x_wconf 78' lang='lat' dir='ltr'><strong>se</strong></span> 
     </span>
    </p>
   </div>
   <div class='ocr_carea' id='block_1_107' title="bbox 2278 4983 3879 5056">
    <p class='ocr_par' dir='ltr' id='par_1_107' title="bbox 2278 4983 3879 5056">
     <span class='ocr_line' id='line_1_107' title="bbox 2278 4983 3879 5056; baseline -0.006 -9"><span class='ocrx_word' id='word_1_813' title='bbox 2278 5001 2419 5047; x_wconf 88' lang='lat' dir='ltr'><strong>esse.</strong></span> <span class='ocrx_word' id='word_1_814' title='bbox 2451 4987 2581 5044; x_wconf 90' lang='lat' dir='ltr'><strong>Erat</strong></span> <span class='ocrx_word' id='word_1_815' title='bbox 2602 4987 2745 5043; x_wconf 88' lang='lat' dir='ltr'><strong>enim</strong></span> <span class='ocrx_word' id='word_1_816' title='bbox 2768 4994 3025 5043; x_wconf 89' lang='lat' dir='ltr'><strong>armatus.</strong></span> <span class='ocrx_word' id='word_1_817' title='bbox 3050 4986 3116 5042; x_wconf 87' lang='lat' dir='ltr'><strong>Et</strong></span> <span class='ocrx_word' id='word_1_818' title='bbox 3138 4984 3282 5056; x_wconf 89' lang='lat' dir='ltr'><strong>quod</strong></span> <span class='ocrx_word' id='word_1_819' title='bbox 3311 4984 3469 5041; x_wconf 88' lang='lat' dir='ltr'><strong>facile</strong></span> <span class='ocrx_word' id='word_1_820' title='bbox 3491 4983 3693 5053; x_wconf 86' lang='lat' dir='ltr'><strong>fuerat,</strong></span> <span class='ocrx_word' id='word_1_821' title='bbox 3724 4997 3778 5041; x_wconf 91' lang='lat' dir='ltr'><strong>et</strong></span> <span class='ocrx_word' id='word_1_822' title='bbox 3800 4984 3879 5055; x_wconf 79' lang='lat' dir='ltr'><strong>iu-</strong></span> 
     </span>
    </p>
   </div>
   <div class='ocr_carea' id='block_1_108' title="bbox 2280 5078 3879 5153">
    <p class='ocr_par' dir='ltr' id='par_1_108' title="bbox 2280 5078 3879 5153">
     <span class='ocr_line' id='line_1_108' title="bbox 2280 5078 3879 5153; baseline -0.006 -12"><span class='ocrx_word' id='word_1_823' title='bbox 2280 5091 2363 5141; x_wconf 82' lang='lat' dir='ltr'><strong>ste</strong></span> <span class='ocrx_word' id='word_1_824' title='bbox 2406 5083 2581 5140; x_wconf 88' lang='lat' dir='ltr'><strong>facere</strong></span> <span class='ocrx_word' id='word_1_825' title='bbox 2624 5083 2701 5138; x_wconf 90' lang='lat' dir='ltr'><strong>ira</strong></span> <span class='ocrx_word' id='word_1_826' title='bbox 2743 5080 3100 5153; x_wconf 89' lang='lat' dir='ltr'><strong>persuadente</strong></span> <span class='ocrx_word' id='word_1_827' title='bbox 3126 5079 3424 5146; x_wconf 84' lang='lat' dir='ltr'><strong>videbatur,</strong></span> <span class='ocrx_word' id='word_1_828' title='bbox 3459 5078 3712 5135; x_wconf 88' lang='lat' dir='ltr'><strong>incautus</strong></span> <span class='ocrx_word' id='word_1_829' title='bbox 3753 5078 3879 5134; x_wconf 86' lang='lat' dir='ltr'><strong>fudtt</strong></span> 
     </span>
    </p>
   </div>
   <div class='ocr_carea' id='block_1_109' title="bbox 2277 5170 3877 5251">
    <p class='ocr_par' dir='ltr' id='par_1_109' title="bbox 2277 5170 3877 5251">
     <span class='ocr_line' id='line_1_109' title="bbox 2277 5170 3877 5251; baseline -0.007 -19"><span class='ocrx_word' id='word_1_830' title='bbox 2277 5177 2637 5251; x_wconf 88' lang='lat' dir='ltr'><strong>iurationem;</strong></span> <span class='ocrx_word' id='word_1_831' title='bbox 2670 5186 2725 5232; x_wconf 92' lang='lat' dir='ltr'><strong>et</strong></span> <span class='ocrx_word' id='word_1_832' title='bbox 2758 5174 2923 5245; x_wconf 72' lang='lat' dir='ltr'><strong>cmpit</strong></span> <span class='ocrx_word' id='word_1_833' title='bbox 2948 5174 3047 5241; x_wconf 90' lang='lat' dir='ltr'><strong>ire,</strong></span> <span class='ocrx_word' id='word_1_834' title='bbox 3080 5183 3137 5228; x_wconf 88' lang='lat' dir='ltr'><strong>ut</strong></span> <span class='ocrx_word' id='word_1_835' title='bbox 3176 5171 3376 5228; x_wconf 87' lang='lat' dir='ltr'><strong>faceret</strong></span> <span class='ocrx_word' id='word_1_836' title='bbox 3403 5170 3548 5244; x_wconf 89' lang='lat' dir='ltr'><strong>quod</strong></span> <span class='ocrx_word' id='word_1_837' title='bbox 3587 5172 3877 5242; x_wconf 72' lang='lat' dir='ltr'><strong>iurarent.</strong></span> 
     </span>
    </p>
   </div>
   <div class='ocr_carea' id='block_1_110' title="bbox 2284 5265 3880 5342">
    <p class='ocr_par' dir='ltr' id='par_1_110' title="bbox 2284 5265 3880 5342">
     <span class='ocr_line' id='line_1_110' title="bbox 2284 5265 3880 5342; baseline -0.008 -13"><span class='ocrx_word' id='word_1_838' title='bbox 2284 5268 2531 5329; x_wconf 87' lang='lat' dir='ltr'><strong>Occurrit</strong></span> <span class='ocrx_word' id='word_1_839' title='bbox 2546 5269 2754 5342; x_wconf 79' lang='lat' dir='ltr'><strong>Abigail</strong></span> <span class='ocrx_word' id='word_1_840' title='bbox 2776 5284 2911 5325; x_wconf 82' lang='lat' dir='ltr'><strong>uxor</strong></span> <span class='ocrx_word' id='word_1_841' title='bbox 2930 5267 3120 5332; x_wconf 87' lang='lat' dir='ltr'><strong>Nabal,</strong></span> <span class='ocrx_word' id='word_1_842' title='bbox 3147 5278 3199 5323; x_wconf 89' lang='lat' dir='ltr'><strong>et</strong></span> <span class='ocrx_word' id='word_1_843' title='bbox 3216 5266 3335 5322; x_wconf 88' lang='lat' dir='ltr'><strong>tulit</strong></span> <span class='ocrx_word' id='word_1_844' title='bbox 3359 5265 3409 5321; x_wconf 91' lang='lat' dir='ltr'><strong>ei</strong></span> <span class='ocrx_word' id='word_1_845' title='bbox 3439 5265 3747 5321; x_wconf 88' lang='lat' dir='ltr'><strong>necessaria</strong></span> <span class='ocrx_word' id='word_1_846' title='bbox 3769 5277 3880 5335; x_wconf 75' lang='lat' dir='ltr'><strong>qua:</strong></span> 
     </span>
    </p>
   </div>
   <div class='ocr_carea' id='block_1_111' title="bbox 2288 5352 3879 5438">
    <p class='ocr_par' dir='ltr' id='par_1_111' title="bbox 2288 5352 3879 5438">
     <span class='ocr_line' id='line_1_111' title="bbox 2288 5352 3879 5438; baseline -0.008 -17"><span class='ocrx_word' id='word_1_847' title='bbox 2288 5372 2622 5438; x_wconf 88' lang='lat' dir='ltr'><strong>poposcerat.</strong></span> <span class='ocrx_word' id='word_1_848' title='bbox 2646 5361 2970 5434; x_wconf 88' lang='lat' dir='ltr'><strong>Suppliciter</strong></span> <span class='ocrx_word' id='word_1_849' title='bbox 2988 5376 3111 5417; x_wconf 92' lang='lat' dir='ltr'><strong>eum</strong></span> <span class='ocrx_word' id='word_1_850' title='bbox 3131 5359 3354 5431; x_wconf 76' lang='lat' dir='ltr'><strong>rogavit,</strong></span> <span class='ocrx_word' id='word_1_851' title='bbox 3382 5356 3553 5425; x_wconf 75' lang='lat' dir='ltr'><strong>flexit,</strong></span> <span class='ocrx_word' id='word_1_852' title='bbox 3574 5365 3633 5413; x_wconf 93' lang='lat' dir='ltr'><strong>et</strong></span> <span class='ocrx_word' id='word_1_853' title='bbox 3650 5372 3685 5412; x_wconf 87' lang='lat' dir='ltr'><strong>a</strong></span> <span class='ocrx_word' id='word_1_854' title='bbox 3707 5352 3879 5411; x_wconf 87' lang='lat' dir='ltr'><strong>mariti</strong></span> 
     </span>
    </p>
   </div>
   <div class='ocr_carea' id='block_1_112' title="bbox 2356 5510 3880 5581">
    <p class='ocr_par' dir='ltr' id='par_1_112' title="bbox 2356 5510 3880 5581">
     <span class='ocr_line' id='line_1_112' title="bbox 2356 5510 3880 5581; baseline -0.009 -10"><span class='ocrx_word' id='word_1_855' title='bbox 2356 5521 2374 5542; x_wconf 83' lang='lat'><strong><em>&#39;</em></strong></span> <span class='ocrx_word' id='word_1_856' title='bbox 2395 5524 2651 5570; x_wconf 83' lang='lat' dir='ltr'><strong>Oorrectus</strong></span> <span class='ocrx_word' id='word_1_857' title='bbox 2683 5517 2868 5581; x_wconf 88' lang='lat' dir='ltr'><strong>pariter</strong></span> <span class='ocrx_word' id='word_1_858' title='bbox 2889 5515 2951 5566; x_wconf 88' lang='lat' dir='ltr'><strong>ad</strong></span> <span class='ocrx_word' id='word_1_859' title='bbox 2971 5514 3096 5566; x_wconf 88' lang='lat' dir='ltr'><strong>duos</strong></span> <span class='ocrx_word' id='word_1_860' title='bbox 3114 5514 3193 5565; x_wconf 82' lang='lat' dir='ltr'><strong>ch.</strong></span> <span class='ocrx_word' id='word_1_861' title='bbox 3217 5512 3276 5564; x_wconf 89' lang='lat' dir='ltr'><strong>ad</strong></span> <span class='ocrx_word' id='word_1_862' title='bbox 3297 5524 3368 5563; x_wconf 90' lang='lat' dir='ltr'><strong>cr.</strong></span> <span class='ocrx_word' id='word_1_863' title='bbox 3392 5523 3470 5576; x_wconf 78' lang='lat' dir='ltr'><strong>gr.</strong></span> <span class='ocrx_word' id='word_1_864' title='bbox 3494 5523 3540 5561; x_wconf 89' lang='lat' dir='ltr'><strong>r.</strong></span> <span class='ocrx_word' id='word_1_865' title='bbox 3562 5518 3603 5563; x_wconf 88' lang='lat' dir='ltr'><strong>t.</strong></span> <span class='ocrx_word' id='word_1_866' title='bbox 3627 5517 3686 5562; x_wconf 86' lang='lat' dir='ltr'><strong>et</strong></span> <span class='ocrx_word' id='word_1_867' title='bbox 3706 5510 3767 5560; x_wconf 83' lang='lat' dir='ltr'><strong>ad</strong></span> <span class='ocrx_word' id='word_1_868' title='bbox 3787 5517 3880 5560; x_wconf 82' lang='lat' dir='ltr'><strong>Par.</strong></span> 
     </span>
    </p>
   </div>
   <div class='ocr_carea' id='block_1_113' title="bbox 2288 5590 3884 5702">
    <p class='ocr_par' dir='ltr' id='par_1_113' title="bbox 2288 5590 3884 5702">
     <span class='ocr_line' id='line_1_113' title="bbox 2288 5590 3884 5702; baseline -0.006 -7"><span class='ocrx_word' id='word_1_869' title='bbox 2288 5590 2555 5695; x_wconf 35' lang='lat' dir='ltr'><strong>L0YOCodeit</strong></span> <span class='ocrx_word' id='word_1_870' title='bbox 2586 5642 2713 5693; x_wconf 87' lang='lat' dir='ltr'><strong>alter</strong></span> <span class='ocrx_word' id='word_1_871' title='bbox 2735 5641 2846 5691; x_wconf 88' lang='lat' dir='ltr'><strong>cb.:</strong></span> <span class='ocrx_word' id='word_1_872' title='bbox 2879 5649 3067 5691; x_wconf 85' lang='lat' dir='ltr'><strong>Temere</strong></span> <span class='ocrx_word' id='word_1_873' title='bbox 3080 5638 3291 5702; x_wconf 80' lang='lat' dir='ltr'><strong>jnravit,</strong></span> <span class='ocrx_word' id='word_1_874' title='bbox 3315 5638 3431 5700; x_wconf 83' lang='lat' dir='ltr'><strong>quia</strong></span> <span class='ocrx_word' id='word_1_875' title='bbox 3463 5634 3684 5702; x_wconf 46' lang='lat' dir='ltr'><strong>incipit.</strong></span> <span class='ocrx_word' id='word_1_876' title='bbox 3724 5644 3884 5702; x_wconf 60' lang='lat' dir='ltr'><strong>Tm</strong></span> 
     </span>
    </p>
   </div>
   <div class='ocr_carea' id='block_1_114' title="bbox 2291 5698 3884 5771">
    <p class='ocr_par' dir='ltr' id='par_1_114' title="bbox 2291 5698 3884 5771">
     <span class='ocr_line' id='line_1_114' title="bbox 2291 5698 3884 5771; baseline -0.006 -13"><span class='ocrx_word' id='word_1_877' title='bbox 2291 5707 2453 5771; x_wconf 82' lang='lat' dir='ltr'><strong>lapsus</strong></span> <span class='ocrx_word' id='word_1_878' title='bbox 2476 5712 2572 5771; x_wconf 83' lang='lat' dir='ltr'><strong>est,</strong></span> <span class='ocrx_word' id='word_1_879' title='bbox 2597 5706 2711 5771; x_wconf 72' lang='lat' dir='ltr'><strong>quia</strong></span> <span class='ocrx_word' id='word_1_880' title='bbox 2734 5703 2937 5771; x_wconf 69' lang='lat' dir='ltr'><strong>juratjtt.</strong></span> <span class='ocrx_word' id='word_1_881' title='bbox 2964 5698 3212 5771; x_wconf 81' lang='lat' dir='ltr'><strong>ln_e6dem</strong></span> <span class='ocrx_word' id='word_1_882' title='bbox 3242 5698 3410 5752; x_wconf 87' lang='lat' dir='ltr'><strong>codice</strong></span> <span class='ocrx_word' id='word_1_883' title='bbox 3431 5700 3511 5750; x_wconf 87' lang='lat' dir='ltr'><strong>cb.</strong></span> <span class='ocrx_word' id='word_1_884' title='bbox 3537 5700 3733 5771; x_wconf 77' lang='lat' dir='ltr'><strong>initium</strong></span> 
     </span>
    </p>
   </div>
   <div class='ocr_carea' id='block_1_115' title="bbox 2290 5762 3886 5885">
    <p class='ocr_par' dir='ltr' id='par_1_115' title="bbox 2290 5762 3886 5885">
     <span class='ocr_line' id='line_1_115' title="bbox 2290 5762 3886 5881; baseline -0.006 -62"><span class='ocrx_word' id='word_1_885' title='bbox 2290 5762 2530 5881; x_wconf 49' lang='lat' dir='ltr'><strong>aelii-inclitis</strong></span> <span class='ocrx_word' id='word_1_886' title='bbox 2546 5762 2620 5819; x_wconf 77' lang='lat' dir='ltr'><strong>ita</strong></span> <span class='ocrx_word' id='word_1_887' title='bbox 2634 5768 2716 5817; x_wconf 82' lang='lat' dir='ltr'><strong>fini</strong></span> <span class='ocrx_word' id='word_1_888' title='bbox 2734 5762 2941 5817; x_wconf 74' lang='lat' dir='ltr'><strong>alterius</strong></span> <span class='ocrx_word' id='word_1_889' title='bbox 2959 5766 3192 5825; x_wconf 60' lang='lat' dir='ltr'><strong>cohaeret,</strong></span> <span class='ocrx_word' id='word_1_890' title='bbox 3208 5771 3262 5814; x_wconf 91' lang='lat' dir='ltr'><strong>ut</strong></span> <span class='ocrx_word' id='word_1_891' title='bbox 3276 5777 3442 5814; x_wconf 87' lang='lat' dir='ltr'><strong>sermo</strong></span> <span class='ocrx_word' id='word_1_892' title='bbox 3465 5775 3531 5813; x_wconf 78' lang='lat' dir='ltr'><strong>ex</strong></span> <span class='ocrx_word' id='word_1_893' title='bbox 3554 5762 3752 5815; x_wconf 78' lang='lat' dir='ltr'><strong>duobus</strong></span> <span class='ocrx_word' id='word_1_894' title='bbox 3772 5768 3886 5812; x_wconf 69' lang='lat' dir='ltr'><strong>littus</strong></span> 
     </span>
     <span class='ocr_line' id='line_1_116' title="bbox 2294 5844 2543 5885; baseline -0.028 0"><span class='ocrx_word' id='word_1_895' title='bbox 2294 5845 2325 5885; x_wconf 89' lang='lat' dir='ltr'><strong>e</strong></span> <span class='ocrx_word' id='word_1_896' title='bbox 2375 5844 2446 5881; x_wconf 71' lang='lat' dir='ltr'><strong>cna</strong></span> <span class='ocrx_word' id='word_1_897' title='bbox 2468 5844 2543 5879; x_wconf 90' lang='lat' dir='ltr'><strong>ur.</strong></span> 
     </span>
    </p>
   </div>
   <div class='ocr_carea' id='block_1_116' title="bbox 2292 5887 3488 5962">
    <p class='ocr_par' dir='ltr' id='par_1_116' title="bbox 2292 5887 3488 5962">
     <span class='ocr_line' id='line_1_117' title="bbox 2292 5887 3488 5962; baseline -0.002 -17"><span class='ocrx_word' id='word_1_898' title='bbox 2292 5922 2311 5962; x_wconf 57' lang='grc' dir='ltr'>ι</span> <span class='ocrx_word' id='word_1_899' title='bbox 2357 5893 2432 5959; x_wconf 85' lang='lat' dir='ltr'><strong>(a)</strong></span> <span class='ocrx_word' id='word_1_900' title='bbox 2454 5892 2594 5957; x_wconf 78' lang='lat' dir='ltr'><strong>Alias,</strong></span> <span class='ocrx_word' id='word_1_901' title='bbox 2615 5893 2744 5945; x_wconf 84' lang='lat' dir='ltr'><strong>inter</strong></span> <span class='ocrx_word' id='word_1_902' title='bbox 2765 5892 2951 5946; x_wconf 81' lang='lat' dir='ltr'><strong>additos</strong></span> <span class='ocrx_word' id='word_1_903' title='bbox 2965 5905 2996 5947; x_wconf 81' lang='lat' dir='ltr'><strong>a</strong></span> <span class='ocrx_word' id='word_1_904' title='bbox 3013 5890 3380 5953; x_wconf 80' lang='lat' dir='ltr'><strong>Parisiensibus.</strong></span> <span class='ocrx_word' id='word_1_905' title='bbox 3407 5887 3488 5943; x_wconf 78' lang='grc'><strong>11.</strong></span> 
     </span>
    </p>
   </div>
  </div>
