4108 6326
263 250 400 308 “09

264 364 520 436 sanguine
542 358 812 418 revocavit
845 357 887 432 (Ι
917 357 1044 429 Reg.
1079 353 1238 427 xxv).
1270 350 1476 409 Juravit
1508 359 1730 415 temere,
1761 346 1854 403 sed

267 475 370 512 non
398 454 633 524 implevit
651 453 972 524 iurationem
1001 449 1204 520 majore
1229 448 1441 518 pietate.

333 548 560 606 CAPUT
602 547 684 603 ΙΙΙ.
715 578 788 588 -
811 544 1074 610 Proinde,
1103 541 1401 598 charissimi
1422 581 1438 608 ,
1466 539 1660 594 iterum
1693 535 1857 591 redeo

264 645 330 701 ad
362 641 657 700 monendos
681 656 797 696 vos.
839 637 981 694 Ecce
1005 645 1223 693 sanctus
1262 632 1447 697 David,
1494 647 1600 686 non
1645 629 1859 700 quidem

268 709 433 793 iratus
459 735 769 805 sanguinem
810 731 1041 786 hominis
1067 727 1231 793 fudit;
1273 726 1366 782 sed
1405 740 1526 781 eum
1553 723 1742 778 falsum
1767 718 1860 792 iu-

269 843 415 883 rasse
453 839 649 895 negare
686 823 804 894 quis
833 819 1065 892 poterit?
1091 821 1169 874 De
1197 818 1402 874 duobus
1447 814 1677 886 peccatis
1703 812 1864 882 elegit

269 922 445 974 minus
474 937 486 973 :
519 917 612 974 sed
642 917 815 971 minus
840 913 939 969 fuit
960 912 1090 968 illud
1119 913 1168 966 in
1197 909 1595 980 comparatione
1620 905 1860 975 majoris.

270 1014 399 1068 Nam
443 1027 537 1081 per
575 1025 633 1064 se
679 1009 849 1078 ipsum
881 1019 1174 1077 appensum
1201 1047 1216 1071 ,
1260 1016 1506 1073 magnum
1539 998 1738 1054 malum
1782 1003 1866 1051 est

271 1105 397 1158 falsa
419 1101 636 1174 iuratio.
662 1101 816 1155 Prius
832 1114 958 1170 ergo
978 1097 1224 1153 laborare
1249 1094 1477 1158 debetis,
1505 1100 1558 1147 et
1573 1089 1864 1158 conﬂigere

271 1198 528 1253 adversus
575 1192 1012 1251 consuetudinem
1057 1200 1289 1245 vestram
1343 1187 1570 1252 malam,
1620 1182 1812 1237 malam
1844 1220 1860 1246 ,

273 1291 466 1348 malam
487 1333 502 1358 ,
530 1298 585 1346 et
609 1290 764 1346 valde
790 1289 983 1344 malam
1003 1303 1018 1354 ;
1041 1294 1096 1343 et
1115 1286 1302 1341 tollere
1323 1281 1644 1355 iurationem
1669 1278 1735 1334 de
1758 1277 1866 1334 ori-

273 1387 370 1442 bus
395 1385 605 1440 vestris.

345 1479 397 1535 ὅ.
437 1477 630 1532 Jurans
653 1475 715 1530 ab
739 1475 841 1530 alio
863 1483 1160 1547 provocatus
1179 1489 1280 1527 non
1305 1471 1378 1527 sic
1401 1476 1592 1542 peccat,
1614 1464 1864 1538 quomodo

273 1573 365 1625 iste
383 1571 534 1625 alius.
557 1569 613 1626 Si
636 1570 754 1638 quis
773 1580 950 1626 autem
975 1565 1340 1640 provocaverit
1365 1573 1416 1620 te
1434 1563 1500 1618 ad
1518 1560 1862 1632 iurationem,

276 1673 333 1720 ut
359 1665 493 1720 forte
514 1665 592 1720 sic
619 1664 718 1720 sibi
740 1665 1011 1720 exiStimet
1039 1660 1287 1718 satisfieri
1317 1672 1497 1730 posse,
1530 1657 1574 1711 si
1599 1651 1868 1726 iuraveris

275 1759 342 1814 de
360 1760 446 1814 illa
467 1775 524 1815 re
544 1775 702 1831 quam
725 1769 874 1831 putat
904 1767 954 1816 te
982 1757 1315 1814 commisisse
1332 1762 1424 1808 aut
1443 1751 1652 1814 fecisse,
1683 1746 1867 1804 et'for-

275 1853 411 1907 sitan
440 1868 544 1908 non
571 1853 778 1919 fecisti;
813 1867 880 1907 ne
917 1858 1194 1908 remaneat
1222 1849 1273 1902 in
1303 1846 1396 1901 illo
1427 1844 1568 1900 mala
1594 1839 1864 1910 suspicio,

274 1944 318 1998 si
335 1945 596 2014 iuraveris
619 1952 696 2011 tu,
724 1960 832 1999 non
860 1944 939 1999 sic
959 1957 1147 2013 peccas
1162 1937 1428 2012 quomodo
1451 1936 1538 1990 ille
1555 1934 1644 2005 qui
1665 1940 1716 1986 te
1738 1944 1867 2001 pro-

275 2038 482 2092 vocavit
509 2056 522 2091 :
551 2039 674 2108 quia
703 2037 839 2092 dixit
867 2037 1124 2092 Dominus
1147 2035 1329 2097 .lesus,
1364 2030 1444 2087 Sit
1478 2031 1530 2082 in
1569 2043 1654 2081 ore
1681 2032 1863 2089 vestro.

275 2129 386 2194 Est,
422 2139 528 2196 est;
557 2128 710 2197 Non,
741 2147 862 2184 non.
910 2129 971 2184 Si
1008 2128 1130 2200 quid
1169 2126 1388 2197 amplius
1426 2131 1527 2186 est,
1559 2137 1592 2173 a
1633 2118 1767 2172 malo
1792 2123 1867 2170 est

276 2221 504 2290 (Matth.
537 2238 592 2290 v,
626 2220 753 2293 57).
785 2221 1126 2291 Loquebatur
1156 2228 1331 2273 autem
1362 2215 1430 2271 de
1458 2214 1742 2285 iuratione,
1775 2208 1867 2265 ubi

275 2329 374 2368 nos
402 2315 698 2384 intelligere
740 2312 906 2368 voluit
934 2314 1100 2382 ipsam
1126 2310 1445 2381 iurationem
1477 2322 1505 2359 a
1538 2305 1680 2359 malo
1723 2315 1863 2356 esse.

273 2405 326 2460 Si
358 2405 426 2460 ab
448 2405 553 2460 alio
583 2413 899 2474 provocatus
941 2395 1124 2466 fueris,
1150 2401 1218 2455 ab
1246 2399 1410 2470 ipsius
1437 2397 1577 2450 malo
1597 2394 1700 2450 erit
1725 2392 1866 2463 quod

271 2499 442 2568 iuras,
474 2514 578 2552 non
606 2513 635 2552 a
665 2509 774 2554 tuo.
808 2497 875 2552 Et
903 2497 1004 2552 hoc
1036 2504 1119 2551 est
1155 2509 1320 2565 prope
1358 2509 1387 2547 a
1412 2491 1555 2546 malo
1593 2487 1865 2545 communi

272 2590 486 2660 generis
534 2589 787 2654 humani,
818 2589 1067 2660 quoniam
1107 2587 1266 2642 corda
1311 2593 1491 2640 nostra
1534 2581 1711 2637 videre
1759 2594 1867 2634 non

275 2696 576 2752 possumus.
608 2681 738 2735 Nam
766 2681 812 2736 si
854 2681 1014 2736 corda
1043 2689 1222 2736 nostra
1253 2677 1576 2740 videremus,
1607 2673 1693 2730 cui
1713 2675 1861 2744 jura-

276 2772 494 2828 remus?
521 2772 745 2842 Quando
786 2788 818 2828 a
861 2773 1016 2828 nobis
1051 2773 1356 2843 exigeretur
1389 2769 1621 2840 iuratio,
1653 2767 1866 2839 quando

274 2863 544 2920 videretur
573 2865 742 2921 oculis
767 2865 994 2935 proximi
1027 2865 1138 2935 ipsa
1166 2862 1452 2934 cogitatio?

345 2956 571 3012 CAPUT
612 2956 698 3011 ιν.
729 2987 800 2997 -—
826 2958 879 3013 4.
920 2956 1107 3012 Jurare
1131 2957 1436 3026 compellens
1456 2971 1569 3009 eum
1593 2970 1742 3023 quem
1766 2952 1870 3023 [af-

275 3065 386 3104 sum
403 3051 700 3120 juraturum
733 3051 924 3116 credit,
965 3053 1108 3123 pejor
1142 3059 1217 3104 est
1256 3035 1530 3103 homicida.
1560 3047 1787 3105 Scribite
1813 3048 1866 3102 in

275 3140 525 3196 cordibus
552 3142 744 3196 vestris
770 3141 912 3212 quod
937 3141 1058 3197 dico
1089 3161 1103 3197 :
1147 3141 1241 3197 Ille
1264 3150 1443 3196 autem
1475 3141 1562 3211 qui
1592 3140 1866 3194 hominem

275 3233 584 3300 provocavit
608 3233 672 3287 ad
697 3233 1042 3303 iurationem,
1074 3243 1128 3288 et
1153 3233 1396 3290 sciteum
1421 3231 1609 3286 falsum
1641 3246 1762 3286 esse
1783 3231 1870 3301 ju-

275 3333 548 3390 raturum,
593 3326 758 3382 vincit
793 3326 1130 3381 homicidam.
1182 3324 1316 3394 Quia
1363 3324 1624 3380 homicida
1670 3339 1868 3393 corpus

274 3418 544 3472 occisurus
579 3427 681 3484 est,
711 3419 797 3472 ille
823 3418 1088 3483 animam;
1119 3419 1226 3472 imo
1251 3418 1384 3472 duas
1413 3418 1641 3480 animas,
1671 3427 1727 3472 et
1752 3417 1869 3487 eius

275 3528 432 3582 quem
476 3512 656 3582 iurare
694 3512 1019 3582 provocavit,
1060 3520 1114 3566 et
1151 3527 1322 3566 suam.
1362 3511 1480 3567 Scis
1519 3527 1704 3566 verum
1749 3526 1869 3567 esse

275 3605 416 3675 quod
456 3605 618 3672 dicis,
655 3613 711 3660 et
752 3605 941 3660 falsmn
976 3620 1095 3661 esse
1121 3607 1260 3676 quod
1300 3605 1392 3661 ille
1417 3605 1576 3672 dicit,
1604 3613 1660 3661 et
1687 3606 1868 3675 iurare

275 3698 594 3768 compellis'!
639 3699 777 3756 Ecce
809 3698 983 3770 iurat,
1011 3713 1136 3755 ecce
1177 3699 1409 3771 peierat,
1440 3715 1568 3756 ecce
1605 3702 1779 3770 perit:
1810 3711 1869 3758 tu

277 3793 402 3862 quid
432 3793 722 3849 invenisti?
754 3793 865 3849 [mo
894 3803 949 3851 et
984 3803 1039 3848 tu
1067 3795 1270 3864 peristi,
1302 3795 1391 3866 qui
1421 3795 1488 3852 de
1517 3796 1661 3852 illius
1695 3805 1870 3853 morte

278 3893 328 3940 te
350 3886 544 3942 satiare
566 3887 803 3943 voluisti.

346 3977 573 4033 CAPUT
611 3977 674 4033 V.
701 4008 774 4019 -—
794 3978 847 4034 5.
888 3977 1240 4050 Tutuslymeni
1281 3979 1342 4035 ob
1372 3981 1467 4034 Itoc
1501 3989 1758 4052 peccatum
1789 3982 1871 4037 di-

280 4071 394 4124 vina
412 4071 726 4143 correptione
743 4071 1052 4144 ﬂagellatus.
1084 4073 1299 4143 Aliquid
1339 4073 1536 4141 dicam,
1567 4075 1704 4146 quod
1736 4091 1870 4130 nun-

279 4179 436 4233 quam
462 4164 572 4220 dixi
594 4163 850 4220 Charitati
874 4174 1095 4231 vestrae,
1121 4167 1176 4221 in
1209 4169 1308 4222 hoc
1340 4167 1555 4237 pepulo,
1575 4169 1712 4238 quod
1737 4184 1866 4224 con-

282 4258 397 4329 tigit
429 4259 480 4312 in
508 4258 606 4314 hac
630 4259 880 4316 ecclesia.
912 4259 1036 4314 Fuit
1064 4259 1149 4315 hic
1180 4260 1340 4315 homo
1377 4260 1590 4332 quidam
1617 4262 1868 4332 simplex,

279 4350 564 4415 innocens,
598 4349 734 4406 bene
764 4349 962 4418 fidelis,
1005 4366 1034 4405 a
1067 4351 1245 4407 multis
1272 4353 1483 4416 vestris,
1522 4353 1572 4408 id
1604 4364 1708 4421 est,
1739 4353 1869 4424 Ilip-

281 4443 635 4513 ponensibus,
665 4443 774 4497 imo
818 4443 887 4497 ab
915 4444 1162 4499 omnibus
1198 4445 1469 4516 cognitus,
1499 4445 1870 4518 Tutuslymeni

280 4545 521 4590 vocatus.
569 4535 965 4610 Tutumlymeni
995 4539 1114 4609 quis
1155 4548 1391 4596 vestrum
1427 4556 1534 4595 non
1583 4541 1748 4606 novit,
1779 4543 1869 4613 qui

280 4630 430 4684 cives
455 4629 626 4684 estis?
652 4630 734 4685 Ab
759 4631 849 4686 illo
873 4631 1050 4687 audivi
1075 4633 1215 4704 quod
1239 4634 1377 4689 dico.
1411 4634 1600 4690 Nescio
1625 4636 1744 4705 quis
1774 4651 1873 4692 nc-

279 4720 424 4789 gavit
448 4721 519 4786 ei,
543 4719 628 4775 vel
662 4721 804 4792 quod
832 4724 1319 4791 commendaverat,
1348 4727 1433 4782 vel
1464 4727 1604 4798 quod
1633 4728 1681 4782 ei
1707 4729 1873 4784 debe-

281 4815 465 4881 batur;
498 4821 553 4868 et
577 4812 810 4868 hominis
836 4811 958 4869 ﬁdei
1003 4829 1061 4870 se
1085 4818 1368 4872 commisit.
1407 4818 1714 4875 Commotus
1744 4836 1870 4890 pro-

282 4907 488 4962 vocavit
511 4906 731 4980 eum\ad
767 4907 1160 4978 iusiurandum.
1189 4909 1394 4965 .luravit
1424 4912 1510 4967 ille
1529 4952 1546 4978 ,
1572 4913 1670 4968 iste
1696 4913 1873 4982 perdi-

279 5000 400 5054 dit:
433 4999 528 5056 sed
575 5001 676 5056 isto
721 5001 1007 5072 perdente,
1042 5001 1134 5059 ille
1177 5004 1384 5074 penitus
1428 5006 1603 5076 periit.
1655 5007 1873 5063 Dicebat

280 5108 408 5164 ergo
437 5093 539 5150 iste
569 5094 936 5168 Tutuslymeni
961 5097 1121 5152 homo
1149 5097 1324 5168 gravis
1345 5108 1399 5154 et
1420 5098 1610 5166 fidelis,
1638 5101 1749 5172 ipsa
1777 5118 1873 5157 no.

281 5195 365 5241 cte
403 5186 696 5242 exhibitum
725 5203 786 5245 se
831 5189 992 5246 fuisse
1033 5189 1098 5245 ad
1123 5189 1394 5261 iudicem,
1431 5202 1484 5249 et
1513 5209 1632 5250 cum
1680 5212 1873 5267 magno

283 5279 482 5349 impetu
510 5289 671 5353 atque
710 5291 913 5338 terrore
952 5297 1011 5338 se
1048 5285 1356 5354 pervenisse
1392 5286 1458 5340 ad
1497 5288 1870 5357 praesidentem

283 5373 550 5427 excelsum
585 5375 868 5445 quemdam
899 5386 954 5432 et
981 5377 1346 5434 admirabilem
1385 5382 1580 5448 virum,
1611 5386 1695 5438 cui
1721 5399 1873 5454 pare-

282 5462 371 5518 bat
400 5463 632 5521 ofﬁcium
659 5469 903 5524 similiter
926 5471 1259 5526 excelsorum
1280 5514 1294 5538 ,
1321 5473 1528 5542 iussum
1558 5475 1722 5532 fuisse
1751 5494 1873 5546 pcr-

281 5558 549 5613 turbatum
588 5569 730 5614 retro
766 5563 1043 5630 revocari,
1075 5573 1128 5619 et
1169 5563 1552 5636 interrogatum
1599 5568 1759 5624 fuisse
1791 5571 1870 5625 his

280 5651 459 5707 verbis
495 5670 508 5706 :
541 5653 715 5720 Quare
754 5656 1050 5725 provocasti
1095 5656 1365 5713 hominem
1407 5659 1471 5715 ad
1509 5661 1863 5730 iurationem,

277 5761 442 5824 quem
470 5747 677 5806 sciebas
698 5747 890 5807 falsum
913 5765 1032 5808 esse
1054 5750 1395 5824 iuraturum?
1420 5753 1708 5828 Respondit
1739 5759 1819 5810 il’t-
1853 5779 1864 5816 ;

1675 225 1903 290 SERMO
1939 226 2157 286 CCCIX.

3403 235 3544 294 1410

1965 342 2182 415 Negavit
2223 345 2350 401 mihi
2397 361 2508 403 rem
2556 362 2749 402 meam.
2789 346 3140 420 Responsum
3177 359 3258 406 est
3299 351 3370 406 ilii
3421 373 3432 409 :
3485 355 3554 410 Et

1965 453 2142 494 nonne
2169 440 2362 495 melius
2388 452 2522 510 erat,
2557 451 2615 498 ut
2643 459 2756 498 rem
2788 453 2932 499 tuam
2962 461 3120 515 quam
3148 446 3398 518 exigebas
3428 465 3554 518 per-

1963 529 2156 598 deres,
2200 547 2358 602 quam
2390 534 2633 597 animam
2675 535 2905 592 hominis
2943 537 3094 594 istius
3137 538 3262 593 falsa
3287 540 3558 610 iuratione

1965 623 2293 692 perimeres?
2313 623 2615 682 Prostratus
2635 622 2819 698 iusslts
2846 638 2928 684 est
2951 631 3106 685 caedi.
3129 631 3315 687 Cmsus
3341 643 3423 689 est
3449 644 3556 690 tam

1965 712 2220 782 graviter,
2247 722 2305 769 ut
2329 715 2381 770 in
2407 716 2568 773 dorso
2593 719 2893 790 evigilantis
2915 723 3138 793 vestigia
3160 723 3433 794 plagarum
3457 744 3556 798 ap-

1967 813 2236 874 parerent.
2270 805 2376 862 Sed
2429 806 2628 864 dictum
2667 820 2750 866 est
2776 812 2894 880 illi,
2928 823 3205 886 postquam
3248 819 3560 876 emendatus

1968 905 2051 952 est
2079 915 2093 953 :
2125 898 2365 954 Parcitur
2393 900 2710 960 innocentia:
2738 914 2860 974 tute,
2893 907 2960 962 de
2995 919 3191 965 caetero
3220 927 3349 966 cave
3380 929 3447 968 ne
3479 914 3559 968 fa-

1968 989 2099 1044 cias.
2123 991 2270 1046 Fecit
2291 991 2504 1062 quidem
2527 993 2616 1049 ille
2639 1012 2798 1067 grave
2825 1009 3127 1069 peccatum,
3159 1011 3212 1056 et
3246 1005 3560 1060 emendatus

1969 1089 2083 1136 est:
2108 1082 2200 1137 sed
2221 1084 2385 1138 multo
2402 1085 2614 1155 gravius
2640 1100 2914 1157 peccatum
2939 1092 3112 1158 faciet,
3140 1095 3227 1165 qui
3250 1107 3370 1165 post
3401 1098 3560 1153 istum

1969 1189 2147 1230 meum
2195 1190 2496 1234 sermonem
2538 1191 2592 1235 et
2638 1181 2794 1237 istam
2839 1200 3012 1240 meam
3053 1187 3470 1245 admonitionem
3511 1200 3564 1249 et

1970 1269 2398 1327 exhortationem
2423 1272 2525 1329 tale
2547 1274 2741 1345 aliquid
2768 1274 2973 1332 fecerit.
2993 1277 3186 1336 Cavete
3207 1296 3236 1334 a
3266 1283 3392 1336 falsa
3414 1283 3562 1353 jura.
3659 1293 3664 1302 '

1970 1363 2115 1419 tione
2137 1405 2153 1430 ,
2186 1375 2370 1421 cavete
2408 1382 2438 1421 a
2468 1369 2749 1424 temeraria
2784 1368 3070 1440 iuratione.
3121 1375 3201 1430 Ab
3231 1374 3314 1430 his
3354 1376 3564 1433 duobus

1969 1456 2125 1512 malis
2143 1459 2483 1515 securissime
2503 1461 2779 1530 cavebitis,
2802 1462 2848 1517 si
2883 1467 3322 1524 consuetudinem
3346 1468 3563 1540 iurandi

1971 1565 2003 1606 a
2031 1552 2182 1608 vobis
2199 1553 2552 1610 abstuleritis.

2469 1709 2706 1768 ειεξιΜο
2721 1711 2922 1769 cccxx
2943 1712 3064 1787 ‘(a).

2337 1850 2387 1894 In
2404 1843 2554 1896 Natali
2575 1848 2791 1910 Cypriani
2809 1850 3046 1914 martyris,
3073 1867 3089 1902 ι
3113 1851 3202 1916 (b).

2041 1969 2270 2026 CAPUT
2321 1971 2608 2030 PRIMUM.
2649 2005 2720 2018 --
2759 1979 2810 2032 1.
2860 1978 3103 2050 Cypriani
3155 1983 3323 2053 passio
3373 1987 3556 2042 recoli-

1972 2067 2072 2112 tur.
2129 2059 2441 2117 Sermonem
2491 2080 2519 2118 a
2574 2067 2728 2122 nobis
2781 2068 3018 2124 debitum
3068 2073 3284 2128 auribus
3313 2085 3368 2131 et
3391 2078 3568 2134 cordi-

1971 2149 2083 2220 bus
2110 2153 2304 2207 vestris
2329 2155 2499 2225 exigit
2537 2164 2642 2211 tam
2687 2169 2833 2228 grata
2861 2169 2914 2214 et
2956 2163 3200 2232 religiosa
3232 2166 3564 2238 solemnitas,

1971 2257 2076 2312 qua
2127 2246 2430 2314 passionem
2479 2247 2617 2302 beati
2668 2249 2913 2322 Martyris
2966 2255 3321 2313 celebramus.
3375 2259 3566 2320 Tristis

1971 2337 2157 2406 procul
2203 2337 2365 2393 dubio
2419 2349 2546 2396 tunc
2603 2341 2844 2398 Ecclesia
2893 2344 3028 2414 fuit,
3089 2363 3194 2404 non
3241 2350 3436 2408 damno
3477 2370 3566 2410 ca-

1971 2425 2182 2492 dentis,
2233 2427 2326 2482 sed
2373 2429 2642 2487 desiderio
2696 2434 3029 2502 recedentis;
3080 2454 3294 2509 semper
3343 2445 3568 2515 cupiens

1972 2516 2152 2574 videre
2180 2530 2500 2590 praesentem
2549 2531 2656 2578 tam
2701 2525 2899 2582 bonum
2948 2539 3212 2587 rectorem
3259 2543 3417 2606 atque
3466 2538 3566 2592 do-

1971 2618 2195 2666 ctorem.
2237 2611 2342 2668 Sed
2373 2630 2509 2686 quos
2566 2617 2827 2674 afflixerat
2882 2621 3183 2680 sollicitudo
3235 2630 3563 2699 certaminis,

1971 2703 2248 2759 consolata
2302 2717 2384 2761 est
2431 2721 2630 2762 corona
2663 2710 2899 2767 victoris.
2946 2715 3013 2769 Et
3057 2731 3220 2780 nunc,
3250 2735 3358 2776 non
3387 2722 3562 2778 solum

1973 2793 2091 2848 sine
2119 2795 2223 2849 ulla
2272 2797 2503 2865 tristitia,
2537 2816 2722 2856 verum
2769 2804 2928 2860 etiam
2972 2822 3094 2862 cum
3139 2809 3340 2880 ingenti
3383 2813 3564 2870 laetitia

1972 2897 2161 2943 cuncta
2189 2907 2308 2960 qua:
2339 2903 2464 2948 tunc
2489 2904 2634 2964 gesta
2668 2906 2792 2952 sunt
2837 2899 3066 2970 legendo
3091 2912 3147 2959 et
3176 2905 3446 2977 diligendo
3475 2924 3567 2965 re-

1972 2981 2229 3067 colimus;
2258 2983 2448 3055 dieque
2480 2985 2582 3041 isto
2605 2989 2837 3058 gaudere
2861 2993 2970 3060 iam
2993 3009 3306 3053 concessum
3326 3012 3426 3065 est,
3459 3019 3566 3058 non

1975 3074 2186 3130 timere.
2206 3074 2392 3146 Neque
2421 3079 2566 3132 enim
2594 3095 2716 3135 eum
2749 3081 3098 3142 formidamus
3140 3091 3452 3148 terribiliter
3475 3111 3570 3150 ve-

1974 3169 2228 3232 nientem,
2258 3170 2353 3225 sed
2384 3183 2730 3242 expectamus
2761 3175 3000 3233 hilariter
3025 3181 3359 3239 redeuntem.
3389 3186 3571 3244 Placet
3609 3221 3626 3242 .

1973 3263 2154 3334 itaque
2196 3263 2503 3321 universam
2553 3267 2698 3323 illam
2753 3270 3046 3327 fidelissimi
3096 3284 3150 3330 et
3199 3275 3474 3334 fortissimi
3516 3290 3571 3337 et

1971 3355 2343 3426 gloriosissimi
2387 3357 2632 3429 Martyris
2676 3361 2978 3429 passionem
3039 3381 3158 3420 cum
3206 3369 3566 3427 exsultatione

1975 3448 2245 3512 recordari
2278 3451 2631 3519 praeteritam,
2662 3470 2822 3524 quam
2849 3465 2975 3512 tunc
3003 3457 3195 3517 fratres
3215 3477 3334 3517 cum
3366 3465 3569 3520 sollici-

1976 3541 2160 3597 tudine
2184 3543 2486 3600 sustinuere
2511 3545 2763 3602 futuram.

2045 3634 2098 3688 2.
2158 3633 2413 3691 Exsilium
2467 3639 2648 3709 ipsius.
2704 3640 2920 3697 Reditus
2987 3644 3050 3698 ab
3117 3648 3316 3703 exsilio.
3383 3649 3565 3707 Primo

1976 3727 2136 3798 igitur
2161 3731 2304 3799 quod
2354 3747 2450 3801 pro
2481 3731 2584 3788 fide
2619 3732 2972 3792 confessionis
3001 3737 3198 3796 Christi
3244 3743 3296 3798 in
3350 3747 3568 3802 exilium

1975 3817 2210 3874 Curubin
2265 3821 2460 3876 missus
2500 3834 2622 3891 est,
2678 3842 2782 3880 non
2834 3837 3020 3884 sancto
3057 3829 3325 3903 Cypriano
3371 3837 3570 3907 aliquid

1978 3911 2235 3978 nocitum,
2259 3913 2353 3968 sed
2385 3915 2607 3970 multum
2655 3917 2728 3972 illi
2773 3921 3065 3988 praestitum
3089 3933 3169 3978 cst
3204 3925 3423 3982 civitati.
3455 3929 3572 3998 Quo

1975 4003 2117 4056 enim
2166 4003 2280 4073 ipse
2321 4005 2644 4071 mitteretur,
2683 4007 2770 4062 ubi
2819 4010 2910 4065 ille
2962 4027 3066 4067 non
3115 4024 3290 4082 esset,
3353 4029 3572 4089 propter

1979 4095 2129 4166 cuius
2160 4097 2526 4154 testimonium
2558 4101 2907 4157 mittebatur?
2937 4104 3179 4164 Christus
3199 4125 3326 4180 ergo
3351 4113 3438 4182 qui
3472 4114 3567 4180 ait,

1978 4189 2110 4245 Ecce
2132 4206 2222 4261 ego
2248 4193 2498 4247 vobiscum
2525 4211 2638 4248 sum
2667 4195 2899 4250 omnibus
2943 4197 3119 4255 diebus
3148 4218 3307 4272 usque
3341 4205 3409 4258 ad
3451 4203 3595 4262 con;

1976 4285 2363 4338 summationem
2390 4286 2562 4340 seaculi
2581 4284 2794 4361 (Matth.
2821 4304 3016 4353 xxvm,
3043 4291 3155 4362 20),
3182 4293 3233 4348 in
3273 4298 3416 4352 omni
3450 4299 3567 4354 loco

1977 4377 2276 4432 membrum
2323 4393 2474 4433 suum
2507 4380 2824 4450 excipiebat,
2845 4397 3180 4455 quocumque
3196 4386 3340 4442 furor
3371 4389 3569 4446 inimici

1979 4467 2231 4540 pellebat.
2263 4469 2308 4524 Ο
2332 4471 2491 4526 stulta
2522 4471 2806 4526 infidelitas
2837 4478 3241 4545 persequentis!
3272 4479 3325 4534 Si
3373 4485 3570 4551 quaeris

1979 4564 2224 4619 exsilium
2246 4579 2352 4635 quo
2373 4565 2708 4620 Christianus
2727 4568 2979 4636 iubeatur
3001 4571 3112 4636 ire;
3139 4572 3304 4642 prius,
3329 4573 3370 4627 si
3396 4587 3567 4644 potes,

1979 4658 2154 4712 inveni
2184 4657 2323 4712 unde
2344 4656 2588 4714 Christus
2616 4670 2836 4730 cogatur
2864 4663 3033 4718 exire.
3066 4663 3144 4718 De
3181 4667 3346 4735 patria
3380 4683 3472 4723 sua
3512 4670 3561 4724 in

1979 4751 2208 4806 alienam
2255 4759 2308 4807 te
2363 4752 2642 4808 arbitraris
2689 4754 2973 4810 excludere
3026 4755 3296 4813 hominem
3345 4759 3475 4828 Dei,
3521 4764 3568 4815 in

1978 4841 2190 4897 Christo
2211 4858 2468 4912 nusquam
2483 4845 2804 4915 cxsulem,in
2823 4863 2981 4902 carne
2999 4849 3194 4919 ubique
3209 4853 3567 4922 peregrinum.

1981 4933 2087 4990 Sed
2105 4935 2214 5006 iam
2241 4921 2584 4992 considerare
2613 4947 2666 4993 et
2708 4925 3132 4995 commemorare
3179 4921 3410 4998 delectat
3452 4955 3572 5016 pmt

1981 5029 2144 5095 illud,
2173 5028 2314 5100 quod
2353 5028 2654 5101 Cyprianus
2698 5045 2801 5086 non
2853 5041 3132 5100 senserat,
3184 5035 3278 5090 sed
3320 5037 3566 5092 inimicus

1983 5122 2201 5194 putabat
2250 5121 2519 5190 exsilium,
2576 5122 2798 5194 quid'ex
2845 5123 3034 5180 ordine
3087 5127 3351 5196 passionis
3407 5131 3570 5200 ipsius

1980 5225 2326 5271 consecutum
2356 5215 2442 5270 sit.
2468 5216 2600 5271 Cum
2617 5216 2758 5270 enim
2775 5209 3074 5287 Cyprianus
3107 5207 3337 5277 sanctus.
3368 5233 3569 5294 martyr

1981 5309 2182 5366 electus
2209 5325 2238 5366 a
2263 5311 2372 5367 Deo
2396 5309 2462 5366 de
2488 5309 2700 5365 civitate
2727 5311 3072 5382 Curubitana,
3103 5314 3155 5369 in
3177 5330 3336 5387 quam
3379 5318 3567 5373 exsilio

2042 5493 2061 5514 θ
2085 5493 2377 5543 Emendatus
2412 5492 2470 5542 ad
2495 5506 2570 5557 gr.
2613 5505 2656 5542 r.
2683 5499 2718 5544 t.
2743 5508 2791 5544 v.
2820 5501 2872 5546 et
2909 5495 2966 5545 ad
2991 5505 3092 5546 Par.
3118 5504 3227 5550 Lov.

2041 5578 2114 5641 (a)
2141 5578 2279 5636 Alias,
2299 5579 2429 5628 inter
2449 5579 2636 5628 additos
2658 5592 2684 5627 a
2703 5581 3054 5631 Parisiensihus
3077 5584 3150 5633 12.

2041 5643 2111 5705 (ὁ)
2137 5641 2377 5707 Possidius
2417 5643 2461 5689 in
2504 5642 2738 5702 Indiculo,
2779 5658 2884 5707 cap.
2931 5645 3004 5702 10,
3023 5654 3254 5697 recenset
3283 5665 3305 5693 α
3326 5646 3392 5698 de
3423 5649 3571 5700 Natali

1987 5713 2075 5816 «si,
2121 5704 2334 5818 cyﬂriani
2381 5712 2611 5755 tractatus
2657 5704 2874 5774 quatuor.
2915 5726 2937 5754 »
2985 5717 3116 5759 llllllc
3159 5712 3272 5762 ϐίωῐ
3311 5711 3472 5766 Florus
3512 5714 3572 5766 ad

1977 5775 2155 5833 Eples.
2214 5802 2225 5816 .
