4108 6326
599 277 734 342 ibi!

594 406 860 471 praecepto
887 397 1094 468 Aspasii
1125 396 1338 455 Paterni
1367 399 1702 471 proconsulis
1743 400 1940 459 missus
1975 399 2173 476 fuerat,

591 507 866 563 regressus
915 499 1086 557 esset;
1143 493 1195 547 in
1247 492 1417 549 hortis
1468 494 1579 549 suis
1617 493 1914 550 manebat:
1954 502 2009 550 et
2051 494 2176 550 inde

589 583 826 654 quotidie
852 584 1104 655 sperabat
1146 585 1319 642 veniri
1357 583 1426 642 ad
1455 601 1536 654 se,
1594 586 1731 652 sicut
1783 599 2056 645 ostensum
2098 585 2174 644 illi

588 684 720 731 erat.

654 765 881 823 CAPUT
899 767 1089 825 il.—3.
1108 769 1496 841 Comprehensio
1517 789 1548 826 a
1564 759 1757 828 duobus
1775 773 2169 848 apparitoribus.

587 857 721 927 Quid
733 861 843 930 jam
859 859 1111 918 fremeret
1128 864 1485 933 persecutoris
1505 865 1734 936 impetus
1761 867 1777 898 ¹
1800 865 2055 923 adversus
2079 882 2174 924 cor

584 966 797 1020 semper
828 960 1090 1022 paratum,
1112 956 1400 1012 accedente
1420 957 1579 1011 etiam
1610 957 1815 1014 Domini
1849 957 2170 1016 revelatioue

581 1041 886 1097 ﬁrmatum?
921 1043 1144 1111 Quando
1173 1047 1314 1101 enim
1351 1046 1627 1106 desereret
1664 1051 1971 1124 patientem,
2010 1067 2170 1124 quem

579 1147 684 1188 non
736 1143 820 1189 est
853 1150 1042 1207 passus
1087 1141 1442 1211 praeoccupari
1492 1141 1862 1199 nescientem?
1893 1143 2010 1200 Jam
2038 1161 2168 1217 ergo

582 1224 724 1294 quod
736 1225 802 1281 ad
818 1242 938 1281 cum
964 1229 1198 1299 passioni
1225 1229 1582 1294 exhibendum
1610 1235 1715 1292 duo
1743 1236 1889 1291 missi
1911 1248 2053 1304 sunt,
2077 1239 2166 1310 qui

575 1328 699 1372 eum
712 1318 870 1373 etiam
887 1333 1065 1375 secum
1083 1321 1134 1375 in
1150 1323 1469 1379 curriculum
1486 1325 1795 1382 levaverunt
1815 1328 1866 1382 in
1883 1328 2165 1402 medioque

575 1419 895 1479 posuerunt;
925 1421 978 1469 et
1004 1413 1107 1470 hoc
1142 1413 1338 1472 divina:
1367 1417 1745 1476 admonitionis
1774 1421 1893 1492 fuit,
1929 1433 1984 1478 ut
2028 1440 2162 1495 gau-

573 1500 704 1555 dens
731 1505 991 1560 recoleret
1016 1505 1080 1559 ad
1110 1506 1226 1577 ejus
1257 1522 1452 1578 corpus
1481 1523 1538 1564 se
1585 1511 1873 1581 pertinere,
1903 1513 1991 1584 qui
2022 1515 2163 1571 inter

573 1591 782 1663 iniquos
808 1595 1094 1665 deputatus
1121 1607 1222 1654 est.
1249 1598 1490 1655 Christus
1517 1613 1745 1674 namque
1768 1605 1906 1660 inter
1925 1603 2058 1661 duos
2086 1606 2161 1660 la-

573 1694 754 1742 trones
783 1689 922 1760 ligno
944 1705 1256 1761 suspensus,
1279 1693 1344 1748 ad
1375 1697 1680 1768 exemplum
1723 1700 1991 1769 patientiae
2021 1718 2158 1772 prae-

569 1775 792 1833 bebatur
815 1779 1002 1852 (Marc.
1027 1799 1120 1849 xv,
1143 1783 1345 1856 17,23).
1366 1786 1658 1858 Cyprianus
1671 1798 1845 1845 autem
1865 1791 2002 1848 inter
2021 1793 2158 1850 duos

567 1873 895 1941 apparitores
922 1917 936 1942 ,
988 1876 1056 1931 ad
1104 1875 1406 1947 passionem
1466 1895 1628 1938 curru
1677 1891 1916 1954 portatus
1959 1887 2156 1944 Christi

568 1963 786 2034 vestigia
809 1967 1153 2036 sequebatur.

635 2055 688 2111 4.
722 2056 967 2130 Cypriani
991 2060 1286 2120 sollicitudo
1315 2069 1605 2137 pastoralis.
1657 2070 1794 2139 Quid
1837 2071 1967 2129 illud
2010 2043 2156 2145 quod

566 2160 686 2199 cum
720 2146 770 2206 in
796 2149 961 2208 alium
986 2151 1128 2207 diem
1155 2154 1352 2213 dilatus
1371 2159 1510 2228 apud
1532 2161 1781 2217 custodes
1797 2172 1960 2230 esset,
1993 2175 2154 2237 atque
2189 2211 2191 2213 .

565 2231 691 2292 illuc
739 2253 797 2294 se
829 2241 1111 2299 multitudo
1151 2244 1374 2306 fratrum
1416 2265 1478 2305 ac
1509 2265 1752 2307 sororum
1797 2231 2148 2329 congregans,

564 2342 660 2397 pro
693 2329 895 2388 foribus
932 2345 1288 2406 pernoctaret,
1331 2342 1588 2400 custodiri
1622 2345 1826 2414 puellas
1875 2351 2144 2420 praecepit,

560 2432 756 2490 quanta
790 2424 1084 2483 intentione
1111 2430 1803 2505 considerandum‘lquauta
1829 2437 1986 2495 laude
2013 2455 2152 2510 prte-

559 2511 1132 2590 dicandumtquanto
1181 2524 1450 2590 prteconio
1498 2529 1978 2586 commendandum
2027 2533 2151 2589 est!

561 2603 745 2661 Vicina
773 2611 1013 2677 corporis
1044 2622 1238 2678 morte,
1273 2630 1378 2671 non
1401 2617 1730 2676 moriebatur
1754 2623 1805 2676 in
1845 2625 2026 2680 animo
2055 2639 2150 2697 pa-

558 2700 720 2753 storis
748 2700 1015 2770 vigilantia
1054 2707 1370 2775 pastoralis;
1417 2719 1471 2764 et
1516 2725 1643 2766 cura
1671 2712 1853 2769 tuendi
1893 2715 2145 2774 dominici

557 2789 732 2860 gregis
780 2806 946 2863 usque
975 2793 1042 2849 ad
1067 2805 1365 2852 extremum
1419 2800 1540 2856 vitae
1585 2802 1742 2874 hujus
1779 2805 1921 2862 diem
1963 2819 2147 2867 mente

557 2881 732 2935 sobria
755 2883 1068 2942 tenebatur:
1095 2903 1194 2943 nec
1223 2891 1523 2948 excutiebat
1548 2893 1617 2949 ab
1631 2895 1808 2951 animo
1819 2898 2144 2970 diligentiam

557 2971 853 3029 ﬁdelissimi
882 2975 1287 3049 dispensatoris,
1321 2999 1508 3040 manus
1528 2985 1638 3058 jam
1672 2991 1910 3058 proxima
1937 2996 2143 3050 cruenti

555 3063 840 3123 carniﬁcis.
872 3067 946 3126 ita
973 3083 1032 3125 se
1061 3081 1350 3145 martyrem
1376 3077 1642 3146 cogitabat
1663 3079 1918 3153 futurum,
1941 3094 1997 3139 ut
2021 3102 2144 3143 esse

556 3170 662 3211 non
707 3157 1110 3218 oblivisceretur
1153 3167 1461 3238 episcopum
1491 3188 1506 3226 :
1537 3174 1700 3242 magis
1748 3191 1950 3254 curans
1980 3195 2140 3250 quam

555 3249 813 3304 rationem
845 3262 1112 3322 pastorum
1142 3257 1365 3330 principi
1395 3260 1464 3315 de
1487 3265 1788 3320 commissis
1817 3268 1916 3324 sibi
1945 3249 2142 3329 ovibus

554 3339 822 3410 redderet,
850 3359 1007 3413 quam
1039 3347 1163 3416 quid
1191 3349 1393 3405 inﬁdeli
1441 3357 1745 3421 proconsuli
1773 3358 1841 3414 de
1869 3360 1972 3417 ﬁde
2018 3379 2143 3433 pro-

554 3433 666 3500 pria
722 3435 1090 3506 responderet.
1135 3440 1362 3497 Amabat
1410 3445 1605 3517 quippe
1649 3463 1794 3514 eum,
1845 3453 1936 3522 qui
1980 3454 2140 3512 Petro

551 3522 777 3590 dixerat,
800 3527 953 3580 Amas
974 3529 1088 3583 me?
1109 3527 1271 3585 Pasce
1288 3549 1402 3587 oves
1422 3552 1559 3591 meas
1579 3537 1760 3607 (Joan.
1782 3557 1916 3609 ult,
1943 3546 2050 3616 i7).
2070 3547 2140 3603 Et

553 3615 802 3683 pascebat
825 3632 952 3673 oves
981 3619 1118 3688 ejus,
1145 3637 1238 3691 pro
1263 3625 1457 3694 quibus
1486 3631 1796 3700 sanguinem
1827 3615 2049 3694 fundere
2076 3641 2139 3696 ll-

552 3705 660 3760 lum
693 3705 906 3764 imitans
934 3712 1286 3781 praaparabat.
1319 3715 1584 3775 Custodiri
1626 3723 1828 3792 puellas
1861 3731 2134 3800 praecepit,

551 3799 724 3854 sciens
752 3817 857 3855 non
883 3801 1055 3859 solum
1085 3819 1144 3861 se
1160 3804 1356 3864 habere
1381 3811 1674 3882 simplicem
1705 3817 2008 3890 Dominum,
2038 3799 2134 3881 sed

547 3891 707 3947 etiam
734 3892 1068 3966 versipellem
1099 3897 1478 3958 adversarium.
1513 3904 1692 3977 itaque
1739 3910 1994 3970 adversus
2024 3916 2135 3972 leo-

548 4000 672 4041 nem
716 3998 900 4059 aperte
938 3987 1255 4049 frementem
1299 3995 1352 4050 in
1396 3997 1732 4057 confessione
1767 4003 1920 4061 virile
1950 4017 2134 4080 pectus
2183 4055 2187 4058 .

545 4079 806 4149 armabat,
834 4081 1088 4140 adversus
1109 4087 1290 4157 lupum
1318 4088 1654 4150 insidiantem
1669 4095 1814 4167 gregi
1838 4112 2024 4154 sexum
2048 4100 2131 4158 fe-

547 4169 781 4225 mineum
808 4175 1098 4232 muniebat.

617 4260 844 4319 CAPUT
883 4263 972 4318 lli.
999 4297 1069 4307 —
1093 4269 1148 4324 5.
1181 4269 1444 4336 Quomodo
1463 4275 1559 4330 sibi
1581 4277 1963 4338 consulendum.
2008 4284 2133 4344 Dies

547 4352 710 4407 omnis
736 4371 828 4426 pro
856 4365 1078 4412 extremo
1103 4365 1490 4432 computandas.
1525 4365 1852 4428 Procousulis
1892 4377 2038 4433 verba
2061 4383 2132 4436 ad

545 4441 883 4515 Cyprianum,
910 4455 957 4502 et
984 4446 1136 4518 hujus
1156 4468 1465 4524 responsum.
1498 4455 1571 4513 Ita
1598 4475 1724 4516 vere
1749 4464 1850 4520 sibi
1875 4469 2129 4540 consulit,

543 4537 633 4606 qui
657 4537 821 4594 Deum
845 4538 1079 4611 judicem
1115 4546 1330 4616 cogitat,
1355 4550 1493 4620 apud
1521 4568 1678 4624 quem
1708 4572 1922 4616 causam
1963 4537 2129 4633 gesta)

545 4627 703 4699 hujus
729 4631 851 4688 vitae
877 4643 1036 4707 atque
1055 4637 1124 4693 ab
1155 4637 1247 4694 illo
1269 4640 1368 4697 sibi
1393 4647 1628 4704 muneris
1655 4649 1873 4720 injuncti
1904 4627 2129 4727 quisque
2197 4663 2232 4668 ’”

543 4723 780 4782 dicturus
805 4735 888 4782 est
920 4746 932 4782 :
963 4729 1052 4784 ubi
1080 4734 1252 4788 omnis
1295 4733 1455 4792 homo
1481 4740 1687 4811 recipit,
1729 4744 1866 4801 sicut
1903 4723 2129 4807 testalur

541 4815 850 4887 Apostolus,
881 4837 994 4892 qua:
1016 4841 1107 4892 per
1133 4841 1316 4898 corpus
1335 4830 1508 4900 gessit,
1529 4834 1631 4888 sive
1656 4834 1860 4906 bonum,
1889 4841 1990 4896 sive
2017 4860 2126 4898 ma-

539 4905 645 4962 lum
675 4907 739 4983 (ll
760 4909 879 4968 Cor.
906 4927 956 4980 v,
977 4913 1088 5006 10).
1108 4916 1181 4972 Ita
1205 4918 1306 4974 sibi
1331 4923 1577 4990 consulit,
1605 4927 1693 4997 qui
1711 4944 1774 4986 ex
1790 4905 1892 4988 ﬁdo
1916 4934 2121 5006 vivens,

537 5007 590 5053 et
603 5010 848 5073 satagens
865 5019 930 5060 ne
944 5005 1012 5061 ab
1026 5015 1266 5066 extremo
1281 5026 1681 5089 praeoccupetur
1700 5021 1802 5089 die,
1824 5035 2122 5085 extremum

539 5101 814 5162 computat
858 5110 1072 5154 omnem
1103 5100 1265 5186 diem,
1313 5113 1368 5162 et
1404 5107 1484 5164 sic
1516 5109 1624 5166 Deo
1675 5114 1897 5184 placitos
1944 5137 2124 5179 mores

538 5183 781 5253 perducit
805 5201 973 5259 usque
1009 5190 1076 5246 ad
1116 5183 1414 5253 extremum
1461 5200 1623 5259 diem.
1659 5183 1732 5260 ita
1781 5208 1880 5264 sibi
1933 5213 2122 5272 beatus

538 5273 834 5347 Cyprianus
861 5289 916 5336 et
938 5282 1219 5355 cpiscopus
1247 5289 1796 5368 misericordissimus,
1822 5309 1876 5356 et
1917 5314 2122 5378 martyr

535 5367 902 5441 ﬁdelissimus,
925 5377 1255 5447 consulebat,
1289 5399 1393 5438 non
1447 5388 1585 5443 sicut
1619 5407 1740 5446 eum
1773 5394 1950 5466 lingua
1986 5367 2119 5454 sub-

537 5464 662 5522 dola
690 5467 886 5526 diaboli
908 5485 1004 5541 per
1023 5487 1084 5528 os
1105 5478 1334 5546 posscssi
1364 5494 1393 5534 a
1425 5495 1483 5536 se
1511 5482 1656 5554 impii
1679 5464 1874 5556 judicis
1899 5507 2119 5550 monere

534 5559 815 5617 videbatur
839 5563 1044 5632 dicens,
1072 5565 1292 5625 Consule
1317 5571 1424 5627 tibi.
1451 5572 1582 5632 Cum
1614 5580 1755 5634 enim
1783 5583 1900 5650 ejus
1921 5585 2116 5640 inuno-

534 5646 697 5706 bilem
742 5665 977 5711 mentem
1019 5659 1243 5727 videret,
1273 5664 1486 5733 quando
1515 5666 1562 5722 ei
1589 5668 1740 5738 dixit,
1771 5646 2041 5732 Iusserunt
2068 5687 2120 5734 te

2254 5646 2423 5691 erunt,
2455 5646 2682 5683 multum.

2299 5715 2316 5733 '
2341 5715 2631 5768 Emendatus
2652 5715 2712 5767 ad
2734 5719 2782 5768 d.
2807 5733 2848 5768 r.
2875 5726 2908 5769 t.
2939 5727 3034 5771 vat.
3076 5736 3123 5772 v.
3153 5733 3203 5776 et
3226 5726 3283 5776 ad
3309 5735 3414 5780 Iov.

597 5764 614 5797 ⁸
639 5771 930 5821 Fossatensis
953 5781 1055 5836 Ms.,
1074 5774 1312 5839 impietas.

1840 272 1900 342 S.
1938 272 2314 341 AUGUSTINI
2353 277 2654 348 EPlSCOPl

3741 303 3897 368 1412

2287 401 2541 474 principes
2565 405 2905 463 cerimoniari
2931 407 2984 477 ¹;
3015 410 3395 486 responditque
3419 414 3528 486 ille,
3557 415 3680 476 Non
3706 425 3846 494 facio
3866 442 3892 481 :

2286 495 2480 566 adjecit
2508 499 2670 568 etait,
2703 498 2920 559 Consule
2940 500 3045 558 tibi.
3073 501 3188 574 ipsa
3212 515 3291 560 est
3309 505 3482 579 lingua
3512 511 3737 572 subdola
3766 516 3888 580 dia-

2283 585 2391 642 boli
2424 589 2560 644 :etsi
2604 606 2711 646 non
2740 591 2898 663 hujus
2937 595 3024 665 qui
3066 595 3338 653 nesciebat
3366 601 3492 672 quid
3545 603 3884 677 loqueretur,

2284 678 2426 736 illius
2474 691 2647 740 tamen
2683 685 2774 759 qui
2829 703 2925 760 per
2974 706 3094 745 eum
3143 691 3477 764 loquebatur.
3535 696 3888 772 Loquebatur

2281 771 2422 828 enim
2454 779 2758 846 proconsul,
2792 795 2896 834 non
2929 789 3034 835 tam
3064 785 3357 840 secundum
3389 771 3655 860 principes
3697 794 3883 849 homi-

2280 878 2398 932 nes,
2431 883 2654 936 quorum
2694 869 2842 942 jussa
2893 872 3105 930 sibimet
3157 875 3393 946 injuncta
3427 879 3684 951 jactabat,
3713 900 3881 956 quam

2278 956 2569 1015 secundum
2599 961 2890 1034 principem
2920 967 3196 1034 potestatis
3220 970 3360 1023 acris
3388 967 3458 1026 de
3496 989 3601 1042 quo
3637 976 3878 1048 Apesto—

2278 1048 2361 1103 lus
2386 1050 2532 1118 dicit,
2558 1051 2658 1120 Qui
2674 1059 2972 1125 operaturin
2995 1057 3116 1128 ﬁliis
3133 1059 3426 1134 difﬁdentia:
3448 1065 3661 1136 (Ephes.
3695 1084 3752 1136 ll,
3777 1067 3836 1140 2)
3860 1089 3872 1125 :

2275 1157 2436 1210 quem
2469 1159 2565 1214 per
2595 1143 2756 1216 hujus
2783 1163 2993 1222 quoque
3041 1149 3271 1221 linguam
3312 1157 3520 1224 operari
3569 1158 3877 1230 Cyprianus

2275 1242 2517 1300 noverat,
2549 1237 2691 1306 quod
2744 1236 2858 1307 ipse
2905 1256 3010 1295 non
3050 1251 3289 1298 noverat.
3323 1245 3591 1320 Noverat,
3624 1249 3870 1322 inquam,

2274 1322 2602 1395 Cyprianus,
2633 1343 2754 1383 cum
2806 1343 2836 1384 a
2869 1334 3186 1400 proconsule
3215 1335 3456 1402 audiret,
3514 1339 3735 1396 Consule
3782 1343 3874 1396 tibi

2272 1417 2414 1487 quod
2441 1433 2567 1475 caro
2592 1427 2648 1476 et
2687 1423 2902 1493 sanguis
2938 1424 3144 1480 diceret
3184 1429 3378 1485 stolide
3398 1472 3412 1495 ,
3454 1431 3555 1487 hoc
3583 1431 3864 1489 diabolum

2274 1503 2453 1562 dicere
2480 1509 2702 1565 subdole
2724 1527 2737 1564 :
2759 1519 2917 1583 atque
2946 1513 3249 1572 intuebatur
3279 1519 3332 1573 in
3362 1535 3470 1574 uno
3497 1537 3661 1591 opere
3695 1523 3865 1592 duos;

2268 1598 2426 1652 istum
2456 1599 2643 1668 oculis,
2673 1599 2824 1658 illum
2853 1601 2978 1660 ﬁde.
3032 1602 3258 1662 Nolcbat
3290 1623 3411 1664 eum
3443 1611 3544 1668 iste
3574 1615 3732 1679 mori,
3763 1631 3866 1671 no-

2266 1683 2410 1743 lebat
2456 1689 2544 1746 ille
2587 1697 2834 1748 coronari
2865 1709 2876 1748 :
2910 1697 3134 1766 proinde
3173 1699 3314 1756 circa
3367 1702 3526 1758 istum
3584 1705 3862 1776 placidus,

2265 1782 2405 1836 circa
2439 1781 2584 1838 illum
2613 1795 2831 1855 cautus;
2877 1786 3002 1845 huic
3051 1803 3236 1863 aperte
3289 1796 3677 1866 respondebat,
3708 1801 3865 1857 illum

2263 1873 2473 1930 occulte
2496 1875 2758 1933 vincebat.

2331 1961 2560 2022 CAPUT
2599 1967 2687 2022 IV.
2727 2000 2796 2011 —
2824 1969 2876 2026 6.
2908 1970 3157 2044 Cypriani
3184 1975 3351 2030 verba.
3384 1977 3648 2035 Sententia
3672 1981 3725 2036 in
3750 1981 3862 2055 Cy-

2260 2055 2593 2126 prianum.—
2622 2059 2752 2130 Fac,
2783 2061 2972 2133 inquit,
3000 2066 3137 2138 quod
3155 2067 3244 2122 tibi
3273 2081 3578 2142 prce-cptum
3603 2074 3774 2129 est:iu
3804 2093 3862 2130 re

2267 2155 2369 2200 tam
2410 2148 2550 2215 iusta
2593 2151 2734 2205 nulla
2773 2161 2845 2207 est
2892 2157 3215 2212 consultatio.
3252 2159 3467 2216 Dixerat
3515 2165 3715 2235 quippe
3741 2167 3857 2231 ille,

2259 2235 2476 2292 Consule
2499 2240 2612 2294 tibi.
2650 2241 2730 2297 Ad
2758 2241 2860 2299 hoc
2893 2259 3209 2316 responsum
3241 2259 3340 2316 est,
3372 2251 3439 2307 In
3485 2269 3540 2308 re
3567 2264 3671 2308 tam
3706 2258 3860 2327 justa

2257 2329 2401 2384 nulla
2429 2342 2502 2386 est
2529 2336 2848 2391 consultatio.
2894 2337 3133 2396 Consulit
3161 2344 3304 2399 enim
3344 2347 3433 2416 qni
3462 2350 3740 2404 consilium
3769 2351 3858 2406 vel

2257 2422 2515 2492 impertit,
2547 2425 2631 2480 vel
2678 2429 2886 2497 quaerit.
2933 2430 3036 2486 Sed
3073 2437 3358 2502 proconsul
3398 2452 3504 2493 non
3529 2453 3559 2493 a
3585 2440 3858 2511 Cypriane

2255 2515 2539 2570 consilium
2567 2519 2809 2589 accipere
2845 2521 3075 2588 volebat,
3109 2525 3203 2581 sed
3232 2543 3354 2582 cum
3401 2531 3578 2600 potius
3611 2541 3666 2587 ut
3719 2548 3748 2587 a
3789 2549 3854 2588 se

2254 2607 2540 2677 acciperet,
2571 2610 2910 2667 admonebat.
2933 2615 3002 2669 At
3023 2617 3132 2685 ille,
3160 2617 3226 2672 In
3255 2635 3328 2688 re,
3365 2623 3552 2692 inquit,
3585 2633 3689 2678 tam
3703 2626 3856 2697 justa

2253 2700 2398 2756 nulla
2422 2711 2495 2756 est
2515 2704 2835 2761 consultatio.
2863 2707 2979 2762 Non
3002 2709 3178 2767 adhuc
3196 2714 3439 2788 consulo,
3468 2717 3587 2786 quia
3616 2733 3722 2773 non
3751 2719 3854 2774 ad-

2253 2791 2359 2847 huc
2385 2792 2574 2850 dubito
2605 2797 2860 2853 :abstnlit
2886 2800 3028 2855 enim
3054 2803 3184 2857 mihi
3209 2804 3596 2863 dubitationem
3619 2808 3730 2879 ipsa
3751 2811 3852 2880 jn-

2251 2885 2418 2939 stitia.
2445 2886 2626 2943 Justus
2661 2898 2859 2958 autem,
2915 2899 2975 2946 ut
3000 2907 3220 2950 securus
3267 2899 3528 2953 moriatur
3567 2899 3621 2955 in
3659 2915 3850 2969 carne,

2250 2986 2430 3032 certus
2453 2980 2584 3035 vivit
2625 2981 2678 3036 in
2717 2981 2842 3037 ﬁde.
2899 2983 3292 3042 Praecesserant
3329 2989 3652 3061 Cyprianum
3687 2994 3848 3048 multi

2251 3077 2538 3142 martyres,
2557 3079 2693 3144 quos
2705 3071 3126 3146 ﬂagrantissimis
3161 3080 3616 3140 exhortationibus
3641 3086 3754 3141 suis
3775 3085 3850 3141 ad

2249 3160 2571 3216 vincendum
2611 3162 2883 3222 diabolum
2927 3169 3277 3237 accenderat;
3310 3178 3364 3226 et
3391 3182 3506 3228 erat
3533 3174 3714 3245 utique
3754 3177 3849 3245 ju-

2250 3260 2394 3306 stum
2444 3261 2502 3307 ut
2552 3269 2689 3324 quos
2727 3257 2992 3314 veridicos
3036 3259 3304 3330 loquendo
3350 3265 3710 3332 prmmiserat,
3743 3281 3845 3337 pa-

2250 3343 2430 3399 tiendo
2462 3345 2759 3418 intrepidus
2799 3360 3114 3421 sequeretur
3142 3371 3156 3410 :
3184 3369 3312 3425 ergo
3338 3356 3392 3410 in
3443 3373 3500 3412 re
3545 3369 3646 3413 tam
3686 3360 3842 3427 justa

2248 3434 2393 3489 nulla
2431 3446 2504 3491 est
2527 3440 2859 3497 consultatio.
2891 3443 3030 3511 Quid
3056 3445 3124 3500 ad
3154 3445 3270 3502 htee
3315 3448 3591 3505 dicamus?
3616 3452 3742 3522 quid
3768 3452 3840 3508 ad

2247 3525 2364 3581 haec
2387 3528 2752 3586 exsultemus?
2771 3532 2939 3589 Tanta
2990 3538 3361 3608 conceptione.
3393 3543 3733 3611 gaudiorum,
3784 3545 3842 3599 in

2244 3619 2375 3688 quid
2393 3631 2640 3693 erumpat
2662 3638 2757 3680 cor
2769 3635 3011 3682 nostrum
3030 3637 3084 3684 et
3104 3643 3167 3684 os
3183 3640 3444 3699 nostrum,
3470 3636 3567 3691 nisi
3591 3637 3640 3690 in
3664 3636 3841 3707 ipsam

2245 3711 2565 3768 venerabilis
2591 3714 2840 3788 Martyris
2865 3718 3104 3776 ultimam
3132 3725 3362 3779 vocem?
3382 3724 3516 3780 Cum
3557 3729 3702 3783 enim
3727 3729 3843 3785 Ga-

2243 3806 2411 3864 lerius
2450 3809 2711 3868 Maximus
2735 3813 3011 3872 decretum
3039 3833 3109 3873 ex
3157 3818 3336 3874 libello
3365 3823 3646 3878 recitasset
3681 3843 3696 3878 :
3731 3823 3841 3878 Ta-

2243 3903 2406 3954 scium
2432 3903 2452 3933 ¹
2479 3901 2790 3974 Cyprianum
2809 3907 2982 3976 gladio
3007 3909 3343 3966 animadverti
3375 3914 3556 3984 placet.
3595 3915 3840 3984 Respon-

2243 3989 2326 4046 dit
2359 3992 2486 4061 ilie,
2543 3994 2648 4050 Deo
2695 3998 2903 4068 gratias.
2958 4000 3226 4058 Habentes
3270 4005 3428 4075 igitur
3481 4005 3550 4062 de
3585 4021 3644 4062 re
3692 4016 3837 4063 tanta

2244 4087 2563 4142 memoriam
2608 4093 2888 4158 praesentis
2915 4091 3038 4158 loci,
3070 4094 3411 4154 festivitatem
3457 4101 3837 4158 solemnissimi

2177 4215 2182 4218 -
2245 4175 2372 4244 diei,
2419 4182 2835 4252 pr0positionem
2878 4187 3218 4244 saluberrimi
3261 4193 3531 4263 exempli,
3586 4196 3839 4252 omnibus

2243 4268 2500 4328 medullis
2524 4274 2722 4331 nostris
2744 4275 2986 4333 dicamus
3013 4287 3070 4334 et
3085 4295 3206 4348 nos,
3236 4282 3346 4338 Deo
3373 4287 3590 4356 gratias.

2743 4433 2972 4494 suane
3007 4435 3332 4514 CCCX‘(a).

2647 4569 2698 4614 In
2717 4565 2866 4616 Natali
2888 4570 3107 4634 Cypriani
3121 4575 3359 4639 martyris,
3376 4590 3426 4626 π.

2311 4683 2543 4749 CAPUT
2581 4687 2864 4749 PRIMUM.
2891 4726 2966 4737 —
2991 4697 3042 4753 1.
3073 4698 3264 4756 Natale
3297 4701 3543 4775 Cypriani
3591 4719 3835 4780 martyris

2239 4775 2419 4848 Africa
2449 4788 2551 4833 tota
2578 4782 2874 4853 percelebrc.
2907 4785 3136 4857 Spiritus
3167 4803 3384 4849 sanctus
3426 4795 3618 4854 doceat
3645 4775 3747 4856 nos
3775 4801 3830 4860 iu

2238 4865 2340 4923 hac
2366 4869 2493 4925 hora
2521 4887 2638 4943 quas
2663 4884 2903 4944 Oportcat
2924 4879 3101 4936 dicere
3123 4899 3136 4937 :
3155 4882 3344 4940 dicturi
3365 4887 3506 4942 enim
3533 4905 3720 4948 sumus
3747 4891 3838 4946 ali-

2238 4960 2364 5030 quid
2386 4959 2454 5017 de
2478 4963 2634 5020 laude
2663 4965 2910 5040 Cypriani
2938 4970 3308 5041 gloriosissimi
3360 4979 3611 5050 martyris
3631 5021 3647 5045 ,
3674 4981 3836 5050 cujus

2236 5049 2478 5107 Natalem
2505 5054 2684 5126 hodie,
2711 5059 2847 5112 sicut
2875 5061 3061 5127 nostis,
3087 5063 3443 5122 celebramus.
3467 5049 3617 5135 Quod
3634 5049 3831 5131 nomen

2237 5145 2317 5199 sic
2345 5141 2647 5218 frequentat
2689 5147 2925 5206 Ecclesia
2950 5193 2966 5220 ,
3000 5153 3053 5209 id
3093 5163 3195 5221 est,
3225 5155 3462 5226 Natales,
3511 5170 3568 5216 ut
3612 5161 3832 5219 Natales

2301 5319 2321 5409 ἒ
2345 5325 2455 5409 ρξε’
2478 5323 3117 5409 Saetéeﬁinwee
3124 5331 3512 5409 εξεωριςιηιιιιθν
3529 5336 3830 5409 serimu-

2235 5443 2249 5467 ε
2271 5383 2321 5467 ...’
2335 5383 3103 5467 meammeam
3124 5383 3834 5467 Ρτιξοοὲιιίοέῖῗάἶ

2228 5443 2312 5516 j_us
2335 5427 3171 5516 16§5"t3§ii‘stie?.'siti$§i5ie','
3200 5427 3727 5514 tacitzan.’E.inu:t1‘d:"tur
3749 5427 3829 5516 ῗῖ

2235 5508 2619 5586 Eossatensiltts;
2635 5521 2827 5586 necnqn
2850 5524 2914 5561 ex
2918 5515 3065 5586 Actis
3076 5508 3330 5586 passionis
3343 5508 3387 5571 ς.
3411 5508 3734 5586 εγῇοἷῖῖιῆῖῖι
3762 5508 3827 5576 Ei

2232 5565 2376 5617 titulo
2407 5570 2625 5632 epistolae
2655 5573 2878 5633 ejusdem
2899 5573 2995 5637 ιω,
3027 5565 3100 5626 ια·
3126 5565 3828 5640 ινιόἑὲιιῖίέὶηῖδὶὲὶὲιίὖίιίιι”ἱιὲεἶ

2232 5627 2423 5680 ferunt.
2455 5629 2682 5680 ﬂuuium.

2254 5641 2423 5691 erunt,
2455 5641 2682 5683 nuarum.

2301 5798 2377 5861 (tt)
2414 5799 2551 5862 Alias,
2575 5804 2638 5852 de
2663 5806 2870 5854 Diversis
2898 5804 2999 5855 τιὸ.
