4108 6326
288 276 425 353 i415

286 405 439 452 vocet
464 394 723 467 pretiosas
748 402 1037 464 martyrum
1088 396 1302 445 mortes.
1348 385 1455 451 Sic,
1485 384 1722 454 inquam,
1753 380 1858 435 hoc

286 504 477 543 nomen
502 486 797 555 frequentat
823 482 1080 549 Ecclesia,
1115 480 1347 535 utetiam
1378 478 1465 548 qui
1502 491 1607 531 non
1651 482 1773 527 sunt
1808 473 1861 525 in

286 582 393 645 illa,
428 578 529 634 hoc
556 578 731 632 dicant
759 592 875 632 cum
914 575 1019 629 illa.
1041 573 1168 641 Quis
1198 571 1336 625 enim
1370 569 1547 633 hodie,
1568 582 1673 621 non
1690 564 1861 625 dicam

288 672 338 725 in
368 671 466 725 hac
488 678 666 723 nostra
695 668 922 728 civitate,
953 664 1045 719 sed
1086 664 1239 733 plane
1268 678 1362 735 per
1406 659 1637 717 Africam
1698 665 1859 711 totam

288 761 769 829 transmarinasquc
796 758 1057 827 regiones,
1083 771 1186 810 non
1200 753 1534 809 Christianus
1555 750 1745 813 solum,
1768 746 1863 803 sed

288 853 548 923 Paganus,
578 860 665 905 aut
696 849 930 910 Judaeus,
951 847 1218 903 autetiam
1250 845 1530 899 barreticus
1562 842 1753 913 poterit
1785 839 1865 894 in-

286 945 476 1010 veniri,
524 940 615 1012 qui
670 956 772 996 non
826 939 1101 994 nobiseum
1152 937 1290 991 dicat
1330 934 1571 989 Natalem
1618 930 1864 1002 martyris

286 1034 573 1108 Cypriani?
611 1032 746 1102 Quid
789 1040 871 1088 est
900 1031 1020 1095 hoc,
1055 1028 1279 1085 fratres?
1310 1026 1532 1096 Quando
1574 1034 1728 1080 natus
1764 1023 1859 1095 sit,

288 1134 625 1203 ignoramus;
668 1135 723 1182 et
764 1125 883 1197 quia
923 1124 1078 1179 hodie
1107 1136 1296 1195 passus
1323 1128 1424 1187 est,
1466 1118 1703 1173 Natalem
1747 1118 1865 1186 ejus

289 1223 446 1277 hodie
475 1219 824 1275 celebramus.
853 1215 957 1272 Sed
990 1216 1132 1269 illum
1160 1213 1297 1268 diem
1319 1227 1420 1265 non
1448 1206 1861 1271 celebraremus,

286 1317 382 1369 etsi
401 1328 700 1369 nossemus.
723 1311 814 1364 lllo
830 1309 968 1364 enim
996 1307 1081 1362 die
1110 1305 1265 1361 traxit
1285 1302 1538 1374 originale
1562 1310 1861 1373 peccatum:

289 1408 388 1461 isto
420 1414 595 1460 autem
636 1403 721 1457 die
748 1402 871 1455 vicit
912 1414 1068 1454 omne
1111 1404 1410 1470 peccatum.
1443 1394 1537 1451 llio
1578 1394 1663 1449 die
1698 1410 1759 1449 ex
1785 1392 1862 1445 fa—

290 1497 510 1551 stidioso
541 1494 723 1548 matris
746 1502 895 1546 utero
926 1490 1078 1544 istam
1123 1487 1391 1558 processit
1417 1486 1468 1541 in
1510 1487 1678 1540 lucem
1703 1527 1719 1553 ,
1747 1500 1863 1557 qum

300 1588 481 1643 oculos
508 1585 681 1640 carnis
709 1582 981 1638 illecebrat
1005 1598 1019 1637 :
1049 1580 1150 1634 isto
1189 1586 1366 1634 autem
1393 1577 1477 1632 die
1505 1592 1567 1631 ex
1619 1576 1866 1630 occultis‘

291 1682 424 1735 simo
450 1688 652 1734 natura":
682 1681 799 1730 sinu
828 1674 970 1729 illam
991 1672 1235 1727 discessit
1254 1671 1321 1727 ad
1342 1671 1533 1739 lucem,
1558 1687 1674 1741 qua:
1698 1669 1864 1723 visum

294 1772 486 1828 mentis
512 1768 733 1825 feliciter
759 1775 813 1822 et
832 1766 983 1821 beate
1014 1764 1260 1820 illustrat.

363 1861 585 1919 CAPUT
624 1860 687 1915 11.
735 1890 805 1900 -
846 1858 900 1913 2.
949 1856 1355 1928 Carthaginensis
1388 1853 1608 1911 Ecclesia
1628 1852 1868 1925 Cypriani

296 1956 585 2025 episcopatu
612 1961 661 2007 et
688 1949 928 2020 martyrio
958 1948 1237 2002 nobilitata.
1266 1946 1441 1999 Mensa
1464 1946 1703 2016 Cypriani
1728 1943 1867 2016 apud

292 2044 665 2113 Carthaginem.
705 2039 1173 2109 Carthaginensem
1215 2036 1506 2091 Ecclesiam
1546 2036 1730 2089 vivens
1772 2050 1869 2104 gu-

293 2137 551 2199 bernavit,
585 2133 817 2187 moriens
847 2128 1141 2185 honoravit.
1165 2125 1241 2182 lbi
1272 2128 1632 2197 episcopatum
1663 2128 1865 2203 gessit,

293 2227 361 2280 ibi
393 2225 701 2297 martyrium
741 2221 1145 2277 consummavit.
1179 2217 1235 2274 In
1270 2232 1336 2275 eo
1364 2220 1555 2288 quippe
1594 2217 1710 2273 loco
1731 2262 1744 2282 ,
1778 2217 1867 2271 ubi

295 2318 468 2387 posuit
497 2316 670 2371 carnis
697 2315 935 2378 exuvias,
966 2327 1105 2368 saeva
1139 2320 1264 2366 tunc
1290 2310 1567 2364 multitudo
1598 2322 1868 2363 convene—

294 2418 410 2474 rat,
444 2422 560 2477 quaa
588 2414 805 2477 propter
841 2405 1019 2459 odium
1055 2404 1250 2459 Christi
1288 2402 1596 2470 sanguinem
1628 2400 1871 2455 funderet

293 2499 541 2572 Cypriani
574 2518 587 2554 :
618 2500 685 2553 ibi
728 2498 886 2553 hodie
929 2512 1189 2551 venerans
1230 2494 1512 2557 multitudo
1559 2495 1866 2561 concurrit,

296 2606 413 2661 quae
441 2599 657 2660 propter
685 2589 924 2644 Natalem
952 2587 1200 2659 Cypriani
1226 2586 1359 2643 bibit
1383 2586 1688 2656 sanguinem
1716 2585 1872 2641 Chri-

296 2684 381 2738 sti.
414 2684 478 2737 Et
506 2690 651 2736 tanto
680 2682 889 2736 dulcius
916 2682 967 2735 in
997 2681 1087 2735 illo
1113 2681 1231 2734 loco
1256 2688 1473 2750 propter
1496 2679 1733 2734 Natalem
1764 2678 1870 2752 Cy-

297 2775 464 2844 priani
502 2774 716 2842 sanguis
755 2772 952 2827 bibitur
990 2770 1226 2836 Christi,
1278 2778 1477 2840 quanto
1514 2769 1757 2824 devotius
1803 2769 1872 2823 ibi

298 2875 512 2936 propter
554 2879 747 2918 nomen
787 2863 979 2916 Christi
1020 2862 1235 2932 sanguis
1275 2860 1423 2915 fusus
1466 2870 1546 2915 est
1596 2860 1869 2930 Cypriani.

299 2957 554 3026 Denique,
585 2957 720 3011 sicut
739 2955 925 3017 nostis,
953 2955 1269 3025 quicumque
1287 2951 1655 3022 Carthaginem
1686 2954 1871 3018 nostis,

297 3049 351 3103 in
379 3050 564 3105 eodem
609 3050 724 3103 loco
751 3062 933 3103 mensa
975 3048 1084 3102 Deo
1114 3054 1415 3101 constructa
1443 3056 1560 3112 est;
1606 3054 1660 3102 et
1699 3057 1872 3102 tamen

299 3155 483 3195 mensa
510 3140 702 3195 dicitur
728 3138 1000 3210 Cypriani,
1029 3154 1131 3192 non
1159 3138 1281 3207 quia
1311 3138 1379 3193 ibi
1406 3145 1488 3193 est
1518 3154 1748 3208 unquam
1774 3138 1878 3208 Cy-

300 3232 516 3302 prianus
537 3232 807 3301 epulatus,
836 3231 926 3285 sed
958 3231 1078 3300 quia
1111 3230 1179 3283 ibi
1206 3237 1287 3284 est
1317 3230 1639 3296 immolatus,
1673 3237 1725 3284 et
1754 3230 1876 3303 quia

302 3328 413 3396 ipsa
447 3326 805 3380 immolatione
842 3341 935 3380 sua
982 3324 1184 3395 paravit
1215 3325 1349 3379 hanc
1381 3341 1618 3380 mensam
1640 3366 1654 3387 ,
1684 3340 1791 3378 non
1824 3324 1877 3378 in

302 3435 401 3488 qua
427 3425 609 3488 pascat
636 3418 746 3472 sive
772 3426 1040 3486 pascatur,
1066 3416 1158 3469 sed
1184 3416 1235 3469 in
1265 3432 1366 3486 qua
1399 3416 1715 3469 sacrificium
1745 3416 1874 3482 Deo,

302 3510 386 3563 cui
417 3518 471 3561 et
498 3508 612 3576 ipse
634 3506 842 3560 oblatus
869 3516 947 3560 est
966 3548 980 3573 ,
1023 3506 1293 3560 oﬂ'eratur.
1326 3507 1429 3560 Sed
1459 3516 1513 3560 ut
1542 3522 1723 3561 mensa
1754 3507 1837 3561 illa
1862 3549 1874 3573 ,

303 3617 421 3671 qua:
453 3600 541 3654 Dei
565 3608 673 3665 est,
699 3599 856 3653 etiam
888 3596 1137 3667 Cypriani
1164 3607 1400 3663 vocetur,
1431 3597 1546 3653 hcce
1579 3613 1737 3652 causa
1768 3608 1877 3665 est;

305 3693 424 3762 quia
452 3700 506 3745 ut
533 3691 618 3745 illa
650 3690 808 3745 modo
832 3691 1075 3760 cingatur
1094 3690 1163 3744 ab
1191 3690 1611 3758 obsequentibus
1630 3732 1643 3757 ,
1678 3689 1748 3745 ibi
1774 3690 1879 3763 Cy-

304 3785 520 3853 prianus
560 3782 867 3853 cingebatur
904 3796 935 3836 a
979 3780 1415 3852 persequentibus
1450 3799 1464 3836 :
1496 3782 1582 3835 ubi
1624 3799 1763 3837 nunc
1794 3783 1881 3840 illa

306 3878 373 3930 ab
400 3876 588 3930 amicis
617 3874 891 3929 orantibus
919 3876 1229 3940 honoratur,
1262 3873 1333 3928 ibi
1360 3872 1654 3944 Cyprianus
1686 3874 1752 3928 ab
1780 3875 1883 3928 ini-

307 3969 459 4021 micis
482 3966 825 4022 frementibus
850 3965 1152 4023 calcabatur
1186 3981 1200 4019 :
1232 3973 1504 4035 postremo
1535 3968 1619 4020 ubi
1652 3968 1737 4022 illa
1770 3985 1886 4023 ere-

309 4068 392 4112 cta
424 4069 523 4122 est,
571 4059 639 4111 ibi
670 4066 968 4127 prostratus
995 4066 1095 4111 est.
1128 4056 1338 4111 Cantate
1367 4055 1496 4125 Deo,
1525 4059 1773 4127 psalmum
1801 4061 1882 4112 di-

309 4151 401 4203 cite
446 4150 638 4203 nomini
681 4150 788 4219 ejus
817 4164 835 4202 .'
863 4149 946 4217 qui
985 4147 1209 4203 ascendit
1250 4166 1401 4222 super
1438 4168 1670 4207 occasum
1714 4151 1882 4226 (Psal.

310 4258 449 4297 vau
469 4284 483 4308 ,
516 4241 572 4312 5)
595 4283 608 4306 ,
640 4242 753 4310 ipse
784 4241 907 4294 fecit
932 4240 1028 4294 ista
1058 4256 1216 4311 super
1243 4242 1496 4297 occisum.

379 4332 603 4390 CAPUT
650 4333 736 4387 111.
760 4364 829 4373 -
858 4336 909 4388 5.
939 4332 1180 4405 Cypriani
1210 4351 1345 4389 mors
1372 4339 1605 4405 pretiosa.
1636 4336 1737 4392 Sed
1766 4354 1887 4394 cum

311 4425 570 4497 Carthago
600 4425 849 4480 habuerit
884 4426 1190 4482 cathedram
1226 4426 1373 4497 ejus,
1407 4428 1671 4500 Carthago
1698 4429 1889 4487 habeat

311 4521 619 4574 memoriam
668 4519 822 4589 ejus;
870 4520 1011 4575 unde
1054 4536 1151 4575 nos
1202 4521 1592 4577 celebrarcmus
1644 4524 1886 4581 Natalitia

312 4615 447 4681 ejus,
479 4613 577 4667 nisi
604 4623 749 4667 esset
771 4616 987 4681 pretiosa
1009 4614 1060 4668 in
1090 4625 1356 4685 conspectu
1385 4615 1589 4673 Domini
1612 4636 1744 4674 mors
1770 4638 1890 4675 san-

313 4713 504 4755 ctornm
531 4704 638 4773 ejus
670 4701 842 4771 (Psal.
885 4719 1015 4772 cxv,
1064 4707 1191 4777 15)?
1219 4707 1270 4761 ln
1299 4722 1509 4763 omnem
1543 4720 1735 4765 terram
1763 4713 1889 4767 exiit

313 4809 474 4847 Sanus
494 4794 609 4863 ejus
634 4838 647 4857 ,
689 4803 741 4849 et
780 4795 830 4848 in
861 4796 994 4848 fines
1019 4796 1161 4850 orbis
1196 4805 1348 4852 terrae
1379 4801 1533 4855 verba
1566 4803 1679 4871 ejus
1717 4803 1885 4876 (Psal.

315 4900 482 4949 xvm,
525 4884 602 4958 5).
638 4886 825 4940 Docuit
869 4886 1093 4942 ﬁdeliter
1128 4888 1269 4957 quod
1308 4887 1538 4945 facturus
1576 4901 1722 4960 erat,
1768 4894 1891 4949 fecit

317 4973 524 5028 fortiter
562 4976 701 5045 quod
744 4976 1015 5031 docuerat.
1051 4977 1128 5031 Ad
1163 4980 1446 5048 pretiosam
1490 4992 1711 5039 mortem
1749 4986 1890 5054 jusle

321 5066 581 5132 vivendo,
615 5067 679 5121 ad
724 5067 1011 5137 gloriosam
1038 5086 1164 5124 vero
1192 5072 1350 5126 vitam
1383 5073 1574 5143 injuste
1617 5078 1891 5134 moriendo

321 5159 563 5228 pervenit
586 5175 600 5224 ;
629 5170 788 5229 atque
814 5161 1036 5230 adeptus
1062 5172 1143 5219 est
1181 5165 1496 5236 trittmpbale
1523 5170 1766 5242 martyris
1793 5186 1890 5224 uo-

316 5268 436 5308 men
460 5294 474 5319 ,
501 5255 619 5323 quia
646 5254 895 5323 perduxit
921 5272 1086 5327 usque
1113 5257 1178 5313 ad
1204 5260 1511 5331 sanguinem
1548 5278 1644 5334 pro
1673 5266 1891 5320 veritate

315 5354 605 5398 certamen.

388 5437 611 5492 CAPUT
652 5438 739 5492 iV.
774 5470 845 5480 —
877 5440 930 5494 4.
969 5440 1252 5511 Cyprianus
1285 5454 1330 5497 et
1362 5447 1592 5513 passione
1622 5456 1667 5501 et
1693 5449 1893 5519 scriptis

318 5527 422 5579 suis
458 5543 555 5597 per
597 5529 763 5583 orbem
801 5531 989 5585 clarus.
1032 5532 1225 5589 Verum
1265 5536 1384 5605 quia
1417 5552 1519 5592 non
1566 5540 1735 5594 solum
1764 5541 1895 5596 dixit

320 5637 435 5689 qua:
458 5620 783 5689 audirentur,
815 5626 905 5678 sed
936 5626 1147 5695 set'ipsit
1173 5630 1328 5681 etiam
1353 5647 1470 5699 (lUtL‘
1493 5632 1811 5701 legerentur,
1842 5644 1893 5692 et

320 5714 393 5768 ad
413 5714 515 5770 alia
544 5714 660 5771 ioca
684 5730 777 5788 per
805 5718 1008 5775 alienas
1033 5720 1258 5792 linguas,
1286 5724 1349 5779 ad
1378 5727 1477 5781 alia
1510 5745 1636 5784 vero
1660 5747 1750 5787 uer
1772 5748 1893 5785 suas

1682 260 1913 323 SERMO
1949 262 2147 321 CCCX]
2160 303 2172 320 .

3416 248 3554 323 ιλιι

1982 379 2185 434 litteras
2216 379 2382 446 venit,
2420 386 2475 434 et
2503 378 2731 434 innotuit
2765 377 3065 448 regionilms
3106 378 3319 441 multis,
3360 384 3548 449 partim

1972 488 2067 541 per
2098 472 2288 525 famam
2320 471 2621 527 fortissima:
2663 472 2943 542 passionis,
2975 472 3162 541 partim
3192 489 3281 541 per
3307 472 3553 526 dulcedi-

1975 580 2096 618 nem
2127 565 2453 619 suavissimae
2483 564 2725 619 lectionis
2757 584 2768 618 :
2800 566 3003 619 alacres
3044 565 3372 621 ceiebrenms
3418 567 3558 621 hunc

1971 656 2132 719 diem,
2165 666 2213 710 et
2245 656 2311 709 ita
2337 672 2525 709 omnes
2547 656 2869 709 unanimiter
2892 656 3269 725 snpplieemus,
3296 665 3351 710 ut
3377 657 3427 709 in
3458 655 3555 711 Ec-

1970 748 2129 802 clesia
2176 746 2378 816 majore
2418 764 2758 805 communem
2810 758 3011 819 patrem
3057 748 3241 804 audire
3279 759 3332 803 et
3378 750 3557 805 videre

1972 856 2303 905 mercamur;
2337 838 2563 895 habituri
2596 851 2648 895 et
2675 840 2739 895 de
2762 855 3011 895 sermone
3041 841 3155 910 ejus
3180 840 3427 909 gaudium
3456 884 3469 907 ,
3502 852 3556 909 ct

1973 931 2040 986 de
2065 931 2327 1002 passionis
2353 930 2468 1001 ejus
2492 932 2657 1001 gloria
2687 930 3005 1001 profectum,
3032 947 3126 1005 per
3150 932 3431 987 Dominmn
3460 950 3557 988 no-

1974 1035 2141 1080 strum
2164 1024 2345 1081 Jesum
2372 1024 2663 1079 Christum.
2706 1025 2895 1079 Amen.

2454 1149 2683 1205 SERMO
2720 1147 2917 1205 eccm
2950 1153 2968 1173 ο
3000 1150 3094 1223 (α).

2354 1259 2406 1303 ιιι
2428 1252 2577 1304 Natali
2599 1254 2815 1316 Cypriani
2838 1257 3077 1318 martyris,
3100 1272 3167 1309 ιιι.

2040 1350 2267 1407 CAPUT
2297 1351 2574 1407 PRIMUM.
2607 1381 2679 1393 -
2702 1352 2748 1405 1.
2776 1351 3136 1407 Solem‘nitates
3170 1364 3447 1426 martyrum
3474 1374 3556 1411 cc-

1971 1442 2227 1499 Iebrandtv
2245 1445 2520 1498 imitatione
2545 1446 2804 1498 virtutum.
2837 1443 3016 1498 Mundi
3039 1445 3337 1502 blandientis
3359 1467 3550 1505 errores

1971 1546 2016 1590 et
2040 1537 2284 1591 servientis
2301 1548 2512 1590 terrores
2530 1537 2776 1606 sapientia
2794 1545 2839 1591 et
2857 1538 3101 1605 patientia
3122 1542 3360 1609 superati.
3388 1541 3552 1597 Istum

1970 1629 2124 1684 nobis
2145 1628 2337 1684 festum
2375 1629 2517 1683 diem
2542 1630 2718 1697 passio
2744 1628 3038 1684 beatissimi
3071 1630 3317 1701 Cypriani
3350 1643 3550 1705 marty-

1971 1721 2047 1776 ris
2070 1720 2194 1775 fecit
2221 1738 2234 1774 :
2260 1720 2411 1789 cujus
2434 1736 2532 1774 nos
2558 1720 2793 1775 victoriae
2818 1720 3101 1775 celebritas
3124 1723 3172 1774 iu
3199 1723 3356 1777 istum
3379 1727 3551 1780 locum

1971 1810 2345 1867 devotissimos
2376 1812 2738 1881 congregavit.
2764 1813 2868 1867 Sed
2890 1813 3178 1868 celebratio
3205 1817 3555 1874 solemuitatis

1973 1910 2305 1971 martyrum,
2340 1901 2564 1955 imitatio
2604 1902 2765 1957 debet
2795 1918 2915 1957 esse
2953 1904 3229 1958 virtutum.
3261 1905 3439 1962 Facile
3476 1918 3558 1963 est

1974 1992 2228 2047 honorem
2252 1992 2500 2063 martyris
2522 1993 2782 2048 celebrari
2810 2014 2820 2047 :
2848 2010 3092 2065 magnum
3115 2008 3197 2051 est
3222 1998 3375 2052 fidem
3399 2010 3558 2069 atque

1973 2082 2283 2151 patientiam
2318 2084 2563 2153 martyris
2594 2084 2807 2139 imitari.
2843 2084 2953 2139 Hoc
2976 2087 3052 2140 sic
3078 2103 3315 2155 agamus,
3346 2098 3403 2143 ιιι
3428 2090 3555 2145 illud

1974 2183 2218 2240 optemus
2252 2193 2264 2227 :
2297 2172 2397 2228 hoc
2430 2174 2508 2229 sic
2535 2175 2887 2241 celebremus,
2920 2186 2975 2230 ut
3004 2177 3131 2231 illud
3162 2180 3334 2247 potius
3364 2180 3553 2251 diliga-

1975 2280 2113 2318 mus.
2137 2264 2273 2331 Quid
2302 2263 2579 2318 laudamus
2611 2266 2660 2319 iu
2695 2265 2797 2322 fide
2824 2268 3070 2338 martyris
3090 2273 3109 2319 2‘
3137 2269 3267 2335 Quia
3297 2286 3462 2339 usque
3486 2271 3554 2327 ad

1976 2366 2202 2411 mortem
2235 2372 2331 2427 pro
2358 2358 2584 2415 veritate
2608 2360 2848 2423 certavit,
2880 2369 2933 2414 et
2963 2360 3080 2415 ideo
3100 2362 3242 2416 vicit.
3273 2364 3554 2420 Blandien-

1978 2456 2084 2503 tcm
2127 2448 2380 2503 mundum
2413 2449 2772 2518 contempsit,
2802 2451 3040 2507 saevienti
3070 2467 3176 2506 non
3201 2454 3362 2508 cessit
3390 2473 3402 2509 :
3436 2455 3558 2511 ideo

1976 2541 2148 2596 victor
2187 2541 2251 2596 ad
2297 2543 2464 2599 Deum
2509 2546 2752 2599 accessit.
2796 2545 3079 2601 Abundant
3126 2549 3177 2602 in
3220 2550 3320 2604 isto
3358 2552 3556 2607 sreculo

1978 2647 2191 2687 errores
2219 2642 2272 2687 et
2305 2642 2535 2689 terrores
2565 2653 2577 2686 :
2614 2636 2951 2691 beatissimus
2979 2638 3175 2710 Martyr
3194 2682 3207 2705 ,
3234 2658 3445 2697 errores
3473 2659 3559 2697 sa-

1978 2726 2194 2794 pientia,
2220 2735 2453 2783 terrores
2471 2728 2721 2797 patientia
2744 2733 3030 2800 superavit.
3052 2733 3290 2803 Magnum
3315 2736 3554 2806 estquod

1980 2819 2100 2873 fecit
2128 2838 2141 2873 :
2165 2830 2378 2875 secutus
2403 2835 2618 2890 agnum,
2651 2822 2858 2878 leonem
2886 2825 3031 2879 vicit.
3066 2826 3286 2893 Quando
3309 2845 3559 2897 persecu-

1982 2918 2064 2967 tor
2092 2904 2342 2966 saaviehat
2361 2950 2376 2976 ,
2422 2911 2509 2967 leo
2554 2910 2814 2968 fremebat
2842 2932 2853 2967 :
2884 2915 2977 2970 sed
3004 2918 3123 2986 quia
3154 2933 3319 2987 agnus
3348 2934 3558 2973 sursum

1979 3003 2386 3071 attendebatur,
2440 3003 2526 3059 leo
2564 3005 2812 3063 deorsum
2849 3007 3153 3063 calcabatur
3197 3028 3210 3062 :
3250 3014 3338 3080 qui
3388 3022 3563 3068 morte

1980 3103 2206 3149 mortem
2232 3095 2514 3161 destruxit,
2542 3096 2685 3168 ligno
2717 3099 2997 3170 pependit,
3038 3103 3348 3172 sanguinem
3390 3103 3561 3168 fudit,

1982 3187 2236 3241 mundum
2264 3187 2508 3243 redemit.

2055 3278 2278 3335 CAPUT
2334 3280 2397 3336 ll.
2425 3312 2497 3322 —
2533 3282 2586 3337 2.
2621 3283 2853 3353 Apostoli
2890 3287 2953 3342 de
2979 3286 3197 3342 Domino
3231 3306 3343 3359 quae
3365 3292 3464 3361 ipsi
3496 3294 3567 3346 ui-

1986 3370 2164 3424 derant
2190 3372 2474 3439 con/itendo
2508 3376 2715 3430 mortui.
2749 3376 2909 3432 Primi
2940 3378 3081 3433 beati
3106 3381 3342 3449 Apostoli
3373 3384 3567 3439 arietes

1986 3462 2162 3532 gregis
2186 3465 2385 3529 sancti,
2428 3465 2601 3533 ipsum
2640 3467 2922 3523 Dominum
2959 3469 3138 3526 .lesum
3170 3473 3415 3527 viderunt
3439 3490 3568 3545 pen~

1986 3552 2203 3608 dentem
2227 3595 2244 3621 ,
2286 3554 2577 3611 doluerunt
2624 3561 2938 3621 morientem
2963 3602 2978 3626 ,
3023 3576 3347 3633 expaveruut
3384 3582 3566 3622 resur-

1989 3652 2199 3712 gentem
2223 3684 2239 3712 ,
2282 3655 2593 3702 amaverunt
2621 3657 2915 3718 potentem,
2946 3662 2999 3707 et
3025 3655 3121 3722 ipsi
3150 3658 3456 3725 sanguinem
3486 3659 3565 3711 fu-

1989 3736 2183 3790 derunt
2209 3752 2301 3805 pro
2321 3753 2386 3792 eo
2418 3738 2557 3806 quod
2592 3740 2857 3797 viderunt.
2886 3743 3143 3815 Cogitate,
3174 3746 3387 3814 fratres,
3414 3750 3570 3818 quale

1990 3826 2087 3882 fuit
2131 3828 2264 3882 mitti
2315 3828 2563 3886 homines
2605 3847 2699 3903 per
2724 3835 2907 3892 orbem
2940 3846 3199 3893 terrarum
3224 3883 3239 3906 ,
3280 3842 3570 3912 praedicare

1992 3920 2261 3977 hominem
2314 3932 2579 3978 mortuum
2629 3930 3013 3995 resurrexisse,
3063 3932 3113 3985 in
3156 3934 3348 3988 etelum
3380 3950 3568 3991 ascen.

1989 4009 2169 4078 disse;
2201 4021 2255 4067 et
2283 4030 2377 4084 pro
2420 4015 2520 4071 ista
2560 4016 2937 4084 prtrdicatione
2983 4024 3182 4092 perpeti
3233 4026 3410 4081 omnia
3452 4043 3571 4097 qua:

1992 4103 2262 4163 insaniens
2289 4106 2519 4164 mundus
2546 4108 2788 4177 inferret,
2821 4111 3012 4168 damna
3036 4156 3050 4181 ,
3078 4117 3295 4184 exsilia,
3325 4120 3533 4175 vincula
3554 4163 3569 4186 ,

1993 4200 2275 4259 tormenta,
2308 4194 2571 4265 ﬂammas,
2600 4198 2818 4265 bestias,
2844 4218 3052 4271 cruces,
3083 4217 3301 4263 mortes.
3333 4209 3443 4264 Hoc
3476 4227 3571 4279 pro

1993 4284 2175 4339 nescio
2208 4286 2357 4354 quo?
2395 4286 2658 4359 Numquid
2689 4291 2853 4357 enim,
2883 4292 3071 4351 fratres
3103 4299 3227 4363 mei,
3260 4298 3448 4354 Petrus
3476 4316 3574 4371 pro

1993 4390 2085 4430 sua
2132 4377 2299 4447 gloria
2343 4381 2702 4449 moriebatur,
2754 4395 2845 4440 aut
2891 4402 2950 4442 se
2995 4388 3165 4459 ipsum
3215 4392 3574 4460 pra‘dieabat?

1994 4470 2143 4525 Alius
2166 4472 2511 4538 moriebatur,
2542 4484 2594 4527 ut
2624 4476 2757 4531 alius
2790 4478 3172 4546 honoraretur;
3201 4484 3335 4537 alius
3362 4485 3573 4541 occide-

1995 4561 2185 4628 batur,
2231 4573 2286 4617 ttt
2334 4564 2473 4619 alius
2524 4568 2810 4625 coleretur.
2867 4570 3128 4642 Numquid
3186 4575 3283 4628 hoc
3341 4575 3573 4644 faceret,

1995 4654 2095 4707 nisi
2144 4654 2418 4725 flagrantia
2476 4659 2780 4725 cbaritatis,
2823 4661 2888 4716 de
2935 4664 3256 4719 conscientia
3302 4669 3577 4723 veritatis?

2002 4744 2253 4801 Viderunt
2319 4747 2457 4818 quod
2518 4748 2804 4807 dicebant:
2837 4770 2956 4808 nam
3002 4755 3212 4823 quando
3262 4773 3358 4827 pro
3408 4775 3467 4813 ea
3520 4776 3577 4814 re

1995 4848 2366 4905 morerentur,
2411 4857 2565 4910 qttam
2617 4858 2720 4897 non
2777 4844 3055 4899 viderant?
3095 4846 3247 4913 Quod
3300 4850 3573 4919 viderant,

1998 4945 2188 4999 negare
2232 4930 2517 4987 debebant.
2574 4930 2686 4988 Non
2762 4948 3127 5005 negaverunt:
3159 4942 3577 5009 prmdicavcrunt

1998 5028 2263 5073 mortuum
2305 5062 2320 5088 ,
2386 5039 2541 5093 quem
2608 5024 2849 5081 sciebant
2908 5029 3104 5083 vivum.
3166 5031 3413 5087 Sciebant
3480 5051 3576 5103 pro

1999 5126 2101 5179 qua
2142 5112 2246 5165 vita
2283 5122 2682 5172 contemnerent
2713 5118 2870 5172 vitam
2904 5138 2916 5173 :
2945 5121 3184 5179 sciebant
3219 5139 3314 5193 pro
3354 5141 3451 5195 qua
3498 5125 3577 5181 fc-

2005 5200 2203 5255 licitate
2244 5202 2437 5257 ferrent
2476 5206 2827 5262 transitoriam
2864 5208 3240 5273 infelicitatem,
3266 5230 3361 5284 pro
3387 5216 3579 5284 quibus

2005 5292 2241 5361 pranniis
2274 5294 2369 5347 ista
2398 5294 2587 5348 damna
2619 5309 3038 5357 contemnerent.
3068 5304 3222 5359 Fides
3248 5322 3430 5363 eorum
3458 5323 3579 5362 cum

2005 5393 2115 5437 toto
2146 5385 2343 5439 mundo
2358 5401 2461 5440 non
2492 5390 2899 5458 appenderctur.
2927 5396 3237 5463 Audierant,
3266 5398 3399 5467 Quid
3424 5399 3580 5471 prod-

2003 5485 2075 5530 est
2124 5477 2349 5544 homini,
2381 5477 2425 5531 si
2477 5486 2632 5534 totum
2662 5484 2900 5539 mundum
2932 5486 3149 5541 lucretur
3169 5531 3183 5555 ,
3211 5491 3391 5545 animw
3416 5501 3583 5546 autem

2004 5584 2110 5621 sua:
2149 5568 2501 5624 detrimentum
2529 5574 2751 5642 patiatur
2779 5575 2990 5645 (Matth.
3022 5595 3108 5633 XVI
3132 5621 3146 5647 ,
3178 5580 3314 5653 26)?
3348 5583 3463 5640 Non
3500 5602 3579 5643 re-

2066 5684 2397 5756 j_t::niendattts
2421 5686 2487 5756 ad
2515 5689 2717 5756 eosdem
2723 5689 2898 5756 libros,
2928 5701 3137 5756 excepta
3159 5709 3200 5749 ν.

2066 5745 2139 5811 (ἡ)
2162 5746 2303 5799 alias.
2325 5747 2388 5799 de
2412 5750 2624 5800 Diversis
2649 5750 2751 5802 115,
2885 5745 2897 5754 ’
2980 5778 2983 5779 ν

1894 5824 1996 5849 AF"
