4108 6326
552 322 691 381 1415

547 443 779 501 tardavit
821 441 1075 499 illecebra
1106 438 1286 498 saeculi
1318 439 1659 510 festinantes,
1710 441 1996 497 transitura
2024 440 2130 495 mi-

547 550 784 612 grantes,
814 538 1201 610 quantumlibet
1230 545 1285 594 et
1312 536 1580 608 quomodo
1605 537 1738 592 libet
1772 534 1979 607 fulgens
2008 532 2134 590 feli-

548 631 683 687 citas
728 629 815 685 hic
855 629 1204 693 dimittenda,
1248 628 1314 684 ad
1356 628 1511 683 aliam
1555 628 1719 683 vitam
1761 642 1866 682 non
1900 625 2131 682 transfe-

546 722 734 785 renda,
764 720 1050 793 aliquando
1076 722 1163 777 hic
1187 730 1240 777 et
1265 737 1295 777 a
1321 720 1624 777 viventibus
1651 719 2020 792 relinquenda.

613 814 841 871 CAPUT
898 814 986 870 Ill.
1029 845 1102 856 -—
1149 815 1202 869 5.
1254 811 1608 885 Contemptum
1657 813 1835 869 mundi
1885 821 2131 886 martyres

540 906 772 981 exemplo
817 910 1015 964 docent.
1067 908 1403 983 Contemnite
1454 923 1582 980 ergo
1634 907 1930 974 saeculum,
1975 905 2130 962 Chri-

539 1002 735 1066 stiani;
777 1003 1105 1059 contemnite
1144 993 1437 1067 saeculum,
1479 1002 1826 1058 contemnite.
1878 1000 2129 1056 Contem-

541 1106 762 1167 pserunt
786 1106 1081 1169 martyres,
1112 1106 1551 1167 contempserunt
1578 1097 1817 1167 Apostoli
1839 1139 1853 1163 ,
1885 1106 2125 1151 contem-

543 1190 646 1260 psit
682 1190 869 1246 beatus
906 1187 1234 1263 Cyprianus,
1267 1189 1418 1260 cujus
1449 1188 1606 1244 hodie
1634 1189 1948 1244 memoriam
1977 1188 2122 1244 cele-

540 1283 777 1338 bramus.
806 1282 1005 1339 Divites
1026 1297 1147 1339 esse
1169 1282 1350 1349 vultis,
1380 1280 1627 1337 honorati
1653 1296 1776 1337 esse
1801 1281 1982 1348 vultis,
2006 1280 2124 1337 sani

536 1390 655 1431 esse
685 1375 845 1430 vultis
874 1393 889 1430 :
920 1384 1084 1430 totum
1110 1375 1201 1431 ille
1225 1375 1578 1445 contempsit,
1617 1373 1684 1429 ad
1722 1374 1873 1444 cujus
1919 1389 2124 1429 memo-

535 1468 669 1523 riam
688 1467 1034 1524 convenistis.
1056 1468 1215 1537 Quid,
1244 1469 1491 1536 obsecro,
1515 1476 1721 1523 tantum
1741 1467 1953 1535 amatis,
1977 1466 2119 1539 quod

533 1561 857 1632 contempsit
896 1577 1055 1632 quem
1091 1560 1168 1616 sic
1203 1560 1515 1616 honoratis?
1554 1575 1712 1631 quem
1734 1603 1748 1627 ,
1798 1561 1841 1615 si
1886 1561 1984 1615 ista
2013 1575 2119 1616 non

533 1656 978 1726 contempsisset,
1008 1672 1112 1710 non
1138 1655 1320 1726 utique
1358 1656 1435 1710 sic
1464 1653 1823 1710 honoraretis.
1862 1653 2037 1721 Quare
2068 1662 2120 1710 te

531 1747 746 1805 invenio
771 1764 953 1804 earum
993 1762 1173 1803 rerum
1206 1754 1536 1815 amatorem,
1571 1761 1798 1818 quarum
1841 1746 2119 1803 veneraris

528 1846 952 1909 contemptorem
975 1838 999 1894 ?
1022 1837 1178 1895 Certe
1203 1837 1373 1905 illum,
1402 1839 1446 1893 si
1478 1838 1595 1894 haec
1617 1845 1852 1905 amaret,
1885 1854 1991 1894 non
2024 1854 2119 1896 ve-

528 1932 816 1987 nerareris.
851 1931 919 1985 Et
951 1939 1005 1985 tu
1038 1930 1146 1986 noli
1183 1945 1365 1986 amare
1397 1928 1545 1988 :non
1585 1932 1729 1986 enim
1770 1931 2014 1997 intravit,
2060 1939 2117 1988 et

527 2022 722 2078 ostium
769 2031 954 2078 contra
990 2030 1042 2078 te
1079 2021 1291 2078 clausit.
1332 2021 1629 2079 Contemne
1673 2031 1728 2077 et
1756 2031 1843 2090 tu;
1885 2032 1941 2080 et
1974 2024 2113 2081 intra

526 2124 650 2186 post
688 2115 855 2169 illum.
886 2115 1038 2171 Patet
1075 2129 1176 2185 qua
1206 2114 1374 2172 intres
1401 2132 1415 2169 :
1449 2114 1697 2171 Christus
1722 2123 1807 2170 est
1831 2115 2015 2186 janua.
2045 2117 2112 2172 Et

525 2207 622 2262 tibi
650 2215 731 2262 est
758 2207 954 2263 ostium
981 2216 1246 2277 apertum,
1273 2206 1487 2279 quando
1516 2215 1601 2263 est
1619 2207 1757 2262 latus
1784 2208 1902 2278 ejus
1925 2208 2112 2265 lancea

525 2299 874 2371 perforatum.
899 2298 1038 2368 Quid
1067 2298 1190 2354 inde
1216 2299 1453 2355 manavit
1485 2299 1700 2364 recole;
1739 2307 1795 2355 et
1832 2299 1971 2371 elige
2005 2315 2111 2372 qua

522 2393 698 2464 possis
717 2393 936 2448 intrare.
962 2392 1042 2449 De
1061 2392 1228 2449 latere
1248 2392 1459 2447 Domini
1486 2390 1769 2462 pendentis
1797 2401 1852 2448 et
1872 2394 2109 2449 morien-

524 2483 593 2539 tis
623 2484 674 2539 in
696 2484 861 2554 ligno,
895 2492 1239 2556 posteaquam
1269 2493 1353 2541 est
1379 2484 1562 2541 lancea
1585 2485 1934 2555 perforatum,
1972 2501 2109 2558 aqua

521 2579 843 2649 sanguisque
872 2578 1126 2648 proﬂuxit
1148 2578 1327 2651 (Joan.
1356 2584 1474 2644 xix,
1504 2577 1620 2652 54).
1645 2576 1703 2634 lu
1723 2593 1832 2635 uno
1851 2587 1936 2637 est
1955 2595 2111 2636 mun-

519 2669 665 2726 datio
693 2678 803 2738 tua,
834 2670 891 2726 iu
915 2672 1087 2727 altero
1118 2672 1414 2742 redemptio
1443 2682 1553 2727 tua.

589 2764 816 2820 CAPUT
854 2763 943 2820 IV.
987 2794 1059 2806 —
1099 2765 1155 2821 4.
1197 2764 1390 2821 Rerum
1429 2776 1742 2823 terrenarum
1766 2784 1910 2824 auter
1944 2767 2108 2823 viscus

517 2856 721 2912 Minue.
767 2857 958 2912 Amate
981 2898 997 2925 ,
1021 2864 1076 2914 et
1109 2856 1273 2913 nolite
1298 2872 1481 2915 amare
1515 2876 1529 2913 :
1562 2859 1629 2914 ad
1675 2858 1875 2931 aliquid
1905 2870 2104 2928 amate,

518 2958 574 3004 et
596 2946 663 3003 ad
689 2947 890 3019 aliquid
912 2963 1093 3004 amare
1119 2948 1303 3005 nolite.
1340 2950 1436 3006 Est
1460 2950 1603 3005 enim
1636 2951 1781 3022 quod
1818 2951 1885 3007 ad
1929 2952 2107 3025 profe-

516 3052 659 3099 ctum
686 3051 914 3107 ametur,
943 3052 999 3099 et
1027 3051 1110 3099 est
1137 3042 1279 3114 quod
1305 3042 1372 3099 ad
1404 3044 1844 3115 impedimentum
1872 3055 2102 3103 ametur.

516 3135 634 3192 Noli
663 3150 846 3192 amare
882 3135 1320 3206 impedimentum
1344 3178 1361 3203 ,
1392 3137 1435 3190 si
1466 3151 1573 3190 non
1603 3137 1687 3191 vis
1724 3137 1966 3194 invenire
1994 3146 2104 3193 tor-

516 3236 777 3283 mentum.
805 3227 957 3295 Quod
997 3242 1148 3283 amas
1176 3228 1230 3282 in
1261 3234 1400 3283 terra
1425 3268 1441 3296 ,
1486 3227 1937 3311 impedimentqu
1972 3237 2055 3285 est
2085 3246 2099 3284 :

514 3319 720 3374 viscum
744 3329 828 3375 est
853 3334 1151 3390 pennarum
1182 3319 1557 3391 spiritualium,
1588 3319 1693 3377 hoc
1715 3330 1795 3377 est
1824 3321 2098 3389 virtutum,

513 3411 703 3482 quibus
740 3411 954 3466 volatur
996 3410 1063 3467 ad
1112 3411 1306 3467 Deum.
1346 3409 1477 3482 Capi
1507 3427 1615 3468 non
1658 3412 1739 3468 vis
1763 3455 1778 3481 ,
1813 3421 1869 3469 et
1894 3414 2100 3471 viscum

512 3503 704 3561 amas?
732 3502 998 3574 Numquid
1029 3503 1152 3560 ideo
1192 3491 1299 3559 non
1339 3504 1547 3576 caperis
1566 3546 1582 3573 ,
1608 3505 1733 3576 quia
1760 3504 1989 3562 dulciter
2010 3523 2102 3564 ca-

512 3595 702 3668 peris?
724 3595 936 3665 Quanto
964 3598 1132 3667 magis
1161 3596 1422 3665 delectat,
1454 3606 1602 3653 tanto
1632 3597 1821 3657 fortius
1849 3608 2100 3673 strangu-

512 3687 607 3742 lat.
641 3687 767 3743 Htec
794 3687 915 3744 dico
945 3705 958 3741 :
986 3695 1037 3743 et
1067 3688 1295 3744 laudatis
1317 3728 1334 3756 ,
1371 3697 1427 3744 et
1466 3689 1712 3746 clamatis
1735 3734 1751 3759 ,
1795 3701 1849 3748 et
1885 3694 2097 3750 amatis.

511 3781 823 3853 Respondet
850 3782 968 3845 tibi,
998 3797 1103 3837 non
1125 3796 1245 3852 ego,
1270 3782 1365 3838 sed
1385 3784 1644 3854 sapientia
1674 3803 1688 3839 :
1724 3786 1898 3844 Mores
1935 3789 2058 3844 volo
2079 3829 2097 3859 ,

514 3889 620 3928 non
650 3889 834 3930 voces.
874 3872 1199 3945 Sapientiam
1229 3874 1385 3930 lauda
1413 3876 1675 3945 vivendo;
1697 3892 1804 3935 non
1833 3880 2096 3949 sonando,

510 3964 605 4020 sed
631 3950 998 4021 consonantia.

579 4055 806 4114 CAPUT
859 4056 949 4113 νᾳ
984 4087 1057 4099 -
1099 4058 1153 4116 5.
1200 4057 1410 4116 Cantica
1453 4066 1673 4136 profana
1694 4072 1757 4141 et
1802 4064 2097 4124 saltationes

512 4149 676 4220 pulsa
712 4149 776 4205 de
810 4150 1024 4206 ecclesia
1047 4192 1062 4218 ,
1101 4150 1186 4207 ubi
1222 4153 1454 4224 sepultus
1489 4154 1814 4230 Cyprianus.
1838 4157 2096 4217 Dominus
2138 4234 2141 4235 ν

507 4242 640 4298 dicit
663 4242 717 4296 in
743 4241 1031 4314 Evangelia
1051 4285 1065 4309 ,
1095 4244 1425 4302 Cantavimus
1448 4246 1616 4312 vobis,
1649 4258 1697 4304 et
1731 4265 1831 4304 non
1867 4250 2095 4308 saltastis

506 4333 720 4408 (Matth.
752 4349 832 4401 χι,
857 4336 969 4406 17).
999 4334 1222 4404 Quando
1248 4336 1352 4394 boe
1373 4353 1474 4410 ego
1502 4340 1735 4397 dicerem
1758 4383 1772 4408 ,
1805 4341 1851 4398 si
1876 4358 1981 4399 non
2012 4343 2094 4400 le-

502 4426 729 4498 gerem?
772 4425 963 4484 lrridet
1001 4443 1089 4485 me
1112 4429 1319 4485 vanitas
1342 4472 1357 4494 ,
1388 4431 1482 4487 sed
1507 4431 1657 4503 juvat
1683 4430 1995 4492 ancteritas.
2034 4438 2091 4495 Si

505 4535 609 4575 non
638 4519 1015 4590 pmmisissem
1045 4523 1165 4593 quis
1195 4522 1296 4579 hoc
1320 4523 1548 4592 dixerit,
1595 4528 1714 4599 quis
1741 4545 1828 4586 me
1853 4541 2090 4589 vestrum

500 4618 683 4681 posset
711 4610 848 4668 ferre
875 4612 1161 4679 dicentem,
1192 4611 1514 4673 Cantavinms
1542 4618 1698 4688 vobis,
1729 4630 1775 4675 et
1800 4638 1900 4677 non
1925 4622 2090 4678 salta-

499 4700 588 4755 stis
608 4701 635 4757 ἲ
661 4701 1050 4774 Numquidnam
1082 4706 1135 4760 in
1165 4704 1268 4762 hoc
1293 4706 1434 4777 loco,
1464 4710 1562 4765 etsi
1593 4710 1837 4768 Psalmus
1866 4724 2089 4771 cantan-

498 4792 600 4849 dus
623 4801 726 4863 est,
761 4795 829 4850 ab
857 4796 1036 4868 aliquo
1061 4797 1360 4854 saltandum
1379 4802 1497 4856 est?
1524 4802 1825 4874 Aliquando
1848 4817 1971 4863 ante
1990 4823 2087 4865 an-

497 4900 598 4941 nos
640 4900 745 4942 non
780 4887 934 4944 valde
962 4889 1158 4945 multos
1186 4890 1347 4946 etiam
1391 4892 1547 4949 istum
1594 4894 1771 4954 locum
1815 4899 2085 4958 invaserat

496 4978 785 5053 petulantia
815 4980 1147 5038 saltatorum.
1180 4982 1345 5041 Istum
1370 4994 1475 5042 tam
1501 4999 1740 5047 sanctum
1768 4992 1966 5064 locum,
1992 4997 2082 5054 ubi

492 5074 636 5144 jacet
666 5082 770 5128 tam
798 5074 965 5130 sancti
1003 5074 1251 5149 Martyris
1276 5092 1471 5150 corpus
1493 5120 1509 5149 ,
1551 5081 1690 5138 sicut
1724 5087 2083 5145 meminerunt

498 5167 650 5223 multi
679 5167 767 5239 qui
796 5165 993 5223 habent
1020 5177 1267 5237 etatem;
1300 5170 1496 5241 locum,
1528 5172 1778 5246 inquam,
1812 5187 1918 5234 tam
1951 5195 2079 5236 san-

494 5270 639 5316 ctum
684 5261 952 5316 invaserat
994 5261 1300 5332 pestilentia
1328 5271 1383 5321 et
1410 5266 1700 5336 petulantia
1741 5269 2075 5330 saltatorum.
2122 5338 2127 5343 ο

495 5353 600 5410 Per
627 5361 793 5410 totam
824 5363 1035 5410 noctem
1065 5356 1417 5415 cantabantur
1451 5359 1539 5417 hic
1583 5362 1780 5419 nefaria
1802 5405 1817 5432 ,
1867 5374 1922 5421 et
1948 5382 2078 5424 can-

494 5446 729 5501 tantibus
757 5446 1066 5503 saltabatur.
1097 5449 1321 5518 Quando
1348 5452 1515 5509 voluit
1540 5455 1795 5513 Dominus
1825 5474 1921 5530 per
1948 5476 2075 5518 san-

493 5550 638 5596 ctum
666 5540 886 5598 fratrem
929 5553 1171 5601 nostrum
1205 5548 1513 5620 episcopum
1560 5561 1796 5610 vestrum
1821 5597 1836 5621 ,
1877 5571 1941 5612 ex
1969 5575 2076 5629 quo

495 5631 583 5687 hic
608 5642 888 5704 ceperunt
912 5647 1108 5693 sanctae
1140 5639 1331 5710 vigilite
1359 5642 1637 5711 celebrari,
1668 5646 1756 5702 illa
1785 5653 1949 5719 pestis
1976 5652 2075 5706 ali-

491 5726 805 5812 quantulum
828 5726 1108 5801 reluctata,
1133 5741 1318 5805 postea
1340 5734 1505 5793 cessit
1526 5736 1836 5812 diligentia),
1860 5743 2071 5799 erubuit

486 5820 784 5886 Sapientire.

1780 318 1837 375 s.
1877 290 2245 374 annosum
2285 315 2590 380 EPlSCOPi

3707 338 3855 398 1416

2312 441 2542 500 CAPUT
2584 444 2671 501 Vl.
2704 476 2775 489 -
2813 448 2867 505 ϐ.
2896 444 3160 509 Canticum
3189 466 3414 513 nostrum
3445 459 3526 514 cui
3565 438 3794 516 moribus
3820 503 3845 532 ,

2239 543 2483 605 tanquam
2511 538 2800 610 scitatione,
2826 555 3020 616 Oportet
3046 564 3343 608 consonare.
3367 553 3502 610 Cum
3527 573 3655 626 ergo
3676 557 3846 615 modo

2239 624 2326 682 hic
2363 628 2463 683 ista
2490 630 2601 686 Deo
2626 636 2858 705 propitio
2886 653 2992 693 non
3022 639 3179 711 ﬁant,
3213 646 3336 716 quia
3365 664 3468 702 non
3499 624 3845 712 celebramus

2237 716 2518 777 daemoniis
2548 723 2735 792 ludos,
2767 728 2858 783 ubi
2887 731 3065 786 solent
3103 733 3201 790 ista
3230 734 3347 792 fieri
3381 739 3433 793 in
3465 755 3654 797 eorqu
3680 742 3838 799 delet

2234 814 2522 871 elationem
2546 819 2633 889 qui
2660 821 2928 890 coluntur,
2958 836 3013 881 et
3032 826 3366 887 immunditia
3391 847 3486 889 sua
3508 836 3683 891 solent
3705 847 3830 895 suo!

2232 902 2531 978 depravare
2560 910 2796 968 cultores
2820 957 2836 983 ,
2882 916 2977 972 sed
3017 919 3320 978 celebratur
3364 924 3449 980 hic
3484 927 3743 981 sanctitas
3782 933 3829 985 et

2233 996 2544 1056 solemnitas
2573 1015 2904 1077 martyrum;
2939 1024 3044 1064 non
3073 1009 3160 1067 hic
3186 1013 3415 1070 saltatur
3436 1058 3451 1083 ,
3499 1025 3553 1072 et
3590 1019 3681 1073 ubi
3722 1033 3827 1075 nos

2230 1088 2476 1161 saltatur,
2509 1103 2684 1152 tamen
2714 1096 2783 1154 de
2808 1099 3098 1172 Evangelio
3135 1104 3350 1176 legitur,
3381 1107 3704 1165 Cantavimus
3746 1128 3829 1165 vo-

2230 1181 2326 1253 bis,
2347 1196 2512 1242 etnon
2537 1188 2778 1247 sattastis.
2800 1191 3301 1264 Reprehenduntur,
3328 1200 3694 1272 increpantur,
3726 1219 3828 1259 ac-

2230 1289 2513 1349 cusantur,
2543 1284 2633 1352 qui
2662 1300 2766 1338 non
2793 1286 3141 1345 saltaverunt.
3172 1290 3325 1346 Absit
3354 1304 3413 1349 ut
3438 1295 3623 1351 redeat
3649 1297 3833 1353 adhuc

2228 1368 2316 1423 illa
2346 1372 2638 1441 petulantia
2667 1391 2680 1428 :
2713 1377 2894 1434 audite
2919 1381 3097 1451 potius
3136 1382 3262 1454 quid
3305 1385 3436 1441 velit
3465 1387 3688 1459 intelligi
3735 1406 3830 1445 sa-

2228 1462 2448 1530 pientia.
2490 1464 2717 1533 Cantat,
2753 1470 2842 1540 qui
2874 1472 3156 1542 praecipit:
3188 1475 3345 1530 saltat
3382 1477 3474 1547 qui
3503 1477 3651 1535 facit.
3683 1481 3830 1550 Quid

2226 1562 2308 1607 est
2328 1555 2543 1622 saltare,
2566 1558 2671 1614 nisi
2691 1569 2841 1616 motu
2863 1565 3226 1621 membrorum
3249 1568 3460 1625 cantico
3481 1586 3787 1628 consonare
3805 1574 3832 1627 Ἰ

2225 1643 2376 1711 Quod
2402 1656 2483 1702 est
2510 1651 2775 1707 canticum
2806 1657 3091 1712 nostrum?
3121 1658 3234 1714 Non
3264 1660 3530 1731 proferam
3556 1679 3680 1736 ego,
3713 1682 3827 1722 non

2224 1738 2296 1793 sit
2324 1755 2523 1797 meum.
2553 1743 2741 1802 Melius
2772 1747 3015 1806 minister
3040 1765 3194 1820 sum,
3238 1769 3396 1825 quam
3427 1762 3579 1812 actor
3604 1759 3646 1811 ¹.
3693 1760 3828 1815 Dico

2223 1832 2489 1889 canticum
2515 1844 2757 1892 nostrum
2787 1857 2802 1895 :
2833 1838 3009 1896 Nolite
3034 1843 3245 1915 diligere
3269 1846 3536 1911 mundum,
3569 1865 3729 1921 neque
3755 1867 3821 1905 ea

2221 1938 2335 1992 qua:
2360 1926 2414 1978 in
2442 1926 2630 1982 mundo
2657 1939 2790 1984 sunt.
2838 1930 3077 2003 Quisquis
3120 1935 3350 1991 dilexerit
3389 1940 3633 1995 mundum
3655 1982 3672 2007 ,
3710 1960 3823 1997 non

2220 2023 2296 2069 est
2322 2016 2544 2072 charitas
2572 2017 2749 2075 Patris
2776 2022 2830 2077 in
2856 2023 2947 2078 illo
2983 2041 3003 2080 :
3037 2028 3155 2098 quia
3193 2029 3367 2084 omnia
3388 2047 3502 2103 qute
3542 2032 3595 2087 in
3624 2035 3826 2090 mundo

2219 2119 2355 2176 sunt,
2388 2113 2797 2182 concupiscentia
2822 2118 2989 2173 carnis
3015 2129 3109 2187 est,
3137 2129 3183 2176 et
3207 2125 3614 2195 concupiscentia
3642 2128 3825 2182 oculo-

2218 2217 2353 2268 rum,
2379 2212 2428 2257 ιι
2451 2204 2658 2261 ambitio
2686 2209 2894 2275 swculi,
2931 2227 3045 2282 quia
3072 2229 3173 2267 non
3202 2223 3276 2269 est
3314 2232 3378 2271 ea:
3419 2214 3604 2284 Patre,
3633 2221 3726 2275 sed
3754 2237 3824 2276 es

2218 2296 2409 2349 mundo
2434 2306 2529 2352 est.
2559 2296 2627 2352 Et
2654 2301 2873 2357 mundus
2901 2306 3111 2374 transit,
3150 2317 3197 2361 et
3225 2310 3636 2381 concupiscentia
3658 2315 3775 2385 ejus
3800 2330 3822 2370 :

2216 2386 2304 2457 qui
2333 2398 2502 2445 autem
2529 2393 2700 2461 fecerit
2725 2394 3035 2452 uoluntatem
3084 2397 3180 2454 Dei
3207 2441 3222 2468 ,
3252 2413 3419 2458 manet
3448 2405 3504 2459 in
3528 2416 3777 2462 teternum
3798 2448 3818 2477 ,

2152 2486 2155 2489 λ
2215 2476 2346 2531 sicut
2370 2487 2419 2532 et
2440 2478 2578 2536 Deus
2603 2494 2770 2538 manet
2797 2486 2853 2540 in
2876 2497 3122 2544 teternum
3155 2489 3335 2565 (Joan.
3359 2510 3417 2563 ιι,
3449 2496 3664 2569 15-17).

2287 2566 2513 2625 CAPUT
2553 2572 2663 2628 VII.
2687 2605 2759 2615 ——
2783 2576 2835 2632 7.
2879 2575 3163 2636 Saltatores
3188 2582 3447 2651 spirituali
3476 2566 3670 2644 cantico
3695 2607 3822 2643 mu-

2215 2657 2402 2713 tatione
2423 2660 2538 2717 vita:
2556 2676 2906 2722 consonantes.
2948 2668 3116 2739 Quale
3136 2674 3424 2743 canticum,
3447 2676 3640 2736 fratres
3664 2684 3817 2737 mei?

2211 2750 2450 2809 Audistis
2488 2764 2810 2826 cantantem,
2856 2761 3134 2817 audiamus
3176 2766 3476 2824 saltantes:
3505 2770 3662 2828 facite
3712 2788 3815 2830 vos

2211 2848 2555 2917 congruentia
2602 2865 2847 2917 morum,
2898 2853 3040 2923 quod
3087 2854 3289 2913 faciunt
3334 2859 3619 2919 saltatores
3655 2876 3814 2921 motu

2210 2934 2597 2993 membrorum.
2630 2940 2775 2996 Intus
2806 2941 2907 2999 hoc
2931 2945 3069 3015 agite
3100 2964 3113 3000 :
3147 2963 3325 3004 mores
3350 2963 3669 3010 consonent.
3700 2954 3814 3012 Cu-

2210 3026 2405 3097 piditas
2430 3031 2776 3103 exstirpetur,
2805 3035 3037 3093 cbaritas
3061 3040 3352 3111 plantetur.
3382 3045 3457 3101 De
3483 3045 3584 3101 ista
3607 3050 3812 3107 arbore

2146 3140 2151 3145 ·
2208 3118 2463 3191 quidquid
2492 3123 2620 3186 exit,
2653 3125 2851 3182 bonum
2876 3137 2978 3184 est.
3006 3130 3278 3202 Cupiditas
3308 3137 3437 3192 nihil
3464 3139 3586 3194 boni
3618 3152 3805 3210 potest

2208 3223 2466 3280 generare
2499 3230 2514 3269 :
2543 3213 2776 3273 charitas
2800 3219 2929 3274 nihil
2957 3223 3103 3279 mali.
3135 3223 3202 3279 Et
3224 3226 3442 3295 dicitur,
3462 3239 3517 3285 et
3533 3230 3805 3300 laudatur;

2207 3309 2264 3355 et
2300 3316 2460 3358 nemo
2504 3309 2798 3362 mutatur'.
2829 3310 3004 3380 Absit,
3033 3329 3139 3369 non
3165 3324 3249 3372 est
3288 3332 3472 3374 verum
3502 3321 3643 3392 quod
3667 3324 3801 3379 dixi.

2207 3391 2389 3449 Mutati
2429 3403 2555 3452 sunt
2583 3398 2896 3469 piscatores,
2920 3405 3105 3459 mutati
3135 3415 3261 3462 sunt
3284 3417 3468 3479 postea
3488 3413 3646 3468 etiam
3678 3414 3805 3485 plu-

2206 3486 2328 3541 rimi
2369 3502 2649 3548 seuatores
2683 3511 2695 3547 :
2728 3503 2960 3552 mutatus
2987 3505 3074 3555 est
3100 3492 3420 3571 Cyprianus,
3451 3505 3602 3577 cujus
3638 3505 3806 3565 hodie

2207 3580 2521 3637 memoriam
2552 3581 2969 3655 frequentamus.
3001 3589 3120 3660 Ipse
3147 3593 3351 3661 scribit,
3386 3596 3500 3669 ipse
3529 3607 3760 3657 testatur
3780 3643 3800 3668 ,

2206 3671 2357 3744 cujus
2377 3673 2500 3729 vitae
2526 3673 2687 3732 fuerit
2708 3678 3015 3750 aliquando,
3046 3698 3204 3754 quam
3233 3686 3471 3756 nefariae,
3501 3705 3662 3760 quam
3689 3692 3798 3747 im-

2204 3765 2327 3834 piae,
2377 3781 2536 3838 quam
2582 3767 2980 3841 improbandae,
3023 3790 3086 3831 ac
3123 3776 3450 3837 detestandae
3498 3782 3689 3854 (Epist.
3740 3786 3798 3855 2,

2204 3856 2274 3912 ad
2300 3857 2603 3935 Donatum).
2648 3863 2864 3921 Audivit
2907 3876 3210 3927 cantantem
3243 3888 3258 3926 :
3286 3873 3526 3933 exhibuit
3557 3892 3638 3945 se,
3687 3896 3799 3938 non

2203 3964 2465 4022 corpore,
2510 3953 2605 4011 sed
2646 3964 2826 4013 mente
2864 3959 3170 4017 saltantem.
3219 3964 3435 4035 Aptavit
3477 3982 3538 4024 se
3580 3971 3796 4028 cantico

2201 4038 2362 4108 bono,
2382 4044 2583 4114 aptavit
2610 4060 2669 4102 se
2694 4049 2901 4105 cantico
2921 4065 3061 4107 novo
3084 4070 3098 4106 :
3121 4055 3341 4125 aptavit,
3368 4058 3583 4128 amavit,
3609 4076 3797 4132 perse-

2200 4134 2425 4201 veravit,
2462 4137 2703 4206 certavit,
2736 4142 3025 4212 superavit.

2272 4227 2499 4287 CAPUT
2536 4230 2670 4287 Vill.
2693 4264 2763 4273 —
2788 4233 2841 4291 8.
2877 4233 3127 4309 Tempora
3154 4243 3293 4297 mata
3318 4259 3422 4300 non
3459 4238 3656 4317 faciunt
3691 4249 3794 4305 nisi

2138 4330 2141 4335 ·
2200 4320 2425 4376 homines
2471 4320 2615 4376 mali.
2655 4324 2722 4379 Et
2768 4324 2989 4383 dicitis:
3022 4329 3239 4387 Molesta
3285 4342 3558 4405 tempora,
3607 4342 3791 4410 gravia

2140 4426 2141 4433 ‘
2199 4421 2460 4484 tempora,
2489 4416 2684 4473 misera
2718 4428 2954 4490 tempora
2989 4432 3131 4478 sunt.
3170 4424 3340 4483 Vivite
3379 4428 3539 4497 bene,
3580 4439 3639 4488 et
3664 4447 3790 4488 mu-

2197 4505 2320 4560 tatis
2342 4514 2582 4579 tempora
2610 4509 2836 4566 vivendo
2861 4512 2999 4569 bene
3024 4532 3037 4569 :
3064 4525 3300 4588 tempora
3328 4524 3564 4589 mutatis,
3593 4533 3649 4579 et
3678 4540 3787 4582 non

2195 4596 2404 4654 habetis
2433 4601 2573 4656 unde
2612 4606 2974 4661 murmuretis.
3011 4606 3151 4676 Quid
3190 4621 3316 4667 sunt
3343 4613 3485 4669 enim
3515 4624 3785 4687 tempora,

2193 4681 2388 4745 fratres
2419 4692 2563 4747 mei?
2610 4691 2791 4764 Spatia
2835 4704 2893 4752 et
2933 4699 3200 4757 volumina
3238 4705 3575 4763 saeculorum.
3622 4681 3791 4765 Drtus

2192 4790 2275 4838 est
2302 4782 2401 4851 sol,
2444 4786 2672 4855 peractis
2704 4786 2850 4844 horis
2878 4790 3157 4850 duodecim
3184 4812 3250 4853 es
3280 4798 3383 4854 alia
3417 4801 3601 4857 mundi
3629 4813 3786 4872 parte

2190 4875 2419 4943 occidit;
2448 4879 2549 4935 alia
2578 4879 2664 4936 die
2689 4896 2845 4938 mane
2883 4893 3032 4943 ortus
3067 4888 3260 4953 iterum
3290 4892 3517 4961 occidit;
3557 4911 3784 4953 numera

2190 4971 2399 5040 quoties
2431 4989 2443 5024 :
2478 4972 2592 5042 ipsa
2621 4983 2745 5030 sunt
2782 4984 3041 5049 tempora.
3073 4979 3242 5049 Quem
3270 4984 3407 5040 laesit
3433 4987 3562 5043 Solis
3588 4990 3782 5046 ortus?

2188 5077 2345 5133 quem
2374 5062 2510 5119 lzesit
2538 5080 2760 5121 occasus
2800 5068 2973 5125 solis?
3004 5070 3143 5144 Ergo
3177 5076 3443 5133 neminem
3472 5078 3608 5135 Iresit
3638 5090 3782 5137 tem-

2175 5169 2305 5237 pus.
2336 5155 2437 5225 Qui
2466 5157 2749 5226 laeduntur,
2790 5158 3037 5219 homines
3065 5174 3222 5233 sunt;
3267 5184 3296 5223 a
3336 5170 3530 5240 quibus
3567 5171 3782 5230 laedun-

2186 5256 2295 5316 tur,
2330 5247 2575 5305 homines
2599 5259 2741 5306 sunt.
2773 5251 2817 5307 Ο
2838 5269 3059 5327 magnus
3083 5256 3268 5315 dolorl
3312 5261 3556 5320 homines
3579 5264 3779 5321 laedun-

2188 5349 2303 5406 tur,
2352 5338 2597 5397 homines
2643 5344 2973 5416 spoliantur,
3023 5349 3264 5407 homines
3306 5355 3697 5425 opprimuntur.
3730 5360 3777 5415 A

2185 5431 2421 5502 quibus?
2461 5448 2568 5489 non
2605 5450 2635 5489 a
2667 5435 2927 5506 leonibus,
2960 5455 3065 5496 non
3095 5458 3127 5499 a
3157 5444 3409 5514 colubris,
3436 5463 3544 5504 non
3568 5465 3599 5504 a
3625 5465 3781 5507 scor-

2184 5524 2464 5595 pionibus;
2496 5526 2591 5583 sed
2619 5527 2688 5583 ab
2715 5526 3040 5590 hominibus.
3076 5535 3266 5593 Dolcnt
3292 5540 3381 5609 qui
3407 5539 3690 5600 laeduntur.
3716 5544 3780 5603 Si

2245 5668 2262 5693 ι

2761 5728 2975 5806 imitatur
2996 5745 3015 5783 :
3039 5739 3092 5806 et
3112 5733 3228 5806 dein
3242 5773 3255 5797 ,
3288 5738 3463 5790 Incitat:
3483 5744 3592 5806 sunt
3619 5741 3779 5806 piso.-

2182 5788 2343 5871 ‘ﬂ'eﬁ;
2356 5788 2529 5858 ίηζίίατί
2550 5798 2659 5841 δυηε
2674 5788 3006 5871 pbstealctiam
3028 5788 3501 5871 plutimigsenatorcs'
3558 5788 3771 5871 twn;

2184 5852 2252 5902 cst
2276 5852 2579 5923 cyprinum,
2602 5852 2741 5925 cuius
2762 5854 2904 5915 hodie
2920 5852 3200 5913 memoriam
3211 5852 3585 5931 p-equentauuts.
