4108 6326
316 280 452 341 Nl?

316 395 544 471 possint,
572 407 679 447 non
708 391 909 446 faciunt
935 387 1027 461 ipsi
1062 386 1201 458 quod
1246 378 1715 455 reprehendunt‘?
1746 378 1894 433 Tunc

316 485 618 547 invenimus
644 484 912 538 hominem
938 482 1027 551 qui
1057 477 1441 540 murmurabat,
1469 471 1680 545 quando
1710 479 1895 540 potue«

315 584 387 638 rit
436 578 615 633 facere
668 574 808 630 unde
844 570 1226 629 murmurabat.
1272 567 1477 632 Laudo,
1509 563 1686 631 laudo,
1717 563 1760 617 si
1790 576 1895 615 non

315 670 503 730 fecerit
534 668 676 739 quod
704 666 1006 722 accusabat.

387 760 617 818 CAPUT
655 759 745 814 IX.
771 788 837 797 —
857 757 908 813 9.
951 755 1035 811 Ea:
1061 771 1185 809 auro
1221 754 1378 807 bonus
1403 750 1564 804 multa
1600 747 1899 823 bona_pra:-

318 864 440 917 stat,
486 851 650 905 malus
688 850 845 904 multa
882 848 1038 902 mala.
1083 846 1161 900 Illi
1204 852 1403 906 autem,
1450 837 1769 902 charissimi,
1810 834 1899 904 qui

317 956 566 1021 potentes
612 944 860 999 videntur
912 943 965 996 in
1020 939 1255 1001 szcculo,
1311 933 1577 1007 quomodo
1622 930 1901 984 laudamur

318 1017 535 1111 quando
561 1036 736 1091 minus
764 1034 959 1089 faciunt
983 1046 1140 1102 quam
1175 1026 1437 1098 possunt?
1470 1024 1643 1093 Ipsum
1672 1017 1904 1074 laudavit

317 1131 618 1200 Scriptura,
652 1128 751 1192 Qui
780 1126 942 1198 potuit
967 1122 1269 1192 transgredi,
1308 1128 1353 1173 et
1398 1133 1498 1171 non
1525 1123 1594 1168 est
1624 1123 1903 1181 transgres-

315 1240 402 1280 sus
425 1237 445 1286 ;
472 1221 557 1291 qui
578 1230 687 1291 post
709 1235 889 1272 aurum
915 1234 1015 1271 non
1043 1215 1161 1268 abiit
1187 1212 1207 1285 (
1229 1212 1385 1265 Ecrli.
1409 1224 1557 1271 xxxi,
1582 1204 1658 1276 8).
1692 1205 1819 1258 Post
1850 1211 1902 1257 te

320 1312 483 1369 debet
526 1311 602 1365 ire
629 1324 836 1371 aurum,
864 1323 970 1361 non
992 1315 1047 1359 tu
1075 1312 1194 1374 post
1214 1314 1419 1356 aurum.
1446 1298 1579 1352 Nam
1603 1298 1795 1351 bonum
1821 1302 1904 1347 est

316 1420 527 1461 aurum.
542 1402 656 1457 Non
674 1402 814 1456 enim
830 1397 1025 1470 aliquid
1040 1396 1160 1451 mali
1178 1393 1373 1448 creavit
1392 1392 1549 1446 Deus.
1570 1389 1646 1443 Tu
1663 1387 1765 1442 noli
1782 1399 1903 1440 esse

316 1495 525 1558 malus;
555 1502 609 1548 et
638 1493 831 1547 bonum
858 1498 941 1546 est
963 1502 1172 1543 aurum.
1202 1485 1340 1540 Ecce
1377 1496 1564 1537 aurum
1594 1494 1733 1549 pono
1766 1478 1904 1531 inter

316 1587 514 1641 bonum
560 1583 831 1637 hominem
872 1589 927 1636 et
974 1579 1190 1634 malum.
1232 1575 1415 1630 .Tollat
1460 1572 1670 1635 malus;
1719 1570 1904 1637 inepes

314 1679 722 1749 opprimuntur;
766 1675 972 1745 iudices
1013 1676 1455 1741 corrumpuntur,
1496 1666 1643 1735 leges
1688 1678 1905 1733 perver-

314 1782 521 1837 tuntur,
555 1787 641 1826 res
685 1771 928 1824 humanm
967 1765 1363 1837 perturbantur.
1409 1760 1584 1827 Quare
1610 1756 1743 1810 hoc?
1772 1753 1903 1820 Quia

313 1880 505 1919 aurum
572 1864 689 1917 tulit
750 1861 942 1915 malus.
998 1858 1172 1915 Tollat
1228 1857 1437 1919 bonus;
1499 1864 1756 1921 pauperes
1809 1862 1905 1916 pa-

314 1967 572 2019 scuntur,
616 1955 743 2009 nudi
796 1953 1114 2015 vestiuntur,
1158 1948 1399 2018 oppressi
1457 1945 1769 2004 liberantur,
1816 1954 1906 1994 ca-

315 2048 446 2119 ptivi
482 2047 834 2103 redimuntur.
877 2044 1084 2112 Quanta
1124 2040 1265 2095 bona
1291 2038 1357 2092 de
1399 2049 1531 2089 auro
1559 2030 1699 2103 quod
1745 2030 1905 2083 habet

314 2118 531 2194 bonus?
559 2145 755 2207 quanta
786 2135 923 2189 mala
951 2134 1018 2187 de
1048 2145 1179 2186 auro
1215 2126 1357 2198 quod
1388 2125 1547 2180 habet
1578 2119 1788 2176 malus?
1818 2118 1904 2173 Ut-

314 2229 444 2298 quid
461 2243 587 2297 ergo
612 2226 789 2282 dicitis
814 2222 1096 2295 aliquando
1112 2218 1428 2275 stomachati
1453 2216 1530 2270 :0
1558 2214 1605 2269 si
1632 2228 1737 2268 non
1759 2218 1905 2267 esset

316 2321 492 2389 ipsum
521 2318 746 2372 aurum?
772 2318 853 2372 Tu
881 2315 989 2370 noli
1018 2328 1201 2368 amare
1224 2324 1438 2364 aurum.
1469 2307 1525 2363 Si
1556 2306 1725 2360 malus
1748 2319 1827 2366 es,
1861 2302 1905 2356 is

317 2419 439 2479 post
455 2424 641 2464 aurum
664 2426 678 2462 :
695 2408 738 2461 si
767 2407 937 2461 bonus
953 2420 1033 2470 es,
1048 2404 1090 2458 it
1114 2410 1235 2472 post
1258 2410 1329 2456 te.
1354 2397 1488 2467 Quid
1504 2405 1606 2460 est,
1621 2396 1662 2450 it
1678 2402 1793 2464 post
1812 2400 1863 2448 te
1882 2392 1905 2445 ?

316 2501 399 2555 Tu
429 2500 599 2562 ducis,
623 2513 727 2553 non
748 2496 960 2552 duceris
984 2514 997 2550 :
1021 2494 1141 2564 quia
1167 2491 1430 2563 possides,
1464 2504 1566 2542 non
1594 2483 1901 2555 possideris.

386 2592 615 2647 CAPUT
653 2591 723 2644 Χ.
752 2620 822 2628 -
846 2589 930 2643 lO.
962 2586 1091 2639 Boni
1117 2585 1246 2637 inter
1275 2583 1435 2638 malos
1460 2581 1514 2633 in
1551 2578 1781 2633 Ecclesia
1806 2592 1906 2629 non

318 2684 518 2738 desunt.
572 2682 749 2736 Massa
779 2679 1030 2734 Candida.
1081 2674 1362 2745 Cyprianus
1404 2672 1614 2725 electum
1666 2683 1902 2739 granum.

317 2778 463 2848 Ergo
504 2776 784 2831 redeamus
808 2773 873 2825 ad
902 2769 1064 2825 verba
1093 2783 1258 2821 sacra:
1290 2765 1600 2833 Scripturm.
1652 2760 1753 2827 Qui
1795 2765 1907 2829 post

318 2884 503 2925 aurum
535 2883 633 2919 non
660 2865 799 2918 abiit.
833 2861 932 2928 Qui
948 2860 1109 2926 potuit
1129 2855 1428 2927 transgredi,
1455 2865 1499 2908 et
1521 2869 1623 2907 non
1646 2860 1717 2905 est
1741 2858 1907 2904 trans—

318 2973 540 3027 gressus.
576 2955 701 3021 Quis
735 2962 805 3007 est
832 2953 932 3016 hic,
967 2960 1011 3004 et
1036 2948 1354 3004 laudabimus
1380 2961 1491 3000 eum
1520 2943 1705 3013 (Eccli.
1737 2957 1861 2995 χχχι
1887 2982 1904 3007 ,

321 3049 465 3121 10⁸2)
500 3047 630 3115 Quis
660 3054 741 3101 est
770 3045 876 3109 hic,
922 3054 1011 3097 aut
1035 3042 1153 3112 quis
1178 3049 1260 3095 est
1285 3038 1409 3092 hic?
1436 3038 1603 3102 Quam
1635 3034 1783 3088 multi
1813 3048 1909 3086 au-

318 3142 475 3197 diunt
507 3160 519 3195 :
552 3149 607 3195 et
643 3140 760 3210 quis
790 3147 872 3194 est
900 3136 1023 3191 hic?
1068 3136 1133 3189 Et
1161 3146 1336 3188 tamen
1365 3131 1504 3185 absit
1529 3137 1587 3183 ut
1625 3128 1907 3196 desperem

319 3249 441 3290 esse
465 3232 554 3288 hic
574 3234 821 3301 aliquem,
848 3231 952 3285 imo
975 3243 1079 3282 non
1105 3227 1356 3295 aliquem,
1386 3222 1479 3278 sed
1506 3221 1732 3291 aliquos.
1755 3218 1909 3273 Absit

319 3336 377 3379 ut
401 3325 473 3381 de
501 3340 623 3380 area
667 3324 795 3379 tanti
836 3319 1233 3392 patrisfamilias
1272 3317 1574 3385 desperem.
1620 3312 1722 3378 Qui
1752 3312 1909 3381 longe

319 3429 504 3470 aream
531 3414 693 3478 videt,
714 3414 881 3469 solam
915 3412 1116 3480 paleam
1146 3416 1294 3477 putat
1326 3424 1338 3458 :
1372 3404 1572 3460 invenit
1605 3418 1790 3473 grana,
1820 3402 1908 3471 qui

321 3506 474 3558 novit
522 3505 801 3573 inspicere.
857 3502 957 3556 Ubi
989 3509 1040 3554 te
1070 3498 1289 3553 olfendit
1314 3497 1488 3565 palea,
1521 3495 1589 3548 ibi
1640 3494 1766 3546 latet
1789 3507 1909 3561 gra-

323 3612 519 3653 norum
582 3611 775 3650 massa.
842 3593 941 3648 Ubi
1006 3600 1057 3645 te
1135 3588 1354 3643 offendit
1416 3585 1557 3656 quod
1619 3582 1911 3639 triturando

325 3690 707 3755 contunditur,
766 3687 835 3742 ibi
899 3694 1016 3748 est,
1070 3682 1211 3752 quod
1269 3680 1452 3734 tritura
1512 3674 1913 3747 purgaturzibi

328 3794 430 3850 est,
478 3791 658 3837 certus
699 3788 848 3842 esto;
903 3776 973 3831 ibi
1009 3784 1109 3829 est.
1165 3774 1444 3828 Postremo
1494 3768 1585 3823 ille
1630 3775 1806 3822 certus
1830 3772 1914 3819 est

329 3878 418 3947 qui
461 3874 760 3938 seminavit,
808 3871 897 3940 qui
942 3867 1180 3932 mchuit,
1233 3864 1323 3934 qui
1362 3862 1428 3917 ad
1466 3875 1645 3915 aream
1693 3873 1915 3927 congre-

329 3966 472 4035 gavit
499 3983 512 4018 :
544 3964 687 4019 novit
718 3962 788 4017 ibi
811 3974 931 4016 esse
953 3957 1092 4013 unde
1118 3956 1368 4010 horreum
1393 3952 1677 4021 repleatur,
1703 3946 1914 4017 quando

329 4056 493 4111 fuerit
515 4055 846 4110 ventilatum.
878 4049 1082 4105 Modica
1104 4047 1500 4117 qualiscumque
1522 4039 1795 4095 ventilatio
1820 4037 1917 4091 fuit

332 4157 573 4218 tempore
594 4142 978 4216 persecutionis
1004 4158 1015 4193 :
1040 4154 1157 4207 quae
1180 4137 1301 4191 inde
1320 4148 1482 4205 grana
1511 4125 1915 4201 processerunt?

334 4236 460 4292 Inde
490 4236 668 4289 ﬂoruit
693 4230 960 4288 Uticencis
990 4228 1156 4282 Massa
1202 4222 1435 4280 Candida
1462 4238 1474 4273 :
1500 4219 1622 4275 inde
1661 4226 1768 4271 tam
1796 4232 1913 4271 ma-

332 4341 494 4396 gnum
520 4334 573 4379 et
602 4324 826 4379 electum
854 4334 1078 4390 granum
1118 4317 1205 4370 hic
1232 4312 1567 4369 beatissimus
1595 4308 1913 4380 Cyprianus.

334 4419 502 4485 Quam
530 4416 679 4471 multi
709 4413 900 4468 divites
932 4420 1054 4466 tunc
1081 4410 1519 4475 contempserunt
1544 4399 1685 4471 quod
1713 4399 1916 4453 habue-

336 4509 498 4566 runt?
528 4508 694 4575 Quam
735 4505 886 4559 multi
916 4514 1177 4572 pauperes
1207 4506 1333 4551 tunc
1360 4496 1411 4548 in
1454 4491 1743 4548 tentatioue
1773 4488 1918 4544 defc-

334 4601 562 4655 cerunt?
593 4599 731 4652 Ecce
775 4598 825 4650 in
856 4595 1149 4649 tentatioue
1177 4591 1287 4653 illa,
1318 4598 1565 4658 tanquam
1609 4586 1659 4639 in
1688 4582 1915 4637 ventila-
2004 4645 2011 4652 _

337 4692 501 4754 tione,
528 4688 779 4743 divitibus
801 4700 904 4738 non
930 4682 1099 4737 obfuit
1121 4681 1316 4736 habere
1338 4692 1524 4732 aurum
1550 4692 1563 4740 ;
1599 4673 1919 4745 pauperibus

334 4780 461 4851 quid
489 4779 683 4849 profuit
706 4792 810 4832 non
845 4776 1045 4829 habere
1069 4771 1293 4827 aurum?
1323 4770 1398 4825 illi
1428 4770 1689 4832 vicerunt,
1723 4767 1795 4821 illi
1825 4765 1918 4819 de-

336 4872 596 4926 fecerunt.

408 4961 634 5017 CAPUT
676 4958 765 5013 XI.
790 4988 857 4998 -—-
880 4959 981 5010 II-
1012 4956 1114 5009 Res
1138 4969 1351 5024 quarum
1376 4961 1447 5006 est
1479 4950 1637 5004 bonus
1676 4956 1720 5002 et
1755 4948 1919 5001 malus

340 5072 480 5109 usus.
522 5053 663 5106 Bona
692 5052 795 5105 alia
827 5049 1069 5102 bonorum
1110 5047 1337 5116 propria,
1376 5045 1478 5098 alia
1511 5043 1650 5097 bouis
1687 5050 1733 5095 et
1771 5041 1917 5094 malis

333 5147 641 5202 communia.
682 5143 797 5198 Non
830 5141 1030 5195 faciunt
1061 5138 1231 5193 bonos
1260 5150 1457 5201 mores,
1489 5134 1588 5189 nisi
1618 5133 1740 5187 boni
1766 5147 1915 5185 amo-

337 5255 441 5293 res.
487 5237 727 5293 Tollalur
771 5247 958 5287 aurum
1006 5230 1072 5285 de
1118 5229 1277 5283 rebus
1321 5226 1611 5282 humanis:
1646 5225 1752 5279 imo
1781 5223 1920 5278 adsit

336 5346 542 5395 aurum,
586 5337 640 5382 ut
686 5326 872 5396 probet
910 5338 997 5378 res
1042 5322 1320 5375 humanas.
1374 5315 1698 5373 Praecidatur
1742 5315 1918 5384 lingua

338 5419 566 5476 Immana
598 5427 814 5488 propter
856 5415 948 5470 Dei
980 5413 1436 5482 blasphematores
1467 5427 1480 5462 :
1513 5418 1566 5463 et
1594 5407 1735 5463 unde
1764 5415 1920 5462 erunt

338 5511 431 5565 Dei
467 5508 810 5565 laudatores?
840 5506 977 5574 Quid
1008 5504 1101 5559 tibi
1132 5502 1258 5558 fecit
1298 5502 1512 5573 lingua?
1540 5500 1620 5555 Sit
1655 5498 1744 5569 qui
1784 5497 1918 5552 bene

400 5626 414 5656 ¹
441 5624 592 5673 editio
613 5627 740 5671 ιρις
761 5620 810 5670 si
824 5632 918 5669 non
940 5616 1133 5678 possum
1143 5620 1295 5666 etnon
1318 5614 1512 5678 faciunt,
1528 5611 1645 5678 quid
1658 5608 1919 5678 reprehen-

338 5671 512 5735 dnntur
529 5671 552 5735 ?
572 5671 655 5733 Inc
678 5690 729 5731 et
750 5681 855 5731 aliis
877 5671 996 5729 inl'ra
1020 5680 1136 5727 locis
1158 5671 1419 5741 castigatur
1439 5671 1509 5726 ad
1524 5671 1724 5727 veteres
1751 5671 1915 5723 libros:

575 5769 798 5828 Ssacr.
842 5768 1116 5825 Auensr.
1155 5762 1229 5822 να

1714 263 1942 321 ΞΕΒΜΟ
1980 262 2217 319 ΩΟΟΧᾙ

3445 270 3583 332 tals

2004 385 2201 445 cantet,
2230 391 2285 435 et
2312 381 2512 436 bonum
2534 391 2616 437 est
2643 396 2917 453 organum.
2954 385 3025 440 Da
3049 394 3281 445 mentem
3304 391 3495 449 bonam
3516 396 3583 451 ad

2006 470 2237 541 linguam
2271 490 2284 526 :
2316 472 2453 528 bona
2501 474 2783 541 dicuntur,
2829 475 3105 535 discordes
3149 482 3572 549 concordantur,

2006 561 2246 631 lugentes
2270 563 2631 631 consolantur,
2657 564 2912 621 luxuriosi
2942 569 3317 640 corripiuntur,
3342 574 3583 633 iracundi

2004 652 2377 720 refrenantur;
2406 656 2545 711 Deus
2573 656 2836 721 laudatur,
2878 658 3121 717 Christus
3144 667 3579 738 commendatur,

2005 760 2155 800 mens
2185 744 2250 799 ad
2275 761 2510 802 amorem
2537 748 2923 817 inﬂammatur;
2953 753 3048 807 scd
3072 752 3327 823 divinum,
3358 773 3461 813 non
3487 759 3586 814 hn-

2006 851 2254 899 manum;
2297 837 2646 906 spiritualem,
2688 855 2792 895 non
2819 841 3110 897 carnalem.
3144 845 3269 900 Haec
3294 847 3430 904 bona
3461 850 3585 906 facit

2009 927 2204 997 lingua.
2236 927 2448 993 Quare?
2475 929 2606 997 Quia
2627 931 2763 986 bona
2784 941 2867 985 est
2888 947 3038 988 mens
3057 948 3176 1003 qua:
3202 937 3363 992 utitur
3382 938 3582 1009 lingua.

2010 1017 2081 1069 Da
2114 1018 2307 1071 malum
2340 1018 2606 1072 hominem
2650 1019 2714 1073 ad
2759 1021 2989 1091 linguam
3024 1040 3038 1075 :
3066 1034 3222 1079 erunt
3250 1025 3587 1097 blasphema-

2009 1118 2171 1176 tores,
2218 1110 2532 1181 litigatures,
2580 1112 3008 1180 calumniatores,
3056 1116 3341 1174 delatores.
3392 1121 3584 1178 Omnia

2008 1200 2144 1254 mala
2171 1200 2237 1255 de
2264 1202 2460 1272 lingua,
2488 1202 2607 1273 quia
2639 1203 2809 1258 malus
2836 1216 2919 1261 est
2943 1208 3030 1277 qui
3060 1208 3224 1265 utitur
3252 1211 3446 1283 lingua.

2077 1291 2300 1349 CAPUT
2315 1293 2424 1347 XII.
2444 1293 2553 1347 Non
2575 1294 2824 1349 tollantur
2837 1308 2920 1353 res
2932 1299 2998 1355 de
3016 1300 3173 1356 rebus
3186 1301 3433 1360 humanis
3451 1323 3463 1358 ε
3479 1307 3588 1363 sint

2006 1398 2110 1447 res,
2144 1392 2199 1438 et
2230 1383 2369 1438 adsit
2406 1400 2534 1439 usus
2573 1400 2750 1439 rerum
2793 1386 3068 1443 bonarum.
3118 1392 3236 1447 Alia
3276 1395 3417 1449 enim
3459 1409 3577 1451 sun-

2006 1477 2166 1543 bona,
2197 1492 2316 1546 qum
2359 1486 2463 1532 nun
2491 1486 2615 1532 sunt
2638 1478 2736 1533 nisi
2764 1478 2815 1533 in
2860 1480 3033 1548 bonis,
3063 1491 3116 1537 et
3144 1484 3246 1540 alia
3275 1495 3400 1542 sunt
3448 1487 3587 1545 bona

2006 1582 2124 1638 qua:
2176 1576 2300 1622 sunt
2357 1570 2659 1624 Communia
2711 1570 2864 1625 bonis
2920 1575 3202 1639 et,malis.
3266 1577 3409 1632 Bona
3466 1596 3588 1650 qua:

2009 1673 2115 1713 non
2141 1668 2267 1713 sunt
2286 1659 2387 1713 nisi
2418 1660 2468 1713 in
2498 1659 2670 1724 bonis,
2700 1660 2887 1729 pietas,
2918 1660 3069 1727 ﬁdes,
3087 1663 3311 1735 iustitia,
3347 1671 3585 1736 castitas,

2008 1748 2308 1818 prudentia,
2342 1748 2621 1812 modestia,
2651 1749 2901 1817 Charitas,
2948 1760 3003 1807 et
3030 1762 3224 1809 caetera
3260 1736 3586 1826 huiusmodi.

2008 1841 2153 1895 Bona
2191 1856 2310 1910 quae
2348 1850 2471 1895 sunt
2498 1844 2797 1897 communia
2838 1844 2990 1899 bonis
3031 1854 3086 1901 et
3112 1846 3283 1915 malis,
3322 1852 3541 1921 pecunia
3569 1894 3585 1921 ,

2009 1931 2203 1996 honor,
2225 1931 2381 2001 hujus
2401 1931 2583 1985 smculi
2606 1942 2858 2001 potestas,
2881 1935 3289 2006 administratio,
3308 1941 3451 1996 salus
3478 1942 3589 2013 ipsa

2008 2024 2268 2091 corporis.
2310 2022 2381 2076 Et
2406 2021 2520 2076 hare
2544 2022 2681 2078 bona
2710 2034 2853 2091 sunt,
2894 2027 2987 2080 sed
3018 2028 3186 2084 bonos
3211 2040 3476 2100 quazrunt.

2078 2111 2304 2167 CAPUT
2342 2111 2480 2166 XIII.
2499 2140 2571 2152 -—-
2591 2113 2678 2167 η.
2720 2113 2822 2169 Cur
2840 2124 2884 2169 et
2905 2116 3053 2171 malis
3072 2117 3259 2173 dantur
3278 2138 3308 2173 a
3331 2120 3438 2177 Deo
3457 2122 3591 2178 bona

2009 2202 2324 2273 lemporalia.
2374 2203 2493 2258 Jam
2544 2202 2632 2257 hic
2681 2217 3040 2260 murmurator
3091 2207 3216 2273 ille,
3262 2210 3350 2279 qui
3404 2212 3593 2281 qttazrlt

2009 2301 2221 2362 Semper
2245 2293 2385 2363 quod
2412 2293 2791 2361 reprehendat;
2819 2304 2872 2349 et
2899 2296 2998 2351 hoc
3032 2296 3082 2350 in
3111 2299 3247 2364 Deo;
3273 2300 3362 2369 qui
3386 2303 3591 2358 utinam

2008 2384 2073 2438 ad
2113 2400 2169 2439 se
2204 2384 2421 2448 rediret,
2449 2399 2508 2439 se
2535 2384 2758 2451 videret,
2786 2399 2844 2439 se
2873 2387 3311 2455 reprehenderet,
3339 2404 3397 2444 se
3425 2392 3593 2446 corri-

2008 2485 2197 2547 geret:
2233 2477 2321 2530 ille
2368 2488 2494 2546 ergo
2535 2476 2889 2544 reprehensor
2931 2484 2985 2531 et
3023 2488 3421 2547 argumentatur
3464 2494 3591 2538 mox

2010 2566 2140 2620 mihi
2170 2566 2470 2635 objecturus
2507 2575 2590 2620 est
2619 2566 2671 2619 in
2705 2567 2934 2633 Deo,‘F.t
2962 2582 3124 2637 quare
3160 2570 3319 2636 Deus,
3356 2572 3445 2642 qui
3470 2588 3593 2628 om-

2010 2658 2095 2711 nia
2122 2659 2398 2727 gubernat,
2428 2657 2563 2711 bona
2594 2657 2694 2711 ista
2722 2656 2811 2711 dat
2832 2658 3030 2713 malis?
3058 2658 3173 2713 Non
3202 2660 3289 2713 illa
3312 2661 3464 2717 daret
3490 2663 3593 2718 nisi

2009 2746 2182 2802 bonis.
2216 2747 2506 2816 Exspectas
2526 2761 2555 2800 a
2583 2760 2669 2802 me
2698 2747 2885 2802 audire
2912 2738 3194 2803 consilium
3221 2751 3355 2806 Dei?
3381 2752 3528 2820 Quis,
3558 2770 3592 2809 a

2010 2853 2131 2906 quo,
2161 2844 2215 2891 et
2240 2836 2404 2906 quid?
2434 2836 2633 2891 Tamen
2661 2837 2949 2892 secundum
2977 2855 3178 2906 meum,
3220 2853 3471 2910 quantum
3496 2860 3591 2899 ca-

2012 2928 2117 2998 pio,
2146 2936 2399 2999 quantum
2426 2928 2628 2984 donare
2655 2929 2920 2999 dignatur,
2962 2931 3137 2985 indico
3163 2931 3278 3001 tibi,
3307 2934 3447 3004 quod
3482 2934 3594 2990 for-

2011 3029 2150 3074 tasse
2174 3035 2278 3074 non
2304 3020 2530 3074 sufficiat
2554 3021 2668 3086 tibi,
2696 3020 2791 3075 sed
2816 3032 2897 3076 est
2916 3021 3000 3076 hic
3024 3023 3216 3093 aliquis
3235 3024 3321 3079 cui
3342 3025 3588 3081 sufﬁciat.

2010 3114 2150 3183 Ergo
2193 3122 2401 3193 cantem
2432 3131 2445 3168 :
2473 3128 2578 3167 non
2605 3113 2747 3167 enim
2787 3129 2912 3168 vere
2956 3114 3007 3167 in
3041 3115 3139 3169 ista
3167 3124 3309 3170 tanta
3350 3117 3591 3173 multitu-

2011 3203 2135 3258 dine
2153 3203 2348 3274 poterit
2366 3202 2497 3257 mihi
2522 3203 2708 3257 deesse
2724 3202 2815 3271 qui
2836 3203 3011 3258 saltet.
3037 3204 3176 3260 Ecce
3194 3206 3336 3271 audi,
3356 3208 3590 3276 sapiens,

2012 3293 2106 3349 sed
2135 3309 2164 3347 a
2208 3293 2479 3348 contrario
2513 3310 2527 3347 :
2558 3292 2699 3347 audi.
2732 3293 2885 3361 Quod
2926 3294 3023 3348 ista
3054 3295 3188 3348 bona
3234 3296 3324 3351 dat
3363 3297 3502 3350 Deus
3539 3306 3595 3353 et

2012 3383 2189 3448 malis,
2218 3382 2262 3437 si
2290 3384 2422 3436 velis
2464 3383 2777 3451 intelligere,
2810 3384 3039 3437 eruditio
3066 3393 3151 3437 tua
3184 3395 3285 3452 est,
3330 3402 3435 3440 non
3470 3401 3593 3455 per-

2012 3476 2234 3530 versitas
2256 3475 2369 3529 Dei.
2399 3473 2585 3528 Adhuc
2611 3474 2723 3530 scio
2746 3484 2795 3529 te
2813 3490 2916 3528 non
2947 3476 3274 3533 Intellexisse
3288 3478 3429 3548 quod
3451 3478 3592 3533 dixi:

2012 3566 2134 3621 audi
2163 3581 2289 3635 ergo
2318 3564 2456 3635 quod
2486 3565 2747 3630 diecbam,
2778 3565 2865 3620 ille
2890 3566 2973 3621 cui
3002 3566 3263 3634 dicebam,
3291 3569 3379 3638 qui
3408 3584 3597 3640 repre-

2013 3656 2205 3712 hendis
2229 3657 2392 3710 Deum
2415 3663 2468 3709 et
2486 3670 2703 3710 accusas
2731 3655 2916 3720 Deum,
2941 3657 3059 3727 quia
3088 3658 3225 3713 bona
3254 3659 3352 3714 ista
3380 3668 3594 3714 terrena

2014 3754 2069 3800 et
2098 3745 2403 3814 temporalia
2431 3744 2519 3798 dat
2544 3748 2701 3799 etiam
2731 3747 3031 3800 hominibus
3056 3748 3230 3814 malls,
3257 3763 3375 3818 quas
3402 3764 3597 3805 secun-

2016 3836 2141 3891 dum
2180 3851 2394 3891 sensum
2426 3845 2571 3889 tuum
2600 3844 2751 3904 putas
2774 3852 2877 3890 non
2907 3836 3036 3891 dare
3065 3837 3311 3893 debuisse
3340 3839 3441 3893 nisi
3468 3840 3596 3895 solis

2016 3927 2189 3983 bonis.
2222 3927 2357 3982 Hinc
2371 3927 2512 3982 enim
2537 3936 2620 3981 est
2651 3926 2789 3983 unde
2809 3927 3121 3997 quibusdam
3143 3928 3407 3999 subrepsit
3424 3930 3597 3987 letalis

2018 4016 2281 4087 impietas,
2324 4025 2384 4071 ut
2411 4016 2626 4070 omnino
2651 4016 2873 4071 credant
2899 4017 3063 4071 Deum
3095 4032 3199 4072 non
3238 4020 3477 4089 aspicere
3506 4037 3594 4077 res

2018 4108 2297 4162 humanas.
2355 4107 2545 4162 Dicunt
2586 4106 2729 4161 enim
2774 4115 2828 4161 et
2873 4107 3143 4176 disputant
3175 4126 3186 4160 :
3218 4107 3518 4180 Numquid,
3549 4111 3596 4166 si

2020 4200 2163 4255 Deus
2187 4213 2274 4255 res
2314 4200 2571 4253 humanas
2600 4196 2916 4262 attenderet,
2963 4197 3184 4253 haberet
3229 4199 3318 4255 ille
3344 4199 3556 4255 divitias
3584 4236 3600 4265 ,

2021 4291 2239 4345 haberet
2279 4291 2375 4345 ille;
2404 4289 2654 4354 honores,
2699 4288 2919 4344 haberet
2965 4290 3055 4346 ille
3099 4292 3452 4360 potestatem?
3479 4291 3597 4347 Non

2020 4394 2168 4439 curat
2207 4383 2346 4437 Deus
2384 4381 2751 4437 res‘humanas
2782 4397 2796 4434 :
2829 4396 2948 4435 nam
2986 4381 3032 4437 si
3060 4391 3290 4447 curaret,
3321 4382 3420 4438 ista
3448 4383 3575 4439 solis

2019 4473 2172 4528 bonis
2201 4473 2367 4527 daret.
3662 4521 3669 4544 1

2091 4564 2316 4620 CAPUT
2355 4563 2494 4618 XIV.
2516 4565 2691 4620 -15,
2735 4562 2861 4617 Ideo
2885 4573 2932 4618 et
2956 4564 3103 4619 malis
3138 4563 3344 4629 dantur,
3378 4572 3431 4617 ut
3457 4576 3488 4618 tt
3513 4563 3603 4618 lto-'

2022 4658 2099 4712 nis
2123 4666 2521 4721 contemnantur,
2554 4666 2598 4710 et
2626 4656 2834 4710 meliora
2862 4666 3169 4723 quarrantur.
3216 4654 3419 4709 Divitiis
3452 4656 3604 4726 quale

2012 4749 2224 4815 ,bonum.
2256 4748 2401 4803 Redi
2430 4747 2496 4801 ad
2534 4762 2647 4811 cor,
2679 4754 2734 4801 et
2775 4746 2895 4800 inde
2920 4745 2985 4799 ad
3020 4745 3208 4799 Deum.
3241 4744 3318 4799 De
3357 4746 3601 4815 proximo

2022 4839 2162 4892 enim
2200 4838 2341 4892 redis
2379 4837 2445 4891 ad
2476 4837 2665 4901 Deum,
2713 4836 2756 4889 si
2788 4835 3009 4890 redieris
3028 4833 3100 4889 ad
3127 4848 3220 4889 cor
3248 4842 3415 4888 tuum.
3466 4834 3599 4890 Nam

2023 4924 2253 4997 quando'
2270 4936 2320 4981 te
2346 4927 2443 4980 ista
2472 4926 2764 4987 oll‘endunt,
2794 4924 3030 4979 existi'et
3070 4940 3101 4978 a
3128 4934 3183 4979 te
3209 4942 3222 4977 :
3250 4926 3399 4980 exsul
3430 4926 3601 4981 factus

2022 5034 2080 5072 es
2106 5019 2334 5086 pectoris
2361 5019 2452 5071 tui.
2484 5017 2712 5072 Moveris
2741 5016 2899 5070 rebus
2916 5026 3047 5082 Aqua?
3070 5023 3195 5070 sunt
3225 5016 3351 5071 foris
3382 5032 3413 5071 a
3444 5026 3514 5083 te,
3547 5026 3602 5072 et

2025 5109 2200 5177 perdis
2225 5118 2293 5163 te.
2327 5108 2405 5162 Tu
2436 5109 2576 5162 intus
2606 5123 2684 5171 es,
2712 5109 2809 5160 ista
2848 5105 2976 5160 foris
2999 5106 3280 5176 adjacent;
3308 5106 3436 5161 foris
3462 5106 3603 5163 bona

2023 5209 2165 5264 sunt,
2202 5199 2294 5253 sed
2316 5198 2446 5253 foris
2475 5206 2617 5252 sunt.
2650 5199 2873 5263 Aurum,
2906 5206 3204 5267 argentum,
3233 5196 3409 5251 omnis
3435 5210 3600 5266 pecu-

1983 5317 1987 5321 ~
2024 5292 2131 5356 nia,
2159 5290 2342 5354 vestis,
2372 5288 2639 5350 clientela,
2673 5286 2903 5353 familiae,
2936 5302 3147 5357 pecora,
3194 5288 3444 5351 honores,
3470 5285 3600 5343 {oris

2023 5391 2164 5436 sunt.
2194 5382 2247 5437 Si
2275 5382 2374 5436 ista
2410 5381 2546 5445 bona
2575 5379 2773 5446 infima,
2805 5372 2939 5433 bona
2965 5387 3192 5443 terrena,
3227 5378 3363 5433 bona
3392 5388 3599 5448 tempo-

2024 5474 2190 5539 ralia,
2238 5474 2375 5526 bona
2421 5472 2740 5533 transitoria,
2788 5486 2894 5523 non
2941 5469 3269 5524 donarentur
3310 5478 3367 5523 et
3402 5468 3555 5522 malis
3582 5498 3601 5537 ς

2025 5580 2214 5635 magna
2241 5564 2587 5620 crederentur
2613 5579 2642 5617 a
2674 5563 2844 5617 bonis.
2878 5561 3020 5631 Ergo
3050 5560 3191 5615 Deus
3220 5558 3308 5629 qui
3336 5557 3427 5614 dat
3447 5558 3603 5613 malis

2026 5661 2127 5716 ista
2157 5656 2315 5721 bona,
2348 5665 2398 5709 te
2422 5654 2578 5711 docet
2605 5654 2983 5723 concupiscere
3012 5650 3249 5705 meliora.
3292 5648 3432 5705 Ecce
3454 5648 3593 5719 dico,

2781 5741 3366 5825 {Quarunte—cinq.)
