4036 6440
499 320 636 376 HI!)

495 433 597 487 ista
641 428 1004 487 moderatione
1034 439 1212 481 rerum
1256 424 1604 478 humanarum
1647 421 1872 491 quodam
1919 421 2076 476 modo

496 533 550 580 te
569 520 852 590 alloquitur
879 517 1020 574 Deus
1056 523 1206 585 pater
1235 523 1357 572 tuus
1389 529 1403 567 :
1431 523 1485 568 et
1511 514 1656 581 quasi
1687 525 1908 581 puerum
1933 511 2078 566 desi-

497 614 730 683 pieutem
749 608 908 677 docet
935 606 1021 681 his
1046 605 1243 672 verbis,
1267 619 1406 674 quin,
1433 602 1574 661 sicut
1598 617 1832 672 possum,
1863 600 2079 670 profero

496 701 564 757 ad
592 710 664 764 te,
692 696 1136 763 tanto-fidentius,
1165 703 1362 764 quanto
1388 693 1554 763 magis
1587 693 1673 752 ille
1697 692 1943 762 dignatur
1970 706 2082 750 ma-

495 765 628 850 nere
657 792 710 847 in
736 805 842 846 me.
873 788 1151 844 Constitue
1179 786 1270 841 tibi
1296 785 1475 842 dicere
1506 786 1693 850 Deum,
1718 785 1807 854 qui
1835 792 1890 841 te
1917 799 2080 840 reno-

495 885 639 939 vavit
667 895 720 939 et
747 879 1014 953 adoptavit
1043 897 1056 932 :
1086 879 1130 935 0
1158 877 1252 944 ﬁli,
1278 878 1405 948 quid
1429 886 1511 938 est
1537 876 1677 946 quod
1703 875 1938 946 quotidie
1962 891 2083 977 sur-

495 976 598 1045 gis,
624 983 678 1046 et
702 988 843 1039 oras,
885 982 939 1026 et
963 985 1103 1041 genu
1131 969 1264 1040 figis,
1291 977 1350 1023 et
1376 968 1552 1028 fronte
1567 974 1778 1068 terram
1788 968 2038 1068 percutis
2061 1007 2076 1032 ,

497 1043 552 1124 et
576 1043 860 1138 aliquando
888 1065 1051 1120 etiam
1097 1059 1426 1131 lacrymaris,
1469 1067 1524 1113 et
1544 1057 1840 1158 ‘mibi
1915 1056 2081 1158 IPat-er

497 1135 676 1222 meus,
698 1135 840 1214 Deus
869 1170 1041 1222 meus,
1071 1153 1137 1208 da
1162 1152 1292 1208 mihi
1319 1150 1568 1206 divitias?
1598 1149 1654 1205 Si
1683 1149 1806 1205 dem
1837 1149 1950 1215 tibi,
1983 1147 2081 1204 ali-

498 1249 624 1318 quid
653 1247 776 1306 houi
803 1256 853 1301 te
892 1255 1065 1315 putas,
1091 1254 1144 1316 et
1167 1242 1342 1313 magni
1380 1241 1650 1311 adeptum.

526 1370 530 1375 ι
568 1337 794 1396 CAPUT
834 1335 950 1396 XV.
989 1366 1062 1376 —
1097 1335 1231 1402 Quia
1276 1333 1474 1403 petisti,
1506 1330 1758 1402 accepisti
1790 1349 1802 1384 :
1836 1344 1963 1386 ecce
1999 1327 2081 1384 fac

501 1431 627 1488 inde
666 1431 822 1488 bene.
854 1430 1152 1498 Antequam
1175 1425 1422 1490 haberes,
1451 1423 1667 1478 humilis
1692 1437 1813 1478 eras
1841 1440 1854 1476 :
1886 1421 2082 1476 habere

499 1522 712 1585 divitias
737 1521 966 1591 ccepisti,
999 1529 1054 1575 et
1077 1531 1340 1588 pauperes
1365 1515 1753 1613 contempsisti.
1784 1514 1952 1580 Quale
1982 1512 2080 1613 bo-

499 1629 626 1667 num
655 1619 759 1678 est,
789 1611 929 1672 unde
954 1609 1103 1680 pejor
1143 1608 1312 1664 factus
1341 1622 1398 1664 es
1416 1607 1441 1659 ‘t
1466 1606 1623 1676 Pejor
1650 1604 1818 1660 factus
1846 1618 1925 1670 es,
1958 1604 2080 1703 quia

499 1704 671 1771 malus
693 1717 813 1758 eras
845 1719 857 1757 :
886 1699 1093 1770 etquid
1122 1707 1173 1756 te
1203 1698 1438 1771 pejoretn
1466 1707 1644 1766 posset
1670 1694 1848 1752 facere
1871 1694 2081 1748 nescie-

498 1761 627 1862 bas;
657 1795 778 1850 ideo
821 1794 935 1847 haec
960 1761 1001 1845 τι.
1019 1806 1106 1848 me
1133 1761 1372 1860 petebas.
1421 1761 1574 1854 Dedi,
1621 1795 1676 1841 et
1703 1785 1921 1856 probavi
1952 1801 1966 1838 :
1997 1784 2081 1838 in-

499 1885 713 1950 venisti,
739 1893 794 1938 et
819 1884 1063 1938 iuventus
1087 1896 1166 1935 es.
1201 1879 1423 1934 Latebas
1451 1878 1662 1947 quando
1690 1892 1794 1932 non
1823 1875 2076 1937 habebas.

499 1977 777 2047 Corrigere
807 1993 819 2028 :
848 1988 1035 2034 evome
1055 1970 1418 2043 cupiditatem,
1443 1970 1564 2024 bibe
1581 1968 1914 2023 charitatem.
1941 1965 2080 2034 Quid
2147 1967 2156 1981 ‘

499 2076 583 2122 est
609 2080 854 2135 magnum
883 2063 1024 2134 quod
1053 2077 1084 2116 a
1127 2077 1214 2116 me
1251 2061 1407 2132 petis,
1435 2059 1564 2120 dicit
1601 2058 1697 2119 tibi
1736 2059 1876 2118 Deus
1919 2055 2080 2110 tuus?

498 2158 616 2213 Non
643 2158 794 2212 vides
826 2156 1017 2224 quibus
1044 2169 1104 2208 ea
1135 2150 1413 2214 dederim?
1443 2167 1549 2210 non
1577 2149 1726 2249 vides
1749 2147 2080 2249 qualibusca

498 2245 780 2306 dederim?
818 2244 874 2301 Si
904 2259 1150 2314 magnum
1179 2243 1376 2298 bonum
1401 2251 1543 2296 esset
1567 2239 1708 2310 quod
1735 2256 1763 2292 a
1793 2255 1877 2294 me
1905 2239 2039 2308 petis
2060 2277 2077 2304 ,

499 2338 722 2400 haberet
739 2336 840 2392 hoc
861 2335 1038 2390 latro?
1067 2333 1284 2388 haberet
1304 2331 1405 2386 hoc
1433 2330 1710 2400 periit-los?
1741 2330 1959 2386 haberet
1981 2327 2084 2383 hoc

497 2426 897 2498 hlasphemator
918 2423 1107 2480 meus?
1123 2423 1342 2476 haberet
1369 2423 1471 2476 hoc
1495 2419 1706 2483 infamis
1727 2419 1960 2474 mimus?
1991 2418 2082 2472 ha-

497 2518 650 2581 beret
669 2518 920 2573 meretrix
946 2515 1258 2586 impudica?
1284 2514 1348 2569 lli
1376 2529 1563 2567 omnes
1592 2513 1847 2573 haberent
1867 2527 2077 2578 aurum,

498 2611 544 2666 si
571 2625 820 2682 magnum
850 2609 1048 2666 bonum
1081 2615 1224 2666 esset
1247 2622 1436 2670 aurum
1456 2606 1481 2658 ?

568 2699 794 2760 CAPUT
831 2698 974 2756 XVI.
1011 2727 1084 2738 -—
1118 2697 1222 2754 Sed
1244 2697 1376 2754 dicis
1401 2695 1530 2756 mihi
1559 2713 1572 2749 :
1595 2694 1710 2752 Non
1733 2702 1962 2763 estergo
1988 2693 2084 2747 bo-

498 2806 624 2847 num
641 2804 830 2844 aurum
850 2787 1000 2843 ἳιιιιο
1027 2788 1223 2844 bonum
1249 2795 1327 2843 est
1343 2801 1552 2841 aurum.
1584 2785 1688 2841 Sed
1717 2785 1854 2845 mala
1884 2784 2083 2842 faciunt

499 2857 728 2938 debona
754 2896 884 2952 auro
909 2880 1032 2938 mali
1061 2897 1074 2933 :
1109 2881 1245 2936 bona
1267 2878 1466 2934 faciunt
1504 2879 1571 2933 de
1615 2879 1756 2936 bono
1782 2893 1912 2950 auro
1931 2877 2077 2934 boni.

500 2972 634 3039 Quia
673 2987 801 3042 ergo
843 2970 992 3026 vides
1026 2971 1218 3041 quibus
1246 2985 1308 3024 ea
1342 2969 1620 3069 dederim;
1652 2969 1870 3024 meliora
1904 2977 2022 3069 pete
2049 2982 2082 3024 ι

496 3078 606 3130 me,
638 3063 837 3132 majora
868 3071 987 3132 pete
1011 3076 1042 3116 a
1068 3076 1188 3127 me;
1233 3060 1526 3130 spiritualia
1555 3068 1677 3127 pete
1713 3075 1744 3114 a
1770 3075 1877 3124 mc,
1909 3060 2081 3128 ipsum

497 3166 587 3206 me
611 3161 730 3220 pete
757 3166 788 3204 a
815 3166 920 3206 me.

568 3238 795 3294 CAPUT
827 3237 1180 3293 XVll.—H.
1223 3235 1451 3298 Mundus
1490 3253 1694 3292 amarus
1731 3236 1896 3306 factus
1919 3239 2082 3292 amari

498 3346 600 3386 non
652 3329 867 3394 desinit;
895 3327 1018 3398 quid
1056 3331 1098 3382 si
1139 3327 1302 3382 dulcis
1339 3336 1487 3382 esset.
1517 3325 1623 3384 Sed
1653 3326 1824 3390 mala,
1869 3327 2076 3396 inquis,

498 3418 628 3474 fiunt
650 3421 704 3474 ia
728 3420 948 3484 mundo,
974 3433 1186 3488 aspera,
1212 3417 1504 3484 immunda,
1527 3417 1730 3480 odiosa.
1757 3417 1955 3488 Foedus
1973 3427 2076 3483 est,

495 3525 604 3574 non
633 3521 860 3566 ametur.
893 3510 1030 3564 Ecce
1077 3509 1195 3563 talis
1221 3517 1303 3562 est
1324 3548 1338 3573 ,
1370 3517 1424 3563 et
1465 3509 1543 3562 sic
1582 3517 1808 3574 amatur.
1844 3509 2079 3573 lluiuosa

496 3570 815 3665 estdomus,
845 3610 898 3656 et
931 3601 1075 3670 piget
1102 3599 1349 3670 migrare.
1376 3598 1572 3654 Matres
1601 3598 1712 3653 sive
1734 3599 1986 3665 nutrices,
2011 3613 2080 3655 ne

495 3695 648 3763 pueri
677 3694 899 3748 multum
937 3701 1124 3762 sugaut
1144 3734 1158 3758 ,
1202 3692 1293 3748 ubi
1319 3706 1414 3747 eos
1446 3692 1799 3761 grandescere
1824 3692 2074 3758 viderint,

495 3793 549 3839 et
576 3800 682 3840 non
721 3785 828 3854 jam
870 3783 1061 3838 decere
1105 3794 1161 3836 ut
1204 3785 1340 3839 lacte
1380 3783 1718 3848 nutriantur,
1751 3783 1870 3838 illos
1900 3793 2075 3838 tamen

495 3875 722 3930 moleste
758 3874 1004 3928 mammis
1042 3873 1268 3939 inhiare,
1299 3874 1673 3932 circumlinunt
1705 3873 1926 3942 papillas
1951 3889 2078 3934 suas

494 3967 671 4035 aliqua
695 3966 1214 4039 amaritudine,_qua
1241 3964 1474 4020 oli‘ensus
1501 3966 1772 4035 parvulus,
1816 3968 1896 4022 lac
1937 3969 2075 4028 ulte-1

496 4060 608 4114 rius
635 4075 739 4114 non
770 4060 1021 4129 requirat.
1051 4059 1185 4124 Quid
1214 4073 1340 4128 ergo
1369 4058 1542 4112 adhuc
1563 4067 1667 4113 tam
1694 4058 2077 4132 delectabiliter.

495 4151 718 4219 Sugitur,
757 4152 802 4204 si
832 4165 1044 4208 amarus
1088 4150 1183 4204 tibi
1211 4150 1380 4206 factus
1411 4159 1494 4204 est
1537 4150 1805 4206 mundus?
1832 4150 2076 4220 implevit

496 4243 637 4298 Deus
655 4241 1091 4297 amaritudinibus
1109 4243 1397 4306 mundum;
1426 4252 1480 4297 et
1506 4241 1678 4296 inhias
1710 4253 1784 4308 tu,
1812 4244 2074 4301 incumbis

497 4344 575 4398 tu,
604 4335 749 4402 sugis
779 4341 868 4395 tu;
902 4348 1007 4387 non
1037 4334 1139 4387 nisi
1182 4334 1303 4401 inde
1327 4334 1533 4409 etiiude
1557 4335 1878 4402 voluptatem
1902 4337 2074 4404 capis;

494 4422 796 4492 Quamdiu?
823 4423 980 4492 Quid,
1006 4424 1052 4478 si
1076 4423 1246 4480 dulcis
1268 4434 1412 4481 esmt
1424 4425 1738 4504 ?.q'uomod.o
1761 4428 2075 4484 amaretur?

493 4513 780 4568 Oll‘endunt
800 4523 852 4568 te
873 4513 1010 4567 ista?
1036 4513 1171 4583 elige
1193 4514 1350 4567 aliam
1373 4509 1560 4568 vitam:
1579 4516 1712 4567 Ama
1736 4515 1921 4581 Deum,
1940 4527 2074 4574 con-2

492 4613 674 4660 temne
721 4605 839 4659 ista.
887 4603 1112 4673 Despice
1154 4618 1242 4659 res
1296 4605 1588 4668 ΙιιιιιιῑιιιιιςἸ
1628 4606 2070 4676 quandocumque

492 4693 618 4749 hinc
649 4695 818 4748 iturus
841 4712 854 4748 :
878 4709 986 4749 non
1010 4693 1153 4749 enim
1184 4693 1271 4748 hic
1301 4695 1771 4770 futurus-semper.
1793 4697 1865 4750 Et
1893 4707 2070 4754 tamen

489 4785 589 4851 sic,
615 4785 882 4855 quomodo
903 4786 1073 4842 malus
1088 4794 1190 4848 est,
1211 4786 1477 4855 quomodo
1495 4801 1708 4842 amarus
1721 4787 2066 4855 estmundus,

488 4877 758 4946 quomodo
785 4876 970 4946 plenus
997 4886 1079 4932 est
1095 4876 1493 4934 calamitatibus
1515 4877 1764 4943 mundus,
1793 4878 1838 4932 si
1866 4879 2067 4935 dictum

489 4965 583 5020 tibi
607 4975 750 5022 esset
771 4980 810 5018 at
831 4965 942 5021 Deo
969 4965 1110 5036 quod
1133 4977 1346 5036 seraper
1373 4965 1460 5021 hic
1485 4979 1654 5033 esses,
1685 4966 1866 5022 laetitia
1887 4977 1937 5024 te
1961 4985 2068 5025 non

490 5069 740 5125 caperes,
766 5055 1064 5112 exsultares
1082 5097 1098 5123 ,
1128 5056 1328 5126 gratias
1355 5069 1562 5126 ageres.
1591 5055 1778 5113 Unde?
1807 5057 1939 5125 Quia
1967 5059 2069 5114 mi-

486 5147 684 5202 seriam
708 5160 813 5202 non
841 5146 1041 5202 linires.
1073 5146 1190 5217 Ipsa
1218 5157 1302 5204 est
1329 5147 1499 5218 major
1527 5147 1827 5216 infelicitas,
1859 5166 1979 5221 qua:
2007 5166 2067 5208 se

487 5236 656 5306 amari
679 5236 841 5307 cogit.
870 5235 1042 5293 Minor
1061 5247 1221 5303 esset,
1251 5238 1296 5294 si
1327 5253 1432 5294 non
1457 5253 1725 5294 amaretur
1749 5258 1762 5294 :
1795 5250 1943 5297 tanto
1969 5256 2066 5312 pe-

487 5325 576 5396 jor
599 5335 702 5393 est,
731 5334 932 5398 quanto
953 5327 1070 5397 plus
1094 5335 1323 5384 amatur.

553 5414 779 5477 CAPUT
819 5412 1007 5472 XVIII.
1040 5446 1114 5459 —-
1161 5418 1248 5473 15.
1299 5416 1760 5479 Tliesaurisandum
1810 5421 1863 5474 in
1917 5421 2062 5476 caelo.

485 5505 701 5561 Sursum
723 5520 828 5560 eor.
860 5506 955 5561 Est
980 5506 1087 5561 alia
1109 5508 1218 5568 vita
1235 5547 1250 5573 ,
1276 5505 1468 5563 fratres
1493 5510 1598 5563 mei
1623 5527 1636 5563 :
1661 5518 1744 5564 est
1775 5518 1894 5579 post
1928 5512 2064 5566 hanc

481 5594 643 5650 vitam
686 5595 788 5650 alia
835 5597 977 5665 vita,
1025 5597 1245 5654 credite.
1295 5598 1378 5653 Ad
1423 5613 1540 5653 eam
1589 5616 1684 5655 vos
1733 5611 2061 5671 praeparate:

483 5693 764 5754 praesentia
803 5695 992 5744 cuncta
1034 5688 1380 5746 contemnite.
1413 5688 1469 5746 Si
1507 5689 1734 5757 habetis,
1777 5691 1911 5748 bene
1941 5692 2064 5748 inde

1718 312 1772 366 S.
1815 309 2181 367 AUCUSTINI
2223 312 2522 370 EPISCOPI

2135 419 2144 428 ’
2188 423 2343 480 facile
2392 444 2404 480 :

3635 333 3656 385 Ι
3668 333 3770 389 120

2461 429 2504 480 si
2559 429 2954 500 nonhabetis,
3009 434 3170 504 nolite
3219 437 3510 507 cupiditate
3561 439 3775 501 lnarde-

2187 532 2355 574 scere.
2385 519 2625 591 Migrate,
2652 523 2935 580 transferte
2958 538 3082 582 ante
3108 543 3200 585 vos
3227 548 3242 586 :
3265 532 3408 600 quod
3430 533 3518 588 hic
3539 533 3772 603 habetis,

2187 606 2313 664 illuc
2339 620 2426 665 eat
2453 629 2557 682 quo
2580 616 2817 670 secuturi
2838 617 3007 673 eritis.
3033 620 3224 676 Audite
3250 624 3534 680 consilium
3561 626 3775 683 Domini

2188 702 2349 756 vestri
2382 719 2394 755 :
2425 701 2510 758 Ne
2537 705 2881 763 tliesaurizetis
2921 711 3054 766 vobis
3095 713 3147 765 in
3193 724 3325 768 terra
3350 758 3366 778 ,
3412 719 3499 772 ubi
3545 720 3682 775 tinea
3726 733 3776 776 et

2186 807 2358 864 terugo
2387 797 2754 864 exterminant,
2784 809 2828 853 et
2853 800 2935 854 ubi
2965 805 3100 874 {ures
3128 804 3374 871 e/fodiunt
3415 819 3462 863 et
3495 810 3775 879 furantur;

2186 884 2276 938 sed
2303 887 2636 944 tliesaurizate
2665 892 2799 947 vobis
2832 894 3121 951 thesaurum
3149 899 3199 952 in
3236 902 3396 978 creto,
3425 920 3524 972 quo
3552 909 3640 976 fur
3670 923 3772 961 non

2185 975 2397 1043 accedit,
2423 993 2521 1047 quo
2550 984 2683 1034 tinea
2709 999 2808 1037 non
2834 989 3127 1057 corrumpit.
3165 988 3260 1044 Ubi
3300 975 3372 1046 est
3399 995 3532 1048 enim
3561 1001 3770 1051 thesau-

2185 1079 2273 1119 rus
2299 1075 2433 1134 tuus,
2463 1069 2534 1122 ibi
2557 1080 2628 1126 est
2653 1081 2701 1126 et
2725 1090 2812 1128 cor
2839 1077 3214 1151 tuumﬂlattlt.
3247 1097 3323 1148 vi,
3359 1083 3572 1154 19-21).
3603 1088 3773 1155 Audis

2186 1158 2440 1227 quotidie,
2469 1160 2630 1218 homo
2656 1163 2848 1233 fidelis,
2874 1167 3096 1224 Sursum
3126 1187 3223 1227 cor
3251 1191 3265 1226 :
3299 1184 3356 1230 et
3383 1178 3532 1246 quasi
3555 1189 3769 1235 eontra-

2187 1247 2322 1302 rium
2351 1251 2554 1316 audias,
2587 1262 2639 1308 tu
2669 1258 2866 1327 mergis
2892 1259 2943 1312 in
2976 1268 3168 1316 terram
3199 1279 3293 1318 cor
3323 1274 3491 1322 tuum.
3523 1269 3769 1341 Migratc.

2188 1337 2404 1394 Habetis
2433 1342 2608 1397 unde?
2634 1343 2792 1402 facite
2815 1347 2970 1404 bene.
3001 1349 3117 1405 Non
3144 1353 3352 1410 habetis
3378 1359 3555 1414 unde?
3578 1337 3771 1418 adver-

2185 1444 2277 1484 sus
2302 1430 2464 1486 Deum
2489 1437 2653 1492 nolite
2671 1453 3024 1497 murmurare.
3053 1445 3246 1502 Audite
3271 1465 3377 1516 me,
3405 1466 3437 1504 ο
3463 1469 3727 1524 pauperes
3750 1474 3767 1511 :

2185 1523 2320 1591 Quid
2364 1543 2469 1582 non
2517 1529 2757 1602 habetis,
2795 1537 2840 1591 si
2871 1537 3037 1594 Deum
3069 1539 3310 1598 habetis?
3345 1548 3540 1604 Audite
3574 1523 3704 1618 me,
3735 1566 3769 1606 o

2185 1615 2375 1673 divites
2403 1639 2416 1674 :
2446 1622 2580 1688 Quid
2609 1624 2833 1697 habetis,
2865 1632 2910 1685 si
2943 1632 3106 1688 Deum
3137 1652 3244 1691 non
3273 1638 3522 1697 habetis?

2641 1757 2866 1816 SERth
2901 1762 3122 1822 cccxu
3149 1771 3164 1792 ·
3193 1769 3288 1844 (ατ).

2566 1877 2619 1918 tn
2641 1872 2786 1923 natali
2807 1875 3022 1940 Cypriani
3042 1884 3286 1957 martyris,
3308 1900 3372 1940 iv.

2255 1986 2479 2046 CAPUT
2527 1992 2804 2052 PRIMUM.
2837 2029 2907 2041 —
2935 2002 2985 2056 1.
3014 2003 3214 2077 Hartyr
3236 2025 3336 2063 non
3362 2011 3540 2083 inipso
3559 2056 3573 2080 ,
3592 2019 3684 2070 sed
3716 2020 3770 2074 tu

2185 2075 2406 2134 Domino
2435 2083 2741 2142 laudandus.
2758 2089 2866 2145 Diei
2900 2101 3002 2147 tam
3022 2075 3167 2165 grati
3191 2098 3404 2170 laetique
3430 2075 3764 2176 solemnitas,

2185 2177 2239 2224 et
2261 2185 2476 2228 corona:
2501 2178 2630 2231 tanti
2657 2179 2900 2254 Martyris
2930 2195 3034 2240 tam
3067 2188 3186 2244 felix
3217 2202 3270 2246 ct
3291 2193 3525 2263 jucunda
3558 2199 3764 2256 festivi-

2185 2270 2286 2327 tas,
2322 2280 2622 2324 sermonem
2665 2286 2696 2326 a
2740 2289 2827 2328 me
2868 2276 3102 2334 debitum
3148 2280 3366 2354 ﬂagitat.
3413 2289 3517 2343 Sed
3567 2300 3766 2348 tantam

2185 2355 2446 2411 sarcinam
2474 2362 2742 2418 orationes
2785 2365 2928 2421 illius
2956 2384 3164 2426 mecum
3192 2383 3435 2444 portant;
3469 2387 3524 2434 ut
3553 2383 3599 2436 si
3641 2386 3767 2453 quid

2185 2444 2362 2500 minus
2386 2464 2543 2517 quam
2570 2451 2812 2521 debetur,
2835 2459 3134 2528 exsolvere,
3164 2480 3270 2519 non
3298 2482 3381 2523 me
3400 2469 3662 2540 despiciat
3688 2475 3768 2529 lo-

2184 2548 2432 2606 quentem
2481 2544 2669 2611 vobis,
2717 2549 2809 2602 sed
2855 2564 3044 2608 omnes
3085 2557 3287 2612 reficiat
3346 2563 3616 2629 precando
3668 2582 3770 2636 pro

2183 2631 2354 2685 vobis.
2404 2632 2614 2690 Faciam
2661 2653 2789 2695 sane
2841 2643 2983 2712 quod
3024 2646 3074 2700 ei
3118 2658 3320 2705 certum
3349 2653 3477 2707 mihi
3516 2665 3603 2710 est

2183 2726 2566 2795 gratissimum,
2613 2737 2670 2784 ut
2697 2749 2818 2788 eum
2843 2734 2897 2789 in
2930 2737 3152 2795 Domino
3177 2741 3406 2811 laudem,
3429 2761 3561 2803 cum
3587 2749 3656 2805 de
3678 2751 3773 2805 illo

2185 2815 2467 2874 Dominum
2523 2822 2696 2880 laudo.
2739 2826 2880 2883 Mitis
2915 2832 3056 2886 enim
3101 2845 3236 2900 erat,
3277 2839 3436 2894 etiam
3475 2858 3601 2898 cum
3645 2847 3772 2903 vitae

2186 2906 2344 2976 hujus
2371 2912 2592 2967 turbida:
2619 2929 2682 2968 ac
2713 2919 3022 2986 procellosa:
3059 2927 3289 2992 pericula
3320 2930 3370 2984 in
3401 2934 3566 2988 variis
3597 2946 3772 2991 tenta-

2186 3000 2417 3056 tionibus
2441 3004 2754 3072 sustinebat,
2782 3019 2835 3064 et
2859 3011 2966 3067 Deo
2984 3023 3201 3072 cantare
3224 3019 3304 3074 vir
3327 3020 3417 3075 ille
3443 3023 3582 3080 bene
3604 3042 3772 3084 nove-

2185 3101 2266 3147 rat
2291 3092 2454 3149 corde
2481 3098 2674 3162 veraci,
2707 3101 2932 3156 Audiant
2957 3109 3238 3176 mansueti,
3269 3120 3316 3165 et
3341 3113 3571 3169 twtentur
3593 3118 3766 3188 (Psal.

2184 3199 2352 3238 xxxiii
2373 3226 2386 3250 ,
2419 3187 2498 3257 3).
2531 3188 2596 3242 Et
2623 3205 2762 3245 nunc
2805 3193 2986 3249 relicta
3019 3205 3156 3252 terra
3185 3201 3545 3270 morientium,
3581 3208 3770 3264 beatus

2185 3280 2418 3346 possidet
2446 3289 2638 3336 terram
2665 3286 2973 3341 viventium.
3005 3289 3101 3345 Hie
3131 3291 3273 3346 enim
3303 3295 3370 3350 de
3399 3297 3505 3351 illis
3530 3311 3668 3366 erat,
3700 3303 3769 3357 de

2182 3371 2371 3439 quibus
2401 3373 2596 3428 dictum
2627 3385 2726 3442 est,
2760 3377 2903 3433 Beati
2932 3383 3102 3448 mites,
3147 3389 3384 3454 quoniam
3410 3390 3514 3458 ipsi
3537 3396 3764 3461 posside-

2183 3462 2304 3515 bunt
2333 3472 2516 3519 terram
2547 3467 2756 3536 (Matth.
2787 3487 2838 3537 ν,
2867 3473 2946 3542 4).
2991 3473 3095 3530 Sed
3123 3493 3278 3547 quam
3310 3489 3534 3550 terram,
3570 3486 3669 3539 nisi
3697 3487 3768 3541 de

2181 3569 2286 3623 qua
2314 3554 2508 3610 dicitur
2539 3559 2667 3625 Deo,
2701 3560 2833 3632 Spes
2860 3581 2968 3618 mea
2991 3581 3044 3620 es
3070 3576 3144 3633 tu,
3178 3573 3341 3639 portio
3384 3591 3496 3628 mea
3536 3578 3589 3630 in
3629 3588 3767 3632 terra

2180 3645 2445 3699 viventium
2471 3646 2638 3719 (Psat.
2671 3666 2807 3717 cxu,
2839 3653 2939 3725 6)?
2967 3658 3069 3711 Αιιι
3097 3659 3141 3713 si
3163 3669 3301 3716 terra
3331 3664 3624 3720 viventium
3655 3685 3764 3724 non

2181 3744 2292 3801 est,
2326 3737 2424 3790 nisi
2450 3753 2648 3810 corpus
2695 3747 3115 3816 resurgentium,
3142 3765 3208 3805 ex
3240 3761 3380 3809 terra
3409 3768 3682 3827 sumptum
3710 3770 3764 3814 et

2181 3825 2232 3878 in
2273 3827 2544 3883 cmlestem
2587 3831 2807 3901 gloriam
2838 3848 3252 3906 commutatum;
3300 3861 3403 3898 non
3454 3848 3544 3902 ille
3587 3851 3765 3905 adhuc

2178 3930 2401 3984 gemens
2425 3918 2480 3973 in
2507 3920 2812 3979 inﬁrmitate
2856 3930 3189 3986 mortalitatis
3217 3933 3394 4004 hujus,
3423 3939 3509 3991 cui
3542 3956 3764 3998 manere

2180 4007 2230 4060 iu
2262 4014 2574 4066 carne‘u‘cin‘
2595 4011 2694 4069 fuit
2721 4017 2998 4084 Optimum,
3029 4021 3124 4076 sed
3153 4029 3512 4082 necessarium
3541 4043 3764 4102 propter

2178 4114 2309 4164 nos;
2349 4102 2443 4156 sed
2472 4107 2678 4160 solutus
2700 4117 2857 4178 atque
2901 4111 3150 4168 liberatus
3177 4131 3207 4169 a
3241 4132 3378 4172 nexu
3422 4129 3480 4174 et
3514 4123 3678 4177 debiti
3704 4135 3762 4178 et

2177 4192 2370 4246 vinculi
2397 4209 2515 4248 cum
2541 4195 2752 4262 Christo
2774 4202 2982 4270 quietus
3022 4217 3293 4275 exspectat
3329 4211 3753 4281 redemptionem

2177 4287 2416 4352 corporis
2461 4287 2561 4340 sui.
2587 4276 2713 4355 5Qui
2756 4294 2896 4346 enim
2939 4296 3071 4350 viva:
3108 4315 3219 4352 sua:
3252 4303 3428 4356 carnis
3460 4308 3755 4363 tentatione

2176 4391 2282 4430 non
2313 4379 2481 4434 victus
2507 4381 2608 4448 est,
2632 4367 2698 4437 de
2719 4387 2939 4452 sepulta:
2965 4392 3297 4458 reparatione
3326 4409 3548 4451 securus
3573 4410 3674 4453 est.

2245 4469 2470 4527 CAPUT
2510 4473 2574 4529 11.
2589 4464 2656 4515 L-
2676 4475 2729 4529 2.
2758 4476 3044 4548 Cyprianus
3063 4485 3224 4551 qualis
3244 4496 3361 4540 ante
3382 4494 3753 4546 conversionem

2173 4561 2242 4612 ad
2262 4562 2431 4629 ﬁdem.
2466 4565 2518 4617 lu
2545 4561 2766 4622 Domino
2785 4585 2912 4640 ergo
2935 4572 3178 4628 laudetur
3202 4578 3376 4633 anima
3405 4581 3543 4649 ejus,
3573 4595 3629 4638 ut
3658 4587 3755 4640 ιιιὶ-

2175 4661 2256 4707 tes
2297 4656 2512 4710 audiant
2559 4668 2611 4712 et
2653 4661 2918 4717 lictentur.
2964 4665 3018 4718 In
3051 4663 3276 4724 Domino
3305 4671 3554 4730 laudetur
3581 4680 3756 4732 anima

2173 4743 2309 4797 bona
2336 4786 2348 4810 ,
2378 4761 2482 4816 qun
2514 4750 2817 4817 possidente
2844 4753 2902 4808 fit
2929 4755 3064 4810 bona
3091 4800 3105 4822 ,
3139 4775 3243 4828 quo
3270 4762 3563 4831 inspirante
3591 4769 3754 4838 viget,

2171 4849 2277 4904 quo
2303 4835 2627 4894 illuminauté
2649 4839 2830 4912 fulget,
2856 4861 2961 4913 quo
2988 4846 3247 4905 forinante
3269 4853 3510 4922 pulchra,
3535 4835 3760 4926 quo—im-

2173 4927 2349 4996 plente
2370 4929 2585 4986 fecunda
2604 4943 2704 4988 est.
2725 4935 2833 4990 Hoc
2853 4939 2994 4992 enim
3013 4939 3312 5012 deserente,
3331 4948 3598 5015 quondam
3622 4967 3761 5004 mor-
3813 4979 3824 5010 ι

2172 5026 2280 5086 tua,
2301 5022 2603 5089 tenebrosa,
2628 5025 2900 5094 deformis,
2923 5032 3120 5086 sterilis
3142 5033 3442 5105 ﬂuctuabat,
3467 5051 3758 5112 antequam

2171 5113 2486 5170 credidisset
2512 5118 2562 5171 iu
2593 5117 2883 5176 Christum.
2914 5124 3048 5191 Quid
3075 5129 3216 5182 enim
3248 5131 3296 5184 ei
3326 5146 3532 5203 pagano
3567 5138 3761 5206 prode-

2171 5215 2253 5257 rat
2281 5205 2604 5276 eloquentia,
2637 5225 2737 5279 qua
2767 5219 3014 5283 tanquam
3043 5219 3232 5286 poculo
3258 5223 3495 5290 pretioso
3524 5205 3579 5280 ct
3608 5227 3762 5282 bibe-

2171 5292 2608 5364 batmortiferos,
2650 5310 2702 5354 et
2748 5301 3062 5371 propinabat
3103 5311 3350 5365 errores?
3394 5313 3528 5368 Cum
3575 5326 3755 5371 autem

2168 5383 2468 5455 benignitas
2499 5398 2552 5442 et
2577 5387 2880 5446 humanitas
2924 5393 3092 5450 illuxit
3134 5397 3427 5458 Salvatoris
3457 5408 3628 5462 nostri
3659 5409 3752 5463 Dei

2173 5473 2298 5544 (Tit,
2327 5491 2406 5542 ιιι,
2429 5477 2505 5549 ι),
2532 5480 2802 5536 mundavit
2825 5497 2948 5538 eum
2975 5486 3278 5546 credentem
3299 5493 3399 5548 sibi
3425 5509 3455 5550 a
3482 5499 3757 5554 seculari-

2231 5649 2557 5719 jEmendatus
2575 5653 2636 5719 ad
2669 5653 2732 5704 cl.
2755 5656 2805 5708 d.
2831 5671 2873 5707 r.
2899 5665 2936 5710 t.
2972 5665 3068 5712 vat.
3107 5675 3149 5713 vi
3181 5671 3231 5716 et
3252 5665 3312 5716 ad
3334 5671 3445 5719 Lor.

2229 5710 2302 5773 (α)
2327 5710 2462 5775 Alias,
2491 5715 2552 5764 de
2576 5717 2784 5769 Diversis
2813 5721 2912 5772 116.
