4108 6326
386 285 404 337 l
429 281 511 338 i‘Zl

384 399 483 453 bus
510 394 901 468 cupiditatibus,
947 404 1001 451 ct
1047 395 1169 452 fecit
1206 407 1301 451 vas
1329 394 1382 449 in
1410 394 1665 449 honorem
1697 392 1827 446 utile
1861 392 1958 444 do-

387 487 495 542 mui
522 502 631 542 sua:
652 528 667 551 ,
700 486 765 541 ad
792 502 949 542 omne
978 501 1111 557 opus
1139 487 1335 540 bonum
1366 494 1604 555 paratum
1637 483 1709 556 (ll
1741 482 1874 536 Tim.
1903 496 1961 547 ιι,

385 579 501 650 2|).
525 578 737 634 Necille
759 588 1005 649 tanquam
1033 577 1408 648 ingratuslncc
1435 577 1615 630 tacuit.
1650 576 1799 630 Absit
1823 574 1962 629 enim

386 681 446 726 ut
471 685 796 740 cognoscens
819 671 981 725 Deum
1010 685 1116 724 non
1144 670 1279 724 sicut
1307 668 1469 721 Deum
1492 666 1811 738 gloriﬁcaret
1835 683 1847 717 :
1873 663 1964 718 sed

384 762 582 832 gratias
607 761 754 831 egit,
789 760 1005 829 pristina
1036 774 1130 814 sua
1174 774 1278 815 non
1323 759 1483 828 impie
1526 758 1809 813 resorbens
1847 770 1965 825 qua:

388 862 680 917 vomuerat,
718 852 809 907 sed
840 853 924 921 pie
955 852 1197 907 recolens
1222 866 1341 922 quce
1372 858 1687 905 mutaverat.
1712 849 1965 903 Scribcns

386 945 527 1000 enim
552 945 617 999 ad
644 945 863 999 amicun.
899 958 1054 999 suum
1076 986 1091 1011 ,
1125 952 1183 997 ut
1208 952 1263 997 et
1306 942 1422 1013 ipse
1449 958 1513 998 ex
1545 941 1796 1005 tenebris,
1825 938 1964 1010 quod

386 1036 577 1091 eratin
601 1051 681 1103 sc,
716 1035 870 1091 ﬁeret
894 1038 983 1093 lux
1010 1035 1061 1091 in
1093 1036 1317 1090 Domino
1349 1051 1363 1087 :
1393 1033 1523 1105 Ego,
1556 1033 1743 1103 inquit.
1774 1047 1882 1085 cum
1913 1031 1966 1083 in

387 1128 599 1182 tenebris
626 1138 774 1197 atque
798 1129 851 1181 in
876 1138 1019 1181 nocte
1045 1142 1177 1180 circa
1213 1126 1456 1197 jacerem,
1507 1138 1716 1193 cumque
1762 1122 1814 1175 in
1857 1120 1966 1175 salo

378 1221 622 1291 jactantis
649 1220 821 1275 surculi
846 1219 1166 1273 nutabundus
1195 1234 1255 1271 ac
1282 1216 1466 1270 dubius
1490 1215 1705 1285 vestigiis
1730 1214 1965 1268 oberran-

386 1310 519 1364 tibus
558 1311 890 1380 fluctuarem,
942 1310 1057 1363 vitte
1099 1324 1222 1363 mea:
1256 1308 1471 1373 nescius,
1512 1308 1733 1361 veritatis
1756 1322 1816 1359 ac
1841 1305 1967 1359 lucis

387 1405 631 1457 alienus.»
666 1404 728 1457 Et
759 1402 913 1473 paulo
941 1412 1059 1471 post
1088 1419 1101 1455 :
1134 1399 1272 1454 Nam
1300 1410 1354 1454 ut
1378 1402 1504 1470 ipse,
1529 1399 1717 1470 inquit,
1739 1397 1967 1467 plurimis

386 1496 502 1549 vita:
527 1511 649 1550 mea:
679 1495 859 1565 prioris
898 1493 1146 1547 erroribus
1188 1492 1475 1564 implicatus
1516 1490 1715 1545 tenebar
1738 1529 1753 1553 ,
1789 1488 1966 1557 quibus

388 1589 505 1643 exui
548 1604 627 1641 me
671 1604 815 1658 posse
840 1603 939 1641 non
980 1586 1265 1652 crederem;
1311 1584 1383 1639 sic
1426 1583 1557 1638 vitiis
1598 1581 1967 1636 adluerentibus

389 1676 732 1731 obsecundans
785 1693 943 1742 eram,
994 1684 1041 1729 et
1084 1674 1429 1745 desperatione
1476 1674 1759 1738 meliorum,
1814 1672 1962 1724 malis

388 1770 510 1823 meis
530 1772 662 1823 velut
672 1770 785 1839 jam
812 1769 1030 1840 propriis
1054 1784 1115 1821 ac
1142 1766 1424 1822 vernaculis
1452 1764 1746 1837 adfavebam
1768 1763 1963 1835 (Epist.

386 1860 441 1927 2,
482 1862 550 1915 ad
576 1861 875 1933 Donatum).

457 1950 541 2007 CA
552 1953 683 2010 PUT
721 1950 806 2009 Ill.
830 1955 969 2010 -—5.
1004 1951 1099 2007 Dei
1122 1952 1287 2025 gratia
1312 1966 1575 2007 conversus
1599 1955 1761 2023 factus
1786 1960 1856 2005 est
1881 1964 1969 2025 ve-v

387 2060 474 2098 rus
502 2043 805 2116 Cyprianus.
851 2046 989 2100 Ecce
1031 2045 1241 2115 qualem
1268 2043 1586 2115 Cyprianum
1612 2040 1853 2096 Christus
1883 2040 1966 2094 in-

388 2136 532 2191 venit
563 2153 575 2188 :
607 2149 733 2191 ecce
763 2134 829 2189 ad
858 2136 1066 2205 qualem
1102 2136 1332 2188 animam
1365 2131 1762 2202 percutiendam
1799 2140 1851 2185 et
1878 2146 1967 2185 sa-

390 2229 620 2284 nandam
657 2228 745 2283 ille
787 2228 1084 2282 eradicator
1119 2236 1174 2281 et
1212 2225 1473 2296 plantator
1512 2223 1757 2279 accessit.
1787 2221 1969 2292 Neque

391 2322 532 2376 enim
560 2320 755 2375 frustra
783 2320 931 2385 dicit,
966 2318 1076 2389 Ego
1102 2318 1347 2380 occidam,
1374 2328 1423 2371 et
1448 2332 1538 2388 ego
1566 2316 1727 2369 vivere
1752 2314 1969 2382 faciam;

388 2426 478 2480 ego
521 2411 834 2480 percutiam,
866 2416 910 2463 et
939 2425 1029 2479 ego
1058 2409 1244 2462 sanabo
1278 2407 1472 2480 (Deut.
1502 2422 1671 2471 xxx",
1694 2404 1800 2475 59)
1833 2423 1845 2457 :
1877 2413 1970 2458 aut

390 2502 582 2555 frustra
616 2501 669 2555 in
696 2498 1002 2555 futurorum
1046 2500 1207 2570 ﬁgura
1236 2500 1302 2554 ad
1326 2498 1611 2554 Jeremiam
1638 2497 1834 2552 dictum
1865 2504 1964 2562 est,

388 2590 522 2645 Ecce
544 2591 779 2645 constitui
806 2600 853 2644 te
881 2589 1030 2645 hodie
1056 2605 1207 2660 super
1233 2600 1400 2661 gentes
1420 2599 1465 2643 et
1490 2604 1666 2659 regna,
1692 2587 1967 2652 eradicure,

388 2693 437 2737 et
488 2680 727 2749 effodere,
782 2692 828 2737 et
880 2682 1107 2753 perdere,
1160 2692 1207 2737 et
1260 2682 1588 2749 retedi/icare,
1644 2690 1692 2734 et
1741 2679 1971 2751 plantare

391 2773 603 2848 (lci-em.
632 2790 668 2839 ι,
701 2773 813 2847 10).
846 2775 1088 2830 Accessit
1116 2788 1243 2844 ergo
1272 2773 1337 2827 ad
1368 2772 1512 2829 illam
1542 2772 1771 2826 animam
1800 2769 1973 2825 eradi-

390 2874 539 2920 cator
568 2874 726 2935 atque
749 2865 1044 2934 plantator;
1071 2872 1125 2919 et
1145 2864 1338 2920 evertit
1365 2872 1598 2919 veterem
1626 2862 1969 2932 Cyprianum,

391 2956 669 3027 positoque
696 2954 767 3010 ibi
793 2954 1136 3011 fundamento
1162 2954 1279 3025 ipso
1307 2968 1386 3019 se,
1424 2968 1621 3008 novum
1652 2950 1971 3024 Cyprianum

392 3046 670 3100 aediﬁcavit
710 3046 761 3100 in
791 3060 873 3113 se,
911 3056 965 3101 et
993 3062 1176 3101 verum
1200 3046 1217 3077 ¹
1261 3045 1582 3115 Cyprianum
1629 3044 1751 3098 fecit
1798 3058 1863 3097 ex
1892 3057 1970 3097 se.

393 3136 602 3193 Christo
630 3121 789 3193 enim,
817 3137 947 3193 dicit
987 3137 1247 3203 Ecclesia,
1299 3134 1484 3190 Botrus
1530 3135 1673 3207 cypri
1717 3132 1975 3203 fratruelis

395 3246 534 3284 utens
556 3228 728 3300 (Cant.
760 3246 797 3295 ι,
828 3227 936 3302 l3).
960 3228 1182 3296 Quando
1209 3242 1337 3298 ergo
1362 3228 1448 3281 ille
1471 3226 1638 3281 factus
1666 3233 1748 3281 est
1766 3241 1796 3279 a
1822 3222 1977 3279 Chri-

395 3330 478 3375 sto
506 3321 1148 3384 christianus,tuncvere
1193 3319 1360 3373 factus
1400 3325 1482 3372 est
1528 3318 1690 3371 etiam
1736 3330 1764 3368 a
1812 3329 1976 3385 cypro

396 3414 709 3484 Cyprianus.
726 3411 924 3467 Christi
946 3410 1087 3465 enhn
1109 3412 1280 3465 bonus
1302 3407 1435 3463 odor
1455 3406 1624 3461 factus
1645 3414 1727 3460 est
1753 3406 1808 3459 in
1833 3405 1978 3458 omni

397 3504 538 3567 loco,
569 3503 708 3558 sicut
734 3504 810 3556 ait
837 3499 1108 3571 apostolus
1153 3500 1343 3554 Paulus
1376 3517 1389 3553 :
1420 3498 1509 3568 qui
1540 3498 1699 3552 etiam
1731 3496 1842 3565 ipse
1881 3494 1978 3548 de-

398 3606 632 3651 structus
658 3602 740 3648 cst
770 3601 1098 3663 persecutor,
1128 3600 1181 3646 et
1205 3590 1496 3645 tedilicatus
1522 3596 1604 3643 est
1642 3586 1977 3657 prtedicator.

401 3687 606 3752 Christi,
638 3684 826 3756 inquit,
858 3686 1013 3738 bonus
1038 3689 1163 3737 odor
1193 3697 1365 3735 sumus
1393 3677 1501 3733 Deo
1525 3679 1576 3733 in
1605 3678 1742 3731 omni
1771 3677 1902 3742 loco,
1935 3680 1982 3730 et

400 3779 453 3831 in
482 3778 543 3831 iis
567 3776 653 3847 qui
675 3773 801 3831 salvi
829 3775 957 3845 [iant
975 3812 992 3841 ,
1018 3784 1061 3827 et
1084 3774 1137 3828 in
1165 3773 1227 3826 iis
1253 3773 1337 3843 qui
1363 3778 1570 3843 pereunt
1601 3786 1618 3823 :
1642 3770 1757 3823 aliis
1782 3767 1983 3839 quidem

402 3871 528 3923 odor
555 3871 668 3924 vita
696 3870 750 3922 in
781 3868 952 3933 vitam,
980 3867 1095 3921 aliis
1123 3875 1287 3919 autem
1319 3865 1445 3918 odor
1470 3862 1643 3917 mortis
1668 3862 1721 3915 in
1750 3870 1980 3915 mortem.

404 3960 470 4015 Et
499 3961 565 4014 ad
588 3961 694 4015 lnec
717 3962 826 4030 quis
851 3958 1059 4013 idoneus
1080 3956 1145 4027 (ll
1174 3954 1291 4011 Cor.
1312 3970 1369 4020 ιι,
1400 3954 1468 4010 15
1488 3962 1533 4008 et
1556 3952 1688 4024 16)?
1711 3953 1814 4008 Alii
1840 3952 1981 4007 enim

402 4053 725 4122 Cyprianum
756 4049 1011 4105 imitando
1041 4049 1283 4103 vixerunt
1307 4064 1321 4101 :
1345 4046 1433 4101 alii
1459 4045 1721 4117 Cypriane
1747 4042 1985 4098 inviden-

404 4145 473 4199 do
505 4147 794 4214 perierunt.

475 4234 700 4290 CAPUT
739 4234 826 4288 iV.
847 4264 917 4273 —
940 4234 993 4288 4.
1038 4232 1121 4287 Ea;
1161 4231 1348 4303 forensi
1384 4238 1582 4284 oratore
1607 4228 1770 4299 factus
1795 4226 1986 4299 pradi-

406 4338 547 4381 cator
573 4327 775 4380 Christi.
810 4325 885 4379 Illi
914 4325 1051 4390 laus,
1085 4324 1156 4376 illi
1203 4324 1392 4393 gloria,
1435 4321 1525 4392 qui
1565 4320 1795 4374 animam
1843 4316 1988 4373 servi

408 4422 487 4475 sui
518 4436 615 4491 per
663 4418 818 4473 ﬁdem
861 4416 1200 4486 justiﬁcando
1238 4416 1377 4470 eruit
1419 4414 1485 4469 ab
1530 4412 1724 4483 impiis,
1759 4421 1813 4465 et
1865 4408 1990 4464 fecit

410 4509 665 4564 frameam
696 4523 867 4575 suam,
899 4511 999 4562 hoc
1022 4516 1105 4562 est
1129 4505 1358 4576 gladium
1395 4504 1478 4559 his
1513 4512 1759 4564 acutum;
1800 4509 1857 4555 ut
1896 4515 1991 4569 per

410 4604 552 4658 illam
583 4602 811 4671 linguam
841 4600 1058 4655 stultitia
1088 4598 1335 4655 Gentium
1358 4597 1551 4651 nudata
1580 4596 1853 4658 feriretur;
1892 4609 1991 4667 per

414 4708 571 4764 quam
605 4692 749 4760 prius
790 4700 924 4745 tecta
965 4699 1122 4760 atque
1169 4690 1339 4743 velata
1383 4686 1603 4757 pulchra
1648 4685 1990 4756 prudentibus

411 4785 720 4849 videbatur;
752 4792 911 4853 atque
956 4793 1014 4837 ut
1055 4782 1247 4851 eloquii
1295 4790 1399 4834 tam
1444 4779 1636 4833 nobilis
1673 4780 1993 4833 instrumen-

412 4890 545 4944 tum,
566 4882 670 4948 quo
688 4875 916 4930 ruinosis
933 4873 1186 4929 doctrinis
1203 4872 1585 4927 daemoniorum
1603 4870 1812 4940 indigna
1834 4884 1993 4923 orna-

413 4980 591 5025 menta
624 4969 837 5031 ﬁebant,
868 4967 919 5019 in
946 4963 1351 5019 aediﬁcationem
1378 4970 1776 5017 converteretur
1802 4958 1991 5015 Eccle-

414 5060 525 5122 sire,
556 5073 657 5128 qua
682 5064 958 5129 crescente
995 5055 1081 5108 illa
1113 5055 1452 5117 laberentur;
1486 5062 1540 5107 et
1568 5060 1625 5105 ut
1663 5061 1820 5105 tanta!
1847 5051 1993 5105 vocis

414 5152 559 5215 tuba,
605 5166 722 5220 qua:
758 5149 1045 5204 forensium
1102 5147 1498 5202 mendaciorum
1532 5146 1821 5201 certamina
1853 5146 1993 5200 sole-

417 5240 504 5295 bat
548 5256 739 5295 acuere
763 5280 777 5304 ,
807 5239 873 5295 ad
903 5238 1350 5309 prosterneudum
1400 5238 1645 5308 pretiosis
1689 5246 1993 5292 sanctorum

419 5334 678 5387 mortibus
710 5332 979 5389 diabolum
1010 5330 1224 5386 Christo
1258 5331 1545 5385 militantes
1582 5330 1715 5384 etin
1744 5329 1858 5399 ipso
1884 5329 1997 5400 glo-

418 5427 619 5480 riantes
645 5425 867 5480 devotos
893 5430 1156 5492 martyres
1181 5423 1458 5478 excitaret.
1483 5421 1623 5475 Inter
1650 5437 1784 5492 quos
1812 5431 1865 5476 ct
1886 5423 1997 5491 ipse

418 5515 734 5586 Cyprianus,
776 5515 924 5586 cujus
971 5515 1056 5583 pio
1096 5524 1149 5568 ct
1191 5525 1397 5579 sancto,
1426 5528 1532 5566 non
1573 5514 1682 5581 jam
1731 5512 1998 5567 fabulosos

422 5604 593 5659 fumos
621 5616 898 5660 emovente
920 5647 932 5670 ,
963 5604 1056 5659 sed
1086 5604 1346 5659 dominica
1392 5604 1509 5658 luce
1538 5603 1778 5658 radiante
1806 5618 1997 5657 accen-

482 5717 707 5780 ‘Bditi,et
726 5717 915 5770 iterum.
943 5718 1114 5770 melius
1134 5717 1316 5783 aliquot
1340 5719 1465 5779 it$.,
1492 5723 1537 5769 ct
1555 5730 1717 5768 verum
1741 5753 1752 5766 .

1794 270 2016 331 SERMO
2054 271 2293 333 CCCX”.

2578 372 2581 375 Α
3520 287 3655 349 ttat

2070 392 2331 448 debantur
2350 396 2582 467 eloquio,
2617 397 2893 455 moriendo
2935 402 3063 458 vixit
3084 443 3099 470 ,
3125 403 3391 475 judicatus
3413 407 3652 478 judiccm

2070 487 2363 551 superavit.
2413 488 2772 546 adversarium
2815 508 3097 564 percussus
3126 497 3281 565 vicit,
3316 508 3648 572 mortemque

2071 575 2277 632 occisus
2307 581 2517 636 occidit.
2549 584 2647 652 Qui
2670 587 2811 641 enim
2845 586 2894 641 in
2925 588 3051 644 ludo
3078 592 3439 660 perversitatis
3468 594 3654 650 huma-

2071 682 2154 722 nas
2179 676 2233 724 et
2257 684 2406 726 suam
2436 682 2489 728 et
2508 676 2731 731 aliorum
2763 678 2968 749 linguas
2989 679 3242 738 docuerat
3268 684 3408 756 loqui
3435 688 3655 743 menda-

2068 760 2233 827 cium,
2267 772 2324 817 ut
2350 766 2487 835 quod
2517 768 2584 823 ab
2608 770 2916 827 adversario
2935 775 3277 846 objiccretur,
3303 788 3475 836 astuta
3504 781 3654 838 falla-

2071 854 2151 908 cia
2181 864 2485 925 negaretur,
2512 859 2620 929 jam
2652 863 2702 917 in
2729 865 2827 918 alia
2856 865 3035 922 schola
3065 868 3322 926 didicerat
3348 872 3654 931 conﬁtendo

2072 944 2307 1002 devitare
2349 948 2732 1007 adversarium.
2776 955 2877 1011 Ubi
2924 958 3064 1012 enim
3094 959 3288 1016 Christi
3312 979 3503 1021 nomen
3536 967 3652 1022 ini-

2073 1035 2242 1093 micus
2285 1043 2545 1099 convertit
2578 1044 2628 1097 in
2671 1047 2891 1113 crimen,
2925 1049 2995 1104 ibi
3039 1052 3356 1122 supplicium
3400 1055 3651 1116 Christus

2072 1129 2335 1184 convertit
2356 1132 2406 1186 in
2440 1132 2670 1189 laudem.

2141 1218 2367 1277 CAPUT
2396 1222 2459 1277 V.
2487 1254 2559 1265 --
2598 1220 2651 1281 5.
2698 1225 2918 1283 Victoria
2956 1242 3235 1306 martyrum
3280 1236 3343 1292 de
3388 1237 3651 1296 demoniis

2069 1326 2221 1402 quam
2264 1330 2398 1367 nunc
2443 1316 2661 1372 evidens.
2709 1319 2777 1373 Et
2820 1321 2863 1376 si
2910 1322 3084 1379 adhuc
3134 1327 3412 1400 quisquam
3461 1334 3654 1402 quazrit

2072 1400 2207 1456 forte
2232 1404 2351 1473 quis
2382 1405 2583 1473 vicerit,
2612 1418 2666 1462 ut
2690 1409 2928 1465 omittam
2958 1429 3177 1484 regnum
3200 1418 3416 1475 cmleste
3441 1400 3653 1477 sancto-

2073 1507 2210 1560 rum,
2240 1495 2380 1564 quud
2409 1497 2647 1555 inﬁdeles
2674 1501 2893 1558 credere
2918 1504 3100 1560 nolunt
3119 1548 3134 1573 ,
3172 1511 3292 1578 quia
3335 1510 3517 1567 videre
3543 1528 3652 1570 non

2072 1599 2331 1654 possunt;
2358 1606 2497 1645 nunc
2524 1592 2573 1645 in
2596 1593 2695 1648 ista
2718 1602 2875 1660 terra,
2914 1595 2968 1651 in
3007 1598 3104 1655 ista
3147 1600 3273 1666 vita,
3301 1603 3352 1657 in
3378 1604 3648 1674 domibus,

2075 1677 2124 1731 in
2153 1681 2294 1749 agris
2317 1723 2333 1746 ,
2368 1683 2419 1736 in
2445 1684 2746 1742 civitatibus
2771 1688 2823 1743 in
2846 1689 2976 1744 orbe
3015 1700 3273 1748 terrarum
3297 1736 3311 1758 ,
3358 1712 3484 1754 ecce
3525 1708 3654 1757 sunt

2074 1766 2336 1825 ferventes
2374 1774 2704 1832 laudationes
2744 1789 3077 1852 martyrum:
3105 1783 3191 1838 ubi
3237 1796 3360 1841 sunt
3411 1786 3652 1847 furentes

2071 1862 2435 1918 accusationes
2472 1864 2793 1936 impiorum?
2818 1869 2959 1926 Ecce
2996 1874 3442 1942 quemadmodum
3477 1874 3652 1936 hono-

2071 1962 2256 2007 rantur
2290 1956 2560 2012 memoriaa
2602 1972 2997 2031 peremptorum
3019 2006 3034 2031 ,
3064 1981 3205 2022 nunc
3258 1968 3331 2023 illi
3370 1973 3655 2030 ostendant

2072 2040 2209 2095 idola
2228 2042 2629 2103 daemoniorum.
2651 2049 2786 2115 Quid
2804 2052 3177 2122 eisjudicando
3201 2056 3385 2114 facturi
3404 2070 3550 2128 sunt,
3562 2063 3656 2135 qui

2070 2146 2255 2190 eorum
2284 2138 2473 2207 templa
2502 2141 2777 2198 moriendo
2804 2148 3147 2201 everterunt?
3172 2149 3449 2218 Quomodo
3468 2170 3653 2216 eorum

2071 2226 2325 2294 superbas
2345 2227 2578 2284 fallacias
2598 2236 2982 2303 resurgentium
3001 2237 3222 2293 militum
3240 2256 3455 2297 suorum
3476 2245 3656 2314 splen-

2072 2314 2202 2370 dore
2227 2316 2518 2386 damnabit,
2549 2322 2637 2391 qui
2665 2338 2848 2379 eorum
2875 2326 3137 2385 fumantes
3170 2346 3292 2388 aras
3313 2336 3652 2393 morientium

2072 2408 2329 2477 sanguine
2352 2412 2638 2467 exstinxit?

2143 2494 2370 2554 CAPUT
2402 2500 2487 2555 Vl.
2514 2533 2586 2543 --
2611 2504 2664 2561 6.
2689 2505 2975 2578 Cyprianus
2995 2512 3224 2569 doctrina
3250 2525 3298 2570 et
3322 2520 3549 2590 exemplo
3567 2521 3653 2576 in-

2074 2599 2148 2645 ter
2176 2603 2419 2666 martyres
2455 2598 2766 2667 pracetlens.
2802 2601 2967 2659 Locus
2991 2607 3211 2677 sepulcri
3248 2609 3425 2680 ipsius.
3464 2609 3655 2671 Gratia

2074 2681 2315 2745 beneﬁcia
2350 2686 2402 2740 in
2452 2687 2782 2759 Cyprianum.
2828 2690 3083 2750 Unitatcm
3125 2695 3369 2755 Ecclesia:
3409 2714 3655 2771 quantum
3734 2734 3737 2737 η

2075 2771 2249 2828 dilexit
2274 2774 2577 2846 Cyprianus.
2623 2779 2763 2836 Inter
2794 2782 2890 2838 bas
2918 2785 3111 2841 Christi
3142 2787 3378 2859 legiones
3411 2768 3657 2850 beatissi-

2075 2881 2195 2922 mus
2217 2867 2514 2939 Cyprianus
2548 2873 2899 2950 gloriosorum
2928 2880 3226 2946 pratliorum
3262 2881 3450 2938 doctor
3467 2892 3522 2940 et
3540 2885 3657 2954 glo-

2076 2957 2252 3012 riosus
2280 2958 2396 3028 ipse
2433 2963 2735 3031 praeliator,
2763 2966 2832 3020 ita
2864 2969 3004 3038 quod
3040 2969 3272 3027 facturus
3300 2983 3414 3029 erat
3444 2975 3657 3044 docuit,

2078 3056 2132 3104 ct
2155 3050 2294 3119 quod
2319 3050 2573 3108 docuerat
2612 3053 2768 3120 fecit;
2794 3065 2853 3111 ut
2883 3066 2936 3112 et
2962 3058 3013 3113 in
3046 3061 3223 3117 verbis
3253 3063 3495 3120 docentis
3526 3081 3662 3135 prm-

2079 3152 2391 3196 nosccretur
2427 3144 2637 3199 animus
2671 3148 2940 3218 martyris,
2985 3159 3040 3204 et
3082 3151 3137 3205 in
3177 3154 3355 3209 animo
3411 3155 3663 3225 patientis

2079 3246 2589 3307 rccognoscerentur
2626 3239 2787 3294 verba
2822 3240 3075 3297 doctoris.
3117 3243 3251 3299 Non.
3272 3247 3414 3301 enim
3458 3257 3574 3303 erat
3599 3248 3666 3303 si-

2080 3329 2221 3383 milis
2257 3344 2462 3394 corum,
2492 3330 2559 3385 de
2601 3330 2793 3401 quibus
2837 3330 3092 3387 Dominus
3126 3336 3199 3390 ait
3234 3354 3246 3390 :
3282 3337 3410 3401 Qua:
3450 3338 3664 3405 dicunt,

2083 3420 2262 3490 facile;
2292 3435 2405 3490 qua:
2430 3431 2599 3473 autem
2628 3422 2820 3489 faciunt
2845 3462 2859 3488 ,
2909 3422 3065 3476 nolite
3091 3428 3256 3494 facere
3282 3442 3301 3480 :
3326 3427 3496 3480 dicunt
3533 3428 3667 3482 attint

2083 3515 2129 3560 et
2159 3524 2256 3560 non
2278 3509 2471 3578 faciunt
2499 3509 2711 3581 (Matth.
2737 3527 2887 3577 unt,
2917 3513 2997 3582 5).
3032 3512 3130 3567 Iste
3151 3515 3273 3583 quia
3309 3516 3553 3583 credidit,
3582 3517 3665 3571 ιο.

2085 3609 2237 3652 culus
2263 3609 2377 3664 est;
2401 3600 2522 3669 quia
2550 3600 2760 3656 locutus
2784 3612 2867 3656 est
2888 3644 2902 3667 ,
2934 3618 3119 3672 passus
3143 3612 3243 3661 est.
3277 3606 3389 3662 lloc
3417 3624 3545 3679 ergo
3571 3609 3667 3664 do-

2085 3691 2196 3744 cuit
2239 3690 2291 3745 in
2314 3691 2440 3759 vita,
2471 3692 2610 3763 quod
2646 3693 2797 3759 fecit;
2827 3703 2881 3749 et
2922 3695 3026 3751 hoc
3052 3696 3177 3753 fecit
3213 3698 3266 3753 in
3293 3711 3495 3763 morte,
3524 3702 3669 3771 quod

2086 3780 2285 3834 docuit.
2321 3781 2398 3835 Illi
2424 3782 2557 3849 laus,
2590 3780 2663 3837 illi
2690 3783 2853 3854 gloria
2874 3823 2891 3853 ,
2925 3786 3148 3850 Domino
3172 3789 3283 3844 Deo
3312 3792 3529 3859 nostro,
3558 3794 3671 3864 regi

2088 3873 2438 3941 saeculorum,
2462 3876 2686 3929 creatori
2715 3886 2769 3930 et
2802 3878 3091 3933 recreatori
3123 3879 3395 3935 hominum
3416 3922 3432 3949 ,
3456 3883 3542 3953 qui
3574 3898 3673 3938 suo

2091 3964 2182 4018 tali
2203 3963 2437 4020 antistite
2467 3965 2621 4035 hujus
2642 3967 2869 4022 civitatis
2892 3966 3195 4024 Ecclesium
3220 3970 3442 4039 ditavit,
3473 3981 3529 4029 et
3558 3981 3664 4029 tam

2088 4066 2275 4111 sancto
2302 4072 2526 4130 corpore
2564 4058 2721 4129 hujus
2749 4060 2851 4115 loci
2884 4061 3286 4132 amplitudinem
3315 4070 3669 4124 consecravit.

2092 4147 2167 4202 Illi
2197 4149 2325 4212 laus,
2361 4150 2432 4203 illi
2457 4148 2645 4220 gloria,
2667 4150 2758 4220 qui
2786 4150 3030 4222 dignatus
3055 4162 3139 4209 est
3164 4154 3311 4210 illum
3339 4155 3510 4213 virum
3537 4173 3675 4229 prce.

2092 4239 2359 4294 destinare
2406 4240 2542 4294 inter
2588 4250 2803 4297 sanctos
2849 4258 2975 4298 suos
3020 4253 3144 4300 ante
3189 4254 3461 4316 tempora,
3490 4263 3673 4306 creare

2091 4329 2231 4384 inter
2252 4329 2492 4386 homines
2519 4342 2818 4401 opportuno
2849 4341 3087 4405 tempore
3106 4375 3124 4404 ,
3154 4351 3345 4393 vocare
3366 4347 3629 4394 errantem
3654 4382 3671 4407 ,

2093 4422 2353 4480 mundare
2398 4424 2763 4492 sordentem‘,
2810 4425 3040 4482 formare
3091 4428 3434 4497 credentem,
3480 4430 3675 4488 docere

2095 4517 2451 4585 obedientem,
2482 4534 2669 4590 regere
2697 4519 2974 4576 docentem
2995 4560 3011 4587 ,
3036 4520 3289 4590 adjuvare
3317 4533 3634 4592 pugnantem
3656 4565 3673 4592 ,

2095 4624 2356 4665 coronare
2396 4610 2717 4666 vincentem.
2766 4610 2843 4666 illi
2870 4611 2985 4667 laus
3008 4648 3025 4677 ,
3057 4611 3130 4666 illi
3166 4611 3365 4683 gloria,
3406 4612 3497 4683 qui
3534 4613 3677 4670 hunc

2097 4700 2255 4755 talem
2286 4698 2407 4756 fecit
2430 4742 2445 4765 ,
2473 4703 2523 4755 in
2550 4717 2655 4772 quo
2679 4702 2911 4758 maxime
2939 4700 3250 4758 ostenderet
3289 4704 3540 4759 Ecclesia:
3565 4720 3676 4761 sure

2096 4794 2306 4864 quantis
2336 4793 2490 4848 malis
2509 4794 2823 4864 opponenda
2848 4805 2902 4850 et
2925 4794 3138 4865 quantis
3159 4804 3301 4850 esset
3321 4794 3473 4850 bonis
3496 4795 3672 4852 chari-

2100 4895 2179 4938 tas
2214 4883 2567 4953 praeponenda
2587 4926 2601 4949 ,
2631 4894 2684 4941 et
2712 4899 2868 4955 quam
2910 4885 3051 4939 nulla
3078 4895 3223 4941 esset
3258 4884 3490 4941 charitas
3519 4886 3675 4942 Chri-

2098 4977 2254 5031 stiani
2276 5018 2292 5042 ,
2320 4984 2349 5029 a
2374 4991 2479 5046 quo
2517 4960 2623 5032 non
2661 4977 3017 5032 custodiretur
3049 4978 3227 5033 unitas
3263 4976 3481 5035 Christi.
3508 4979 3677 5046 Quam

2103 5067 2181 5121 sic
2209 5067 2298 5122 ille
2319 5066 2534 5134 dilexit,
2566 5077 2697 5122 utet
2738 5068 2893 5121 malis
2932 5083 3029 5138 pro
3052 5068 3311 5125 charitate
3337 5084 3441 5125 non
3490 5085 3679 5140 parce-

2102 5166 2210 5225 ret,
2235 5166 2290 5213 et
2314 5157 2482 5213 malos
2520 5174 2616 5227 pro
2648 5172 2780 5229 pace
2810 5158 3096 5225 toleraret;
3125 5169 3179 5214 et
3207 5159 3343 5215 liber
3368 5159 3423 5215 in
3453 5159 3682 5216 dicendo

2102 5248 2241 5318 quod
2272 5247 2386 5319 ipse
2406 5249 2644 5321 sentiret,
2667 5256 2721 5301 et
2745 5246 2995 5317 paciﬁcus
3022 5248 3075 5303 in
3102 5248 3367 5305 audiendo
3393 5250 3535 5321 quod
3575 5250 3684 5305 fra-

2104 5350 2212 5394 tres
2238 5339 2436 5394 sentire
2463 5348 2829 5408 cognosceret.
2862 5338 3049 5395 Merito
3076 5338 3128 5394 in
3158 5339 3392 5395 Ecclesia
3421 5339 3679 5396 catholica

2104 5431 2238 5484 tanti
2270 5428 2491 5485 honoris
2523 5428 2895 5484 celsitudinem
2933 5424 3165 5495 meruit,
3193 5430 3346 5499 cujus
3371 5429 3680 5485 concordis-

2105 5522 2299 5575 simum
2346 5519 2612 5574 vinculum
2638 5516 2796 5574 tanta
2844 5519 3141 5575 humilitate
3171 5521 3418 5575 servavit.
3448 5521 3665 5590 Quapru

2172 5662 2197 5732 ³.
2487 5658 2564 5708 hic
2609 5664 2660 5708 et
2703 5655 2846 5720 paulo
2888 5654 3011 5708 infra
3053 5658 3374 5707 restituuntur
3417 5670 3479 5707 ex
3526 5667 3687 5706 manu.

2172 5736 2232 5771 ῖιι)
2256 5733 2313 5769 ιδ.

2107 5733 2313 5778 scriptis.
