4036 6444
510 300 539 357 1
550 297 651 355 193

510 422 652 482 pter,
679 411 997 477 charissimi,
1027 422 1134 468 tam
1159 424 1323 485 graue
1349 413 1620 474 festivitati
1643 420 1823 477 debito
1846 439 2095 481 sermone

510 516 609 574 pro
630 503 828 560 viribus
848 505 1117 575 persoluto
1138 547 1156 575 ,
1181 507 1436 565 exhortor
1461 509 1800 568 dilectionem
1843 514 2091 570 devotio-

508 609 741 667 nemque
783 605 1015 653 vestram
1037 639 1052 663 ,
1086 607 1144 653 ut
1184 599 1341 655 istum
1376 600 1517 657 diem
1555 602 1777 660 honeste
1819 620 1884 660 ac
1914 606 2093 662 sobrie

506 702 855 768 peragamus,
878 697 932 743 et
972 688 1079 748 hoc
1108 691 1454 748 exhibeamus
1483 694 1619 761 dici,
1651 711 1757 767 quo
1794 695 2091 768 Cyprianus

503 766 843 835 beatissimus
867 794 1055 851 passus
1082 790 1185 850 est,
1212 782 1353 854 quod
1381 786 1577 840 amavit
1599 797 1654 842 ut
1674 766 1965 858 pateretur.

961 997 1194 1057 SERMO
1217 990 1466 1055 CCCXIII
1486 998 1504 1022 ⁶
1526 994 1626 1069 (a).

905 1116 958 1161 tn
978 1108 1129 1160 satali
1143 1107 1357 1175 Cypriani
1374 1106 1613 1173 martyris,
1637 1119 1688 1157 ν.

573 1212 800 1273 CAPUT
840 1212 1253 1270 PRIMUM.—I.
1285 1210 1527 1283 Cypriani
1559 1208 1794 1265 laudibus
1819 1208 1960 1263 nulla
1984 1208 2085 1263 lin-

500 1321 604 1380 gua
622 1322 719 1380 par
748 1313 839 1360 est.
868 1303 1247 1362 Sanctissimus
1275 1311 1329 1359 et
1368 1300 1789 1357 solemnissimus
1828 1299 1942 1355 dies
1961 1341 1977 1366 ,
2008 1308 2088 1355 at—

502 1413 609 1469 que
655 1398 780 1454 huic
810 1396 1064 1452 Ecclesia:
1096 1401 1411 1451 ornamento
1441 1392 1754 1448 familiarior
1781 1400 1836 1447 et
1862 1392 2085 1464 pnecla-

505 1489 618 1545 rior
639 1530 653 1555 ,
677 1487 1009 1544 lattificaudis
1051 1486 1207 1542 nobis
1235 1485 1521 1541 hodiernus
1556 1483 1727 1538 illuxit
1750 1524 1765 1550 ,
1793 1499 1949 1553 quem
1977 1497 2088 1538 sua:

501 1580 656 1636 nobis
684 1580 851 1651 gloria
879 1577 1142 1650 passionis
1174 1576 1472 1648 Cyprianus
1495 1573 1832 1630 beatissimus
1858 1573 2087 1627 illustra-

500 1671 596 1727 vit.
625 1670 789 1742 Cujus
817 1669 1099 1727 revercudi
1136 1668 1373 1739 episcopi
1419 1674 1475 1723 et
1512 1664 1803 1722 venerandi
1838 1664 2086 1736 martyris

500 1763 744 1819 laudibus
775 1762 920 1818 nulla
940 1761 1117 1833 lingua
1141 1758 1411 1815 sufficeret
1430 1797 1445 1823 ,
1471 1773 1573 1813 nec
1598 1757 1644 1811 si
1672 1771 1731 1811 se
1760 1756 1873 1828 ipse
1897 1755 2085 1810 lauda-

501 1865 602 1911 ret.
646 1854 705 1909 In
743 1853 844 1909 hoc
900 1852 1084 1923 Itaque
1136 1862 1387 1906 sermone
1430 1857 1635 1914 nostro,
1676 1862 1835 1917 quem
1878 1846 1947 1901 de
1993 1846 2085 1901 illo

500 1946 737 2001 debitum
790 1943 982 2000 vestris
1024 1942 1241 1997 auribus
1301 1939 1606 2005 reddimus,
1660 1938 1830 2009 magis
1888 1951 2085 2007 appro—

499 2036 622 2092 hate
687 2035 974 2091 voluntatis
1044 2033 1326 2096 affectum,
1378 2045 1538 2100 quam
1581 2028 1773 2099 exigite
1820 2026 2085 2083 facultatis

498 2128 767 2185 effectum.
791 2126 881 2183 Sic
907 2126 1048 2182 enim
1064 2133 1121 2180 et
1146 2122 1389 2178 laudatus
1419 2121 1537 2188 Dei,
1561 2120 1751 2191 quibus
1778 2134 1883 2174 non
1910 2119 2083 2174 solum

496 2196 689 2286 oratio,
717 2219 814 2275 sed
840 2233 906 2273 ue
932 2216 1181 2288 cogitatio
1209 2212 1424 2286 quidem
1453 2212 1557 2268 ulla
1585 2215 1714 2268 satis
1739 2218 1821 2267 est
1838 2253 1853 2278 ,
1879 2225 1998 2265 cum
2024 2223 2085 2265 se

497 2320 712 2367 sanctus
733 2309 977 2366 laudator
1001 2309 1177 2363 minus
1201 2305 1449 2362 idoneum
1472 2311 1734 2370 cerneret,
1755 2300 1865 2357 ait:
1897 2300 2084 2356 Volun-

497 2403 630 2456 taria
673 2401 777 2455 oris
813 2399 910 2454 mei
938 2396 1249 2469 bencplacita
1286 2400 1368 2468 [ac
1389 2436 1406 2463 ,
1433 2392 1646 2449 Domine
1676 2391 1853 2465 '(Psal.
1892 2407 2079 2460 cxvm,

497 2492 643 2566 t08).
673 2493 785 2549 Hoc
804 2501 859 2548 et
881 2507 981 2563 ego
1004 2490 1230 2546 dixerim
1256 2505 1272 2543 :
1303 2489 1373 2543 sit
1397 2488 1556 2544 etiam
1583 2488 1681 2542 ista
1704 2502 1819 2542 mea
1847 2486 2076 2553 devotio,

497 2594 557 2642 ut
582 2586 628 2641 si
666 2601 761 2658 par
789 2600 894 2641 non
937 2599 1055 2639 sum
1087 2582 1153 2638 ad
1189 2570 1558 2652 explicandum
1586 2578 1726 2651 quod
1757 2577 1896 2643 volo,
1924 2592 2081 2634 accc—

498 2680 587 2750 pto
616 2678 834 2745 feratur,
868 2676 990 2749 quia
1010 2676 1151 2731 volo.

567 2768 791 2825 CAPUT
830 2766 893 2823 II.
919 2798 991 2810 —
1014 2768 1069 2822 2.
1115 2764 1402 2837 Martyrum
1445 2763 1619 2819 laudes
1655 2764 1709 2818 in
1751 2758 1913 2818 Deum
1949 2761 2079 2816 reci-

495 2864 632 2918 dere.
680 2861 816 2933 Quid
843 2861 985 2919 enim
1019 2860 1122 2918 nisi
1151 2859 1247 2916 Dei
1277 2869 1403 2915 sunt
1436 2859 1619 2914 Iaudes
1663 2856 1791 2912 tanti
1836 2856 2081 2929 Martyris

494 2953 718 3010 laudes?
743 2954 847 3008 Aut
870 2953 1022 3024 cujus
1047 2952 1220 3008 honor
1242 2959 1327 3007 est
1350 2948 1646 3021 Cyprianus
1669 2946 1737 3004 ad
1767 2947 1934 3004 Deum
1963 2952 2079 3003 toto

494 3044 659 3099 corde
686 3056 996 3111 conversus,
1019 3043 1120 3097 nisi
1148 3043 1263 3112 ejus
1288 3041 1373 3098 cui
1394 3042 1593 3097 dictum
1620 3049 1723 3107 est,
1753 3037 1890 3096 Deus
1918 3041 2077 3095 virtu-

496 3145 600 3189 tum
625 3176 639 3200 ,
666 3145 894 3190 converte
922 3150 1013 3189 nos
1053 3133 1223 3208 (Psal.
1267 3149 1434 3190 Lxxtx
1460 3176 1476 3202 ,
1506 3134 1607 3203 8)?
1629 3134 1793 3203 Cujus
1825 3149 1959 3204 opus
1998 3142 2080 3189 est

493 3224 790 3298 Cyprianus
824 3224 1045 3292 doctor,
1070 3224 1169 3278 nisi
1203 3223 1320 3294 ejus
1355 3224 1441 3279 cui
1484 3224 1682 3279 dictum
1709 3232 1812 3290 est,
1838 3223 1973 3278 Dace
2001 3238 2080 3278 me

484 3316 882 3386 iustiﬁcationes
907 3325 1019 3369 tuas
1049 3313 1220 3387 (Psat.
1251 3329 1434 3379 cxvau,
1467 3313 1814 3384 i55)?Cujus
1837 3328 1970 3383 opus
1996 3323 2077 3369 est

491 3407 788 3482 Cyprianus
812 3416 1025 3478 pastor,
1050 3405 1149 3461 nisi
1176 3404 1293 3475 ejus
1320 3404 1408 3475 qui
1444 3404 1605 3471 dixit,
1630 3402 1774 3458 Dabo
1810 3404 1947 3459 vobis
1979 3419 2075 3475 pa-

491 3510 649 3555 stores
689 3497 963 3554 secundum
1005 3515 1093 3553 cor
1119 3513 1283 3552 meum
1303 3539 1318 3565 ,
1348 3506 1394 3551 et
1415 3506 1618 3568 poscent
1656 3513 1742 3552 vos
1773 3512 1887 3552 cum
1924 3497 2080 3552 disci-

491 3596 632 3666 plina
659 3593 868 3666 (Jerem.
894 3609 971 3658 ιιι,
1004 3592 1093 3664 l5)
1117 3594 1141 3647 ‘t
1161 3591 1323 3662 Cujus
1350 3605 1483 3661 opus
1511 3600 1594 3647 est
1621 3588 1914 3663 Cyprianus
1941 3606 2074 3647 con-

490 3684 680 3750 fessor,
708 3685 809 3741 nisi
831 3684 947 3754 ejus
971 3683 1063 3755 qui
1083 3678 1234 3748 dixit,
1268 3681 1414 3736 Dabo
1438 3681 1575 3736 vobis
1594 3699 1651 3736 os
1678 3692 1724 3736 et
1750 3683 2070 3754 sapientiam,

490 3778 573 3831 cui
602 3793 703 3831 non
724 3785 955 3848 poterunt
981 3774 1213 3830 resistere
1240 3773 1433 3828 inimici
1452 3774 1600 3828 vestri
1621 3773 1769 3846 (Luc.
1797 3790 1908 3843 xxi,
1943 3774 2074 3849 l5)?

487 3865 650 3938 Cujus
692 3880 826 3937 opus
854 3873 938 3922 est
977 3864 1275 3937 Cyprianus
1309 3872 1472 3919 tautae
1511 3862 1652 3919 illius
1693 3865 2073 3934 persecutionis

488 3972 588 4032 pro
631 3960 854 4016 veritate
891 3973 1177 4030 pcrpessor
1202 4000 1218 4025 ,
1245 3957 1345 4017 nisi
1371 3957 1488 4028 ejus
1507 3958 1591 4012 cui
1611 3958 1808 4014 dictum
1838 3966 1941 4026 est,
1966 3956 2074 4012 Pa-

488 4054 662 4108 tientia
696 4052 882 4119 Israel,
924 4051 1137 4108 Domine
1178 4051 1393 4121 (Jerem.
1433 4067 1541 4106 xvn
1564 4091 1580 4118 ,
1611 4050 1738 4122 i3);
1766 4059 1821 4106 et
1858 4051 1926 4107 de
1966 4066 2071 4122 quo

486 4145 689 4201 dictum
731 4155 843 4208 est,
872 4144 1122 4212 Quoniam
1146 4143 1207 4198 ab
1246 4144 1356 4215 ipso
1382 4154 1455 4200 est
1490 4143 1732 4213 patientia
1757 4160 1866 4197 mea
1895 4142 2067 4213 (Psal.

490 4250 597 4300 ut,
630 4233 727 4305 6)?
755 4234 1033 4290 Postremo
1074 4234 1226 4304 cujus
1262 4250 1397 4306 opus
1426 4243 1509 4290 est
1534 4232 1829 4306 Cyprianus
1871 4235 1921 4289 in
1948 4250 2067 4290 om-

491 4325 648 4382 nibus
674 4325 874 4391 victor,
898 4323 1001 4380 nisi
1026 4325 1141 4396 ejus
1163 4325 1231 4381 de
1259 4343 1363 4397 quo
1389 4325 1587 4382 dictum
1616 4336 1718 4394 εει,
1750 4326 1813 4381 In
1841 4329 2069 4385 omnibus

485 4415 880 4487 supervincimus
924 4432 1012 4487 per
1044 4430 1156 4471 eum
1181 4417 1267 4488 qui
1290 4417 1465 4471 dilexit
1490 4434 1580 4472 nos
1601 4418 1778 4488 (Rom.
1803 4436 1911 4487 vut,
1937 4419 2068 4492 37)?

485 4504 600 4564 Non
630 4522 756 4579 ergo
778 4505 1078 4563 recedimus
1102 4521 1131 4561 a
1161 4505 1403 4562 laudibus
1424 4507 1537 4571 Dei,
1560 4509 1770 4579 quando
1791 4510 2066 4569 laudamus

486 4615 646 4671 opera
676 4600 788 4666 Dei,
817 4608 869 4656 et
893 4600 1073 4670 praelia
1099 4599 1196 4655 Dei
1227 4599 1278 4654 in
1307 4601 1472 4657 milite
1500 4601 1612 4658 Dei.

559 4689 785 4747 CAPUT
825 4689 909 4746 Ill.
932 4720 1005 4731 —
1028 4690 1081 4745 3.
1114 4688 1367 4762 Martyres
1405 4702 1452 4746 et
1489 4705 1750 4750 armantur
1786 4713 1818 4751 a
1845 4696 1951 4752 Deo
1974 4689 1991 4764 ξ
2017 4709 2067 4754 ει

484 4783 548 4837 ab
597 4784 769 4838 eodem
819 4792 1016 4838 armato
1067 4781 1392 4853 adjuvantur.
1443 4784 1530 4841 Sic
1567 4786 1706 4862 enim
1754 4789 2066 4846 exhortatur

487 4873 774 4944 Apostolus
803 4891 816 4928 :
845 4873 989 4929 State
1011 4873 1225 4928 succinti
1243 4872 1437 4933 lumbos
1465 4863 1649 4945 vestros
1672 4877 1724 4931 in
1754 4879 1990 4948 veritate,
2014 4891 2062 4936 et

483 4964 650 5019 induti
675 4965 831 5019 lorica
857 4966 1072 5037 justitite
1092 5007 1106 5032 ,
1140 4975 1188 5020 et
1214 4948 1676 5049 calceati’p'e’des‘fn
1705 4974 2060 5044 praedicatione

484 5056 749 5128 Evangelii
791 5057 930 5124 pacis
949 5073 969 5112 .-
996 5058 1049 5112 in
1075 5040 1807 5145 aliinnus‘siiaieilzé‘s"iculum
1831 5068 1983 5139 fidei,
2005 5048 2059 5145 ai

479 5146 579 5221 'quo
601 5149 800 5221 possitis
820 5150 987 5204 omnia
1011 5151 1111 5229 tela
1140 5136 1431 5231 nequissimi
1463 5131 1984 5237 iynea'exstingwe;

475 5237 678 5312 'galeam
716 5240 895 5295 salutis
939 5226 1169 5311 accipite,
1206 5226 1254 5298 et
1280 5226 1507 5326 gladium
1546 5227 1774 5317 spiritus,
1800 5226 2057 5322 'quodv'e's't

478 5333 682 5388 verbum
724 5330 818 5385 Dei
858 5330 1073 5403 (Ephes.
1102 5350 1173 5400 vt,
1205 5334 1583 5411 14ο17)³.’ριιὶ(1
1617 5348 1699 5395 est
1736 5342 1954 5412 justitize
1978 5346 2057 5401 lo-

477 5424 587 5478 rica
610 5421 752 5477 indui
777 5463 790 5486 ,
819 5429 874 5477 et
900 5420 1141 5492 accipere
1178 5429 1382 5481 scutum
1409 5427 1531 5484 fidei
1553 5432 1585 5493 ,'
1606 5441 1658 5486 et
1680 5432 1883 5505 galeam
1911 5437 2053 5505 salu-

479 5513 569 5581 tis,
593 5523 647 5570 et
671 5513 902 5585 gladium
932 5514 1165 5586 spiritus,
1197 5519 1334 5588 quod
1364 5530 1446 5577 est
1485 5524 1700 5580 verbum
1734 5524 1858 5592 Dei,
1892 5529 1995 5603 nisi
2023 5546 2052 5586 a

542 5668 871 5739 fmus
900 5670 960 5739 ad
982 5670 1242 5739 cI._d._r.-t.
1269 5684 1366 5729 vat.
1393 5693 1439 5731 v.
1468 5690 1521 5733 et
1544 5684 1605 5733 ad
1621 5652 1726 5739 Lor.

536 5727 778 5795 temtas.
798 5732 862 5782 de
886 5733 1091 5785 Diversis
1117 5735 1221 5786 tu.

1959 5803 1967 5811 υ
2014 5794 2041 5817 η(

1729 287 1786 344 S.
1828 285 2192 343 AUGI'STINI
2233 288 2531 347 EPISCOI’I

3649 301 3779 361 “24

2205 406 2430 461 Domino
2463 409 2619 466 donis
2652 411 2768 481 ejus
2793 415 3029 470 armari?
3052 414 3163 473 Nec
3202 419 3401 474 armari
3441 428 3649 478 tantum
3673 425 3779 479 suf-

2199 496 2382 553 ficeret
2402 498 2525 556 huic
2553 502 2704 557 militi
2724 544 2742 571 ,
2773 505 2875 560 nisi
2902 505 3239 577 impetrasset
3254 510 3324 566 ab
3341 522 3552 569 armato
3576 513 3692 586 ipe
3708 557 3723 581 ,
3747 531 3778 571 a

2195 603 2303 658 quo
2326 602 2560 648 armatus
2598 595 2767 650 fuerat
2787 637 2803 662 ,
2829 597 3094 668 adjuvari.
3125 598 3310 673 Neque
3334 606 3483 661 enim
3510 606 3780 677 piissimus

2194 677 2393 753 Martyr
2438 682 2492 738 iu
2535 684 2623 739 illa
2664 686 3005 745 conflictione
3051 692 3316 760 passionis
3362 709 3469 751 non
3519 698 3696 755 oravit
3725 711 3781 757 et

2193 767 2327 825 dixit
2354 787 2367 824 :
2392 769 2581 827 Indica
2602 815 2619 838 ,
2648 773 2863 832 Domine
2884 820 2901 844 ,
2928 764 3160 837 nocentes
3201 800 3302 852 me,
3323 801 3565 860 expugna
3608 789 3776 860 impu-

2191 872 2401 929 gnantes
2438 880 2533 918 me.
2565 865 2898 939 Appreliende
2933 887 3077 926 arma
3097 882 3145 926 et
3169 884 3398 944 unum,
3425 887 3472 932 et
3498 896 3709 953 exsurge
3726 883 3778 937 in

2190 951 2501 1022 adjutorium
2530 957 2673 1011 mihi.
2701 956 2927 1025 E/Iunde
2953 965 3221 1033 frameam,
3246 977 3296 1022 et
3323 969 3573 1026 conclude
3594 951 3775 1030 adva-

2189 1061 2278 1101 sus
2297 1063 2381 1102 eos
2408 1050 2495 1119 qui
2541 1066 2621 1105 me
2644 1065 3008 1124 persequuntur
3026 1071 3046 1112 :
3064 1058 3152 1111 dic
3195 1061 3381 1116 anim
3424 1079 3570 1132 nec,
3620 1064 3777 1121 Salus

2189 1143 2278 1188 tua
2298 1152 2389 1207 ego
2415 1153 2526 1193 sum
2554 1137 2726 1209 (Psal.
2758 1158 2946 1210 xxxiv,
2976 1146 3115 1219 1'3).
3145 1147 3425 1215 Quomodo
3452 1154 3772 1223 vinceretur,

2187 1240 2344 1295 quem
2372 1227 2449 1283 sic
2486 1230 2740 1287 Dominus
2780 1232 3108 1303 producebat
3125 1249 3387 1296 armatum
3408 1283 3425 1308 ,
3451 1244 3530 1299 sic
3552 1243 3775 1316 adjuva-

2188 1317 2279 1374 bat
2305 1330 2541 1403 armatus
2556 1322 2583 1376 ?
3368 1392 3379 1403 _

2255 1401 2481 1468 CAPUT
2520 1411 2707 1468 1v.—
2731 1416 2787 1470 ι.
2833 1417 3073 1475 Armatus
3111 1408 3247 1477 Deus
3288 1401 3542 1495 quomodo
3590 1427 3776 1484 intetti-

2185 1500 2397 1591 gendus.
2426 1500 2476 1555 F
2475 1520 2646 1559 ramea
2665 1503 2763 1561 Dei
2779 1548 2796 1572 ,
2825 1507 3074 1565 Ecclesia.
3104 1510 3156 1564 Ρ
3156 1529 3327 1568 ramea
3356 1513 3469 1583 Dei,
3492 1518 3667 1579 anima
3682 1521 3779 1591 ju-

2184 1590 2267 1643 sti.
2298 1589 2452 1647 Absit
2471 1604 2650 1649 autem
2676 1605 2733 1652 ut
2756 1608 3021 1654 armatum
3048 1600 3214 1657 Deum
3244 1605 3562 1674 quibusdam
3581 1589 3774 1680 corpo—

2185 1680 2383 1767 ralibus
2423 1683 2789 1742 instrumentis
2830 1690 3019 1759 puerili
3048 1692 3213 1748 corde
3252 1695 3554 1754 credamus.
3584 1697 3772 1770 Cujus-

2184 1762 2329 1826 mod'i
2370 1772 2568 1844 quippe
2611 1790 2757 1831 arma
2798 1778 2906 1834 sint
2946 1779 3071 1849 illa,
3099 1783 3293 1853 quibus
3320 1786 3389 1841 ab
3420 1797 3631 1845 armato
3660 1762 3773 1847 Deo

2183 1864 2362 1920 solent
2398 1866 2518 1936 ejus
2544 1868 2741 1925 milites
2778 1869 3041 1941 adjuvari,
3082 1874 3184 1945 ipsi
3221 1877 3546 1935 conﬁtentur
3579 1882 3770 1953 adjuti,

2184 1953 2272 2009 ubi
2307 1958 2666 2014 exclamantes
2691 1970 2746 2016 et
2782 1963 2978 2034 gratias
3011 1975 3231 2036 agentes
3263 1968 3444 2025 dicunt
3474 1989 3489 2026 :
3518 1970 3769 2044 Domine,

2183 2055 2238 2099 ut
2258 2056 2399 2103 scuto
2448 2047 2592 2105 bona:
2630 2052 2898 2109 voluntatis
2937 2060 3191 2113 coronasti
3232 2077 3324 2115 nos
3362 2060 3536 2136 (Psal.
3567 2081 3621 2131 v,
3654 2068 3769 2139 15).

2183 2134 2410 2193 Framea
2437 2154 2564 2194 vero
2595 2140 2712 2207 Dei,
2734 2142 2836 2200 hoc
2858 2156 2940 2200 est
2957 2146 3165 2217 gladius
3188 2150 3303 2218 Dei,
3326 2134 3484 2223 quam
3513 2134 3771 2215 frameaiu

2182 2241 2376 2298 corpus
2400 2223 2598 2287 Christi
2627 2233 2770 2303 quod
2796 2244 2880 2290 est
2904 2232 3165 2306 Ecclesia,
3192 2241 3449 2300 adversus
3469 2260 3566 2301 eos
3584 2248 3677 2319 qui
3706 2264 3769 2307 se

2182 2332 2593 2412 persequuntur,
2620 2336 2866 2395 precatur
2885 2328 3083 2386 effundi
3106 2343 3264 2405 atque
3288 2337 3570 2405 concludi;
3595 2352 3772 2412 potest

2181 2410 2394 2500 quidem
2423 2412 2677 2487 intelligi,
2709 2417 2797 2473 ubi
2821 2416 2939 2489 ipse
2974 2420 3216 2479 Salvator
3252 2442 3349 2481 suo
3374 2410 3767 2500 corporidicit,

2183 2488 2306 2554 Non
2328 2503 2438 2592 veni
2465 2521 2638 2574 pacem
2662 2488 2857 2563 mittere
2879 2511 2933 2564 in
2957 2519 3164 2578 terram,
3189 2514 3279 2570 sed
3299 2488 3528 2588 gladium
3551 2488 3767 2592 (Matth:

2180 2607 2235 2681 ι,
2260 2593 2372 2665 54).
2401 2590 2517 2664 Quo
2550 2594 2726 2668 gladio
2750 2596 3007 2672 spirituali
3038 2603 3070 2660 'a
3108 2610 3429 2681 martyribus
3463 2590 3576 2669 suis
3600 2617 3767 2674 cmic-

2180 2677 2280 2737 stia
2323 2689 2818 2757 concupist‘eutibus
2842 2695 3029 2762 gaudia
3049 2737 3064 2760 ,
3094 2677 3333 2756 terrenos
3373 2703 3513 2761 male
3540 2705 3768 2766 blandos

2179 2775 2451 2842 separavit
2480 2775 2701 2833 atl‘ectus
2720 2821 2734 2845 ,
2762 2774 2956 2851 quibus
2975 2783 3042 2841 de
3068 2786 3209 2843 emlo
3234 2788 3299 2844 ad
3330 2798 3524 2848 terram
3548 2811 3770 2853 revoca-

2180 2871 2362 2918 rentur
2392 2867 2629 2935 astricti,
2663 2869 2762 2924 nisi
2789 2871 2995 2941 gladius
3028 2870 3371 2937 intercideret
3401 2883 3621 2941 Christi.
3656 2888 3768 2945 Sed

2179 2964 2261 3009 est
2285 2956 2443 3011 etiam
2471 2957 2572 3012 alia
2599 2960 2992 3019 evidentissima
3023 2967 3116 3023 Dei
3137 2967 3336 3027 framea
3355 2974 3534 3031 anima
3554 2976 3688 3047 justi
3712 2980 3767 3035 in

2179 3061 2339 3101 manu
2379 3046 2503 3115 Dei;
2534 3048 2601 3105 de
2640 3067 2742 3121 qua
2774 3051 2849 3107 illi
2876 3054 2926 3109 in
2967 3055 3178 3114 Psalmo
3212 3060 3445 3119 dicitur:
3479 3046 3621 3122 Erue
3650 3070 3767 3123 ani-

2177 3154 2313 3192 mam
2333 3156 2494 3193 meam
2520 3141 2582 3194 ab
2609 3141 2798 3213 impiis,
2822 3147 3067 3216 frameam
3097 3158 3235 3206 tuam
3253 3168 3316 3207 ex
3338 3154 3559 3212 inimicis
3585 3175 3765 3215 manus

2176 3237 2275 3284 tute
2300 3226 2470 3300 (Psal.
2503 3247 2590 3287 xv:
2611 3274 2625 3300 ,
2659 3235 2726 3289 15
2745 3244 2794 3289 ει
2823 3236 2933 3307 14).
2961 3232 3113 3306 Quod
3133 3240 3286 3310 dixit,
3313 3246 3543 3315 animam
3565 3245 3762 3317 meant;

2178 3318 2280 3374 hoc
2317 3323 2561 3414 repetivit
2578 3365 2592 3389 ,
2616 3327 2863 3413 frameam
2907 3339 3045 3384 tuam
3065 3346 3086 3388 :
3104 3333 3244 3403 quod
3269 3334 3437 3405 dixit,
3468 3340 3531 3393 ab
3555 3341 3763 3414 impiis;

2176 3411 2280 3465 hoc
2304 3406 2568 3481 repetivit,
2600 3431 2665 3470 ea:
2682 3409 2899 3473 inimicis
2923 3436 3098 3476 manus
3127 3432 3248 3480 tuor.

2244 3497 2470 3557 CAPUT
2509 3502 2572 3557 γ.
2594 3534 2667 3544 -
2693 3505 2745 3560 5.
2778 3499 2999 3564 Frantea
3024 3528 3207 3584 magna
3248 3512 3345 3571 Dei
3370 3517 3620 3590 Cypriani
3642 3522 3760 3578 ani-

2175 3607 2279 3644 ma.
2324 3591 2500 3648 Alture
2541 3605 2756 3650 erectum
2782 3614 2935 3669 super
2962 3618 3159 3674 corpus
3198 3603 3458 3678 Cypriani.
3505 3611 3649 3668 Hanc
3673 3614 3760 3669 ef-

2173 3678 2311 3738 fudit
2336 3684 2586 3741 frameam
2604 3690 2902 3760 spargendo
2921 3708 3297 3769 usquequaque
3316 3710 3578 3774 martyres
3595 3719 3756 3762 suos:

2173 3785 2227 3832 et
2255 3774 2519 3833 conclusit
2552 3776 2810 3837 adversus
2850 3799 2944 3840 eos
2972 3788 3062 3857 qui
3090 3794 3547 3862 persequebantur
3566 3798 3759 3855 Eccle-

2173 3869 2304 3924 siam
2329 3887 2344 3936 ;
2368 3881 2425 3926 ut
2439 3873 2559 3943 quia
2589 3868 2992 3944 prmdicantium
3010 3882 3229 3939 vocibus
3251 3900 3357 3941 non
3385 3886 3754 3959 flectebantur,

2172 3962 2514 4018 morientium
2536 3964 2819 4023 virtutibus
2835 3967 3221 4042 frangerentur.
3239 3974 3418 4033 Fortia
3436 3980 3635 4053 quippe
3654 3984 3756 4039 sibi

2171 4051 2429 4108 adversus
2457 4054 2700 4119 inimicos
2719 4056 2940 4116 fabricat
2971 4077 3118 4119 arma
3146 4064 3307 4134 Deus,
3333 4083 3427 4125 eos
3451 4051 3597 4141 ipsos
3620 4090 3755 4144 quos

2170 4143 2297 4199 facit
2327 4147 2547 4202 amicos.
2575 4147 2761 4220 Magna
2786 4150 2964 4223 itaque
2987 4148 3188 4212 framea
3222 4152 3315 4215 Dei
3344 4161 3523 4218 anima
3554 4143 3756 4222 beatis-

2171 4235 2292 4290 simi
2341 4237 2613 4308 Cypriani,
2655 4240 2934 4311 spleudida
2972 4244 3248 4315 charitate,
3299 4260 3454 4307 acuta
3502 4256 3749 4323 veritate,

2168 4331 2450 4400 pugnantis
2477 4328 2573 4387 Dei
2597 4342 2713 4390 aeta
2741 4344 2795 4391 et
2820 4335 3026 4394 vibrata
3044 4340 3239 4398 virtute
3256 4384 3272 4409 ,
3302 4359 3421 4415 quae
3449 4346 3592 4404 bella
3615 4364 3748 4406 con-

2169 4420 2335 4476 fecit?
2380 4438 2511 4492 quas
2557 4424 3027 4484 contradicentium
3082 4442 3321 4489 catervas
3380 4435 3750 4509 redarguendo

2167 4510 2473 4597 superavit?
2501 4524 2639 4584 quot
2670 4518 2932 4588 percussit
2967 4519 3200 4578 infensos
3220 4523 3244 4564 ν
3297 4535 3426 4596 quot
3463 4532 3748 4597 prostravit

2156 4592 2458 4671 adversus?
2498 4603 2553 4658 In
2599 4622 2756 4676 quam
2803 4610 3086 4665 multorum
3127 4612 3461 4670 inimicorum
3496 4620 3749 4676 cordibus

2168 4693 2308 4771 ipsas
2342 4694 2673 4760 inimicitias,
2697 4697 2887 4767 quibus
2926 4702 3359 4772 oppugnabatur,
3379 4706 3595 4775 occidit,
3627 4725 3749 4766 eos-

2162 4799 2267 4865 que
2291 4785 2490 4840 amicos
2516 4785 2705 4856 quibus
2738 4789 2990 4847 adversus
3014 4793 3147 4849 alios
3189 4794 3328 4851 Deus
3347 4797 3620 4868 cupiosius
3642 4817 3745 4872 pu-

2163 4886 2370 4956 gnaret,
2399 4875 2608 4933 effecit?
2634 4877 2733 4936 Ubi
2761 4892 2937 4937 autem
2963 4884 3107 4939 venit
3134 4894 3343 4958 tempus
3361 4931 3376 4955 ,
3410 4899 3468 4944 ut
3490 4899 3744 4963 tauquam

2164 4966 2663 5039 prmvalescmtibus
2704 4969 2943 5028 hostibus
2972 4976 3349 5047 prenderetur,
3375 4988 3486 5036 tum
3516 4998 3645 5037 vero
3676 5001 3744 5041 ne

2161 5073 2446 5128 oppressus
2471 5068 2525 5114 ct
2549 5060 2717 5116 victus
2737 5061 2803 5117 ab
2829 5061 3002 5134 impiis
3022 5079 3204 5122 eorum
3230 5069 3473 5128 manibus
3499 5070 3739 5143 cederet,

2159 5146 2326 5204 adfuit
2354 5149 2443 5205 illc
2469 5166 2563 5220 per
2588 5166 2745 5223 quem
2779 5150 3208 5237 praastare'turja)
3231 5158 3482 5217 invictus:
3503 5167 3745 5237 suscepit

2158 5238 2454 5306 victoriam,
2487 5249 2760 5312 postquam
2789 5245 2985 5300 nullum
3019 5224 3283 5325 ceriainen
3314 5250 3538 5308 ulterius
3564 5272 3742 5312 rema-

2159 5342 2329 5399 neret,
2358 5349 2513 5404 quam
2540 5331 2606 5389 de
2623 5333 2723 5389 hoc
2738 5332 2939 5417 scilicet
2974 5336 3170 5395 mundo
3192 5347 3243 5395 et
3270 5340 3338 5397 de
3366 5334 3737 5417 mundi'hujus

2158 5425 2394 5496 principe
2434 5435 2748 5496 reportaret.
2795 5410 2974 5496 Adfuit
3022 5431 3238 5487 omnino
3279 5431 3594 5492 fidelissimo
3635 5410 3737 5494 suo

2157 5518 2275 5574 testi
2290 5532 2457 5589 usque
2476 5518 2541 5572 ad
2565 5530 2789 5575 mortem
2816 5537 2910 5592 pro
2939 5524 3157 5578 veritate
3179 5526 3419 5591 certanti,
3444 5525 3570 5582 fecit
3592 5530 3736 5598 quod

2156 5620 2403 5665 exoratus
2441 5610 2639 5676 fuerat,
2671 5613 2809 5668 eruit
2849 5612 3077 5691 animam
3123 5616 3236 5686 ejus
3275 5615 3343 5671 ab
3368 5617 3586 5690 impiis,
3618 5621 3730 5675 fra-

2143 5712 2327 5753 meam
2355 5710 2503 5752 suam
2536 5699 2602 5751 ah
2647 5702 2872 5758 inimicis
2910 5720 3096 5760 manus
3130 5720 3258 5761 sua).
3293 5704 3457 5775 Cujus
3505 5712 3737 5769 victricis

2198 5808 2269 5867 (α)
2303 5811 2457 5866 t'orte,
2478 5812 2746 5864 ργωδιωςι.
