4036 6464
291 392 419 450 1495

283 511 462 566 anima:
490 512 728 559 sanctam
756 517 989 566 carnem,
1022 510 1265 573 tauquam
1300 502 1509 555 framea!
1533 501 1671 554 illius
1696 500 1837 568 vagi-

285 613 426 663 nam,
474 597 574 648 hoc
612 594 729 647 loco
766 592 1086 646 sublimitate
1124 591 1284 645 divini
1329 590 1509 643 altaris
1554 604 1835 652 ornamus;

280 688 445 745 cidem
464 685 559 754 ipsi
577 684 766 739 anima:
785 682 1089 751 triumphali
1112 682 1500 737 reSurrectione
1516 679 1837 735 reddendam

280 792 331 838 et
357 780 497 835 nulla
520 777 770 846 deinceps
796 770 967 830 morte
996 773 1315 845 ponendam.

711 904 937 962 SERMO
973 904 1220 961 CCCXIV
1248 909 1266 927 ‘
1293 905 1390 975 (a).

648 1024 699 1073 lu
728 1017 874 1075 Natali
896 1017 1120 1080 Stephani
1141 1016 1378 1079 martyris,
1402 1028 1435 1063 ι.

342 1146 392 1200 1.
421 1142 707 1196 Imitandus
726 1140 1034 1211 Stephanus,
1063 1139 1338 1207 pra'sertim
1365 1139 1418 1191 in
1440 1137 1706 1191 dilectione
1732 1136 1835 1188 ini-

271 1236 526 1291 micorum.
552 1232 790 1286 Natalem
817 1230 1021 1285 Domini
1047 1230 1291 1285 hesterna
1310 1228 1395 1284 die
1416 1228 1832 1292 celebravimus;

268 1326 401 1380 servi
440 1323 596 1378 hodie
635 1323 871 1377 Natalem
909 1322 1241 1377 celebramus
1272 1340 1285 1377 :
1316 1321 1407 1376 sed
1449 1321 1686 1376 Natalem
1730 1321 1833 1374 Do-

268 1416 392 1470 mini
419 1412 805 1469 celebravimus
830 1452 846 1478 ,
871 1428 975 1482 quo
999 1412 1143 1465 nasci
1171 1410 1415 1481 dignatus
1439 1418 1554 1472 est;
1594 1410 1831 1465 Natalem

265 1506 397 1561 servi
440 1504 769 1561 celebramus
792 1545 806 1569 ,
836 1519 954 1574 quo.
978 1513 1259 1559 coronatus
1297 1512 1396 1559 est.
1436 1501 1834 1558 Celebravimus

262 1597 496 1652 Natalem
546 1595 790 1661 Domini,
847 1610 954 1665 quo
1004 1594 1368 1649 indumentum
1414 1602 1610 1649 nostra:
1656 1595 1834 1649 carnis

262 1689 464 1758 accepit
494 1705 508 1742 :
542 1686 781 1741 Natalem
812 1687 951 1742 servi
989 1686 1351 1751 celebramus,
1380 1702 1484 1757 quo
1513 1701 1622 1740 sua:
1655 1686 1832 1741 carnis

262 1779 620 1834 indumentum
663 1776 872 1846 abjecit.
917 1776 1155 1831 Natalem
1188 1776 1397 1831 Domini
1425 1776 1828 1842 celebravimus,

258 1884 360 1940 quo
398 1869 570 1924 factus
611 1876 695 1924 est
736 1868 927 1922 similis
972 1868 1124 1923 nobis
1165 1886 1179 1922 :
1224 1868 1551 1924 celebramus
1593 1868 1829 1923 Natalem

257 1960 414 2025 servi,
443 1972 554 2029 quo
602 1957 772 2013 factus
801 1966 884 2013 est
923 1957 1193 2028 proximus
1231 1957 1463 2013 Christo.
1496 1958 1642 2014 Sicut
1687 1958 1829 2014 enim

255 2048 507 2104 Christus.
524 2047 1107 2118 nascendoStephano,
1138 2049 1215 2102 ita
1234 2047 1533 2118 Stephanus
1557 2050 1831 2104 moriendo

254 2139 567 2207 eonjunctus
591 2146 671 2193 est
694 2135 923 2194 Christo.
951 2139 1297 2195 Sed‘Domini
1321 2141 1486 2195 nostri
1525 2140 1647 2195 Jesu
1677 2140 1832 2195 Chri-

250 2228 315 2283 sti
344 2228 467 2283 ideo
493 2229 788 2283 nativitatis
816 2238 871 2283 et
896 2229 1156 2303 passionis
1183 2229 1321 2285 diem
1338 2231 1563 2300 gemina:
1588 2230 1829 2285 devotio-

253 2320 333 2375 nis
361 2320 626 2389 obsequio
657 2319 957 2389 frequentat
980 2321 1242 2397 Ecclesia,
1270 2322 1519 2391 quoniam
1546 2332 1830 2393 utrumque

248 2410 511 2468 medicina
560 2420 661 2467 est.
713 2411 845 2467 Nam
887 2421 938 2467 et
963 2421 1119 2467 natus
1158 2424 1259 2476 est,
1288 2422 1344 2467 ut
1383 2428 1825 2470 renasceremur:

249 2512 489 2563 mortuus
533 2512 638 2568 est,
666 2511 722 2558 ut
751 2503 803 2557 in
848 2511 1160 2573 perpetuum
1209 2504 1525 2559 viveremus.
1572 2506 1830 2577 Martyres

246 2602 422 2648 autem
452 2594 533 2649 ad.
548 2593 684 2648 mala
709 2594 1000 2648 certamina
1027 2594 1295 2650 nascendo
1319 2605 1598 2661 venerunt,
1624 2598 1831 2652 trahen-

247 2695 325 2742 tes
368 2686 632 2757 originale
678 2697 952 2757 peccatum
989 2704 1003 2739 :
1047 2687 1325 2743 moriendo
1370 2697 1547 2743 autem
1582 2688 1648 2742 ad
1689 2689 1828 2743 bona

244 2778 555 2839 certissima
596 2778 983 2844 transierunt‘,
1028 2777 1272 2834 ﬁnientes
1316 2794 1475 2834 omne
1529 2790 1825 2850 peccatum.

243 2868 374 2924 Nam
413 2870 459 2925 si
489 2870 544 2925 in
571 2870 938 2939 persecutione
966 2871 1281 2925 constitutos
1326 2870 1517 2926 futura:
1552 2871 1831 2927 beatitudi-

241 2960 323 3016 nis
350 2961 574 3031 prznmia
601 2976 707 3015 non
725 2961 1145 3028 consolarentur,
1174 2963 1385 3033 quando
1406 2963 1492 3018 illa
1518 2964 1584 3019 de
1603 2965 1828 3022 diversis

242 3052 589 3120 passionibus
627 3051 881 3122 supplicia
923 3054 1359 3110 sustinerent?Si
1387 3055 1572 3110 beatus
1605 3056 1827 3127 Stepha-

242 3157 341 3197 nus
391 3142 497 3197 sub
544 3142 713 3198 imbre
749 3142 982 3212 lapidum
1026 3144 1343 3199 constitutus
1388 3144 1562 3201 futura
1612 3148 1827 3217 prremia

241 3246 345 3286 non
367 3232 681 3301 cogitasset,
709 3231 974 3301 quomodo
996 3232 1137 3287 illam
1163 3234 1471 3303 grandinem
1493 3238 1830 3304 pertulisset?

243 3320 348 3378 Sed
384 3323 535 3377 illius
562 3331 881 3392 praeceptum
929 3323 1169 3393 gestabat
1194 3324 1246 3379 in
1272 3325 1450 3380 animo
1472 3366 1489 3393 ,
1521 3328 1671 3397 cujus
1702 3342 1830 3397 pra:-

239 3415 471 3469 sentiam
521 3413 773 3469 cernebat
796 3414 847 3468 in
873 3414 1043 3479 casio;
1073 3422 1129 3470 et
1165 3414 1231 3468 ad
1262 3431 1382 3469 eum
1420 3415 1829 3485 ﬂagrantissimo

240 3518 427 3559 amore
459 3517 759 3571 suspensus
778 3543 793 3568 ,
822 3518 1037 3558 carnem
1066 3505 1379 3572 quantocius
1406 3507 1705 3575 relinquere
1729 3548 1744 3571 ,
1776 3516 1831 3561 et

240 3595 303 3649 ad
344 3597 531 3666 ipsum
559 3592 805 3661 cupiebat
828 3592 1082 3648 advolare
1110 3610 1123 3646 :
1152 3609 1251 3649 nec
1285 3604 1509 3650 mortem
1535 3597 1645 3665 jam
1679 3598 1830 3654 time-

242 3685 328 3739 bat
349 3728 364 3752 ,
400 3684 536 3755 quia
566 3681 832 3737 Christum
854 3723 869 3748 ,
900 3697 1055 3752 quem
1086 3698 1180 3752 pro
1228 3698 1287 3739 se
1328 3685 1559 3740 occismn
1607 3688 1828 3755 sciebat,

239 3776 521 3831 viventem
570 3772 811 3839 videbat;
842 3788 905 3829 ac
934 3788 1027 3843 per
1066 3773 1168 3835 hoc
1206 3773 1487 3829 festinabat
1523 3777 1679 3831 etiam
1720 3778 1832 3846 ipse

240 3868 377 3921 mori
404 3881 507 3935 pro
537 3864 648 3927 illo,
678 3872 736 3918 ut
764 3865 965 3920 viveret
997 3880 1117 3920 cum
1146 3866 1255 3921 illo.
1296 3866 1433 3934 Quid
1459 3870 1601 3925 enim
1629 3870 1833 3927 videret

239 3956 592 4011 beatissimus
619 3953 815 4025 Martyr
834 3954 884 4008 in
907 3955 1188 4022 illoagone
1216 3957 1535 4012 constitutus
1557 4000 1572 4025 ,
1599 3960 1832 4016 recolitis

240 4046 359 4101 sine
387 4044 564 4100 dubio
588 4044 748 4098 verba
766 4044 888 4113 ejus
911 4086 925 4111 ,
950 4060 1069 4115 qua:
1108 4044 1174 4100 de
1203 4046 1428 4101 Actuum
1459 4049 1831 4117 Apostolorum

240 4136 383 4192 libro
410 4136 603 4192 soletis
623 4136 827 4191 audire.
854 4136 1002 4200 Ecce,
1032 4138 1235 4207 inquit,
1260 4138 1399 4192 video
1437 4140 1585 4194 caelos
1610 4152 1827 4212 apertos,

237 4236 286 4281 et
308 4227 579 4282 Christum
598 4235 809 4280 stantem
836 4243 867 4279 a
892 4228 1080 4282 dextris
1108 4227 1202 4281 Dei
1225 4227 1358 4299 (Act.
1387 4246 1475 4295 vn,
1510 4230 1623 4301 55).
1651 4231 1831 4287 Jesum

238 4326 483 4373 stantem
538 4315 753 4371 videbat
782 4335 794 4370 :
829 4316 947 4372 ideo
974 4317 1183 4384 stabat,
1212 4326 1265 4371 et
1293 4333 1396 4372 non
1424 4320 1683 4386 cadebat;
1711 4322 1833 4391 quia

239 4415 393 4461 stans
415 4420 635 4461 sursum
658 4405 979 4463 etdeorsum
1002 4416 1292 4461 certantem
1316 4407 1545 4477 desuper
1562 4420 1829 4479 spectans,

238 4496 473 4551 invictas
508 4494 663 4549 militi
685 4509 782 4549 suo
807 4495 967 4561 vires,
987 4512 1053 4550 ne
1073 4495 1305 4561 caderet,
1324 4498 1655 4567 suggerebat.
1683 4498 1830 4567 Ecce,

238 4586 437 4657 inquit,
462 4586 614 4640 video
633 4586 781 4640 ctelos
817 4597 1037 4657 apertos.
1081 4586 1274 4642 Beatus
1299 4587 1457 4642 homo
1483 4588 1566 4643 cui
1596 4590 1713 4645 εαξΙὶ
1741 4606 1831 4659 pa—

237 4678 453 4731 tebant.
476 4675 589 4731 Sed
619 4676 736 4745 quis
761 4676 956 4731 cmlum
985 4676 1229 4745 aperuit?
1260 4676 1350 4732 Ille
1388 4677 1453 4731 de
1482 4693 1587 4748 quo
1608 4680 1658 4733 in
1682 4682 1828 4750 Apo-

236 4766 448 4837 calypsi
494 4764 725 4830 dicitur,
760 4764 859 4833 Qui
887 4766 1083 4835 aperit,
1114 4774 1158 4818 et
1188 4782 1330 4820 nemo
1370 4768 1594 4833 claudit;
1621 4770 1832 4839 claudit,

234 4866 282 4910 et
308 4872 464 4910 nemo
515 4856 680 4925 aperit
719 4855 899 4924 (Apoc.
930 4869 1003 4920 ut,
1032 4855 1111 4923 7),
1139 4854 1360 4921 Quando
1398 4857 1564 4911 Adam
1591 4859 1658 4914 de
1684 4876 1835 4928 para-

234 4946 357 5002 diso
399 4946 617 5015 ejectus
658 4953 782 5007 est,
836 4953 957 5015 post
1006 4944 1129 5001 illud
1169 4945 1403 5014 primum,
1444 4947 1835 5019 nefandumque

234 5048 554 5108 peccatum,
580 5045 765 5092 contra
794 5034 1079 5090 humanum
1111 5050 1281 5105 genus
1323 5038 1558 5092 clausum
1598 5049 1678 5093 est
1721 5057 1835 5098 coe-

231 5129 348 5183 lum
384 5146 398 5183 :
435 5135 567 5198 post
596 5127 899 5195 passionem
946 5126 1147 5187 Christi
1188 5126 1323 5182 latro
1352 5128 1551 5196 primus
1600 5131 1831 5197 intravit,

232 5229 430 5291 postea
486 5218 794 5288 Stephanus
850 5227 1091 5287 apertum
1144 5219 1292 5273 vidit.
1356 5219 1491 5293 Quid
1548 5222 1835 5278 miramur?

230 5311 391 5379 Quod
424 5310 665 5365 fideliter
703 5309 872 5377 vidit,
902 5308 1128 5367 ﬁdeliter
1157 5310 1407 5365 indicavit
1435 5353 1449 5377 ,
1482 5320 1536 5367 et
1580 5314 1835 5371 violenter

232 5404 439 5459 invasit
461 5404 488 5456 ?

295 5515 312 5545 ³
342 5520 397 5562 ιη
422 5511 570 5574 prius
592 5510 761 5575 editis,
798 5510 891 5575 _ad__
909 5508 1028 5558 bona
1058 5509 1320 5575 certamina
1351 5511 1639 5575 transierunt
1667 5525 1684 5562 :
1708 5514 1836 5575 quod

228 5571 438 5623 veritati
463 5573 761 5621 contrarium
792 5571 1011 5633 judicans
1032 5571 1275 5633 Verlinus,
1324 5571 1515 5623 volebat
1556 5571 1835 5624 Sermonem

229 5648 349 5685 esse
366 5634 756 5743 supposititium.
770 5632 939 5682 Locum
961 5633 1087 5681 hunc
1100 5641 1149 5681 et
1164 5632 1281 5681 alios
1291 5634 1522 5695 quosdam
1535 5635 1840 5690 Corbeiensis

229 5694 341 5743 libri
368 5709 433 5743 su
473 5693 602 5743 sidio
622 5698 926 5743 castigamus.

228 5694 341 5745 libri
368 5693 602 5744 subsidio
622 5698 926 5757 castigamus.

297 5760 314 5777 '
342 5765 448 5805 Non
474 5757 711 5804 iuventus
733 5754 823 5804 nisi
867 5754 913 5803 in
950 5754 1025 5803 cb.
1058 5761 1108 5804 et
1132 5754 1178 5804 in
1202 5762 1309 5807 ιον.

296 5819 377 5882 (a)
404 5816 563 5875 Alias,
577 5815 639 5866 de
658 5817 866 5867 Diversis
884 5817 960 5865 93.

1644 386 1869 441 SEBMO
1907 387 2151 442 CCCXV.

3386 401 3523 457 N96

2023 500 2071 553 Ξ.
2083 499 2222 555 Idem
2236 512 2477 557 tractatur
2504 516 2869 576 argumentum.
2885 502 2998 573 Eia,
3016 507 3225 575 fratres,
3242 524 3523 579 sequantur

1949 605 2067 642 cum
2087 607 2099 654 ;
2120 592 2162 645 si
2178 594 2315 647 enim
2339 594 2610 665 sequimur
2623 596 2968 666 Stephanum,
2991 599 3382 654 coronabimur.
3407 600 3521 654 Ma-

1949 681 2088 735 xime
2108 693 2281 737 autem
2306 685 2605 753 sequendus
2626 697 2681 741 et
2702 688 2987 742 imitandus
3009 700 3092 742 est
3108 689 3257 744 nobis
3282 690 3334 744 in
3353 689 3518 745 dilec-

1948 769 2091 826 tione
2114 771 2464 829 inimicorum.
2479 775 2658 831 Nostis
2672 778 2812 832 enim
2829 778 2949 849 quia
2968 779 3316 848 frequentium
3340 780 3515 834 inimi-

1945 875 2127 915 corum
2145 867 2550 935 congregatione
2561 868 2936 934 circumdatus,
2956 885 3073 922 cum
3095 870 3296 925 crebris
3318 869 3439 925 hinc
3463 882 3517 926 et

1946 954 2089 1010 illine
2114 971 2360 1011 saxorum
2385 959 2574 1017 ictibus
2601 960 2929 1026 tunderetur,
2954 961 3188 1030 placidus
3210 969 3264 1017 et
3291 962 3480 1032 intrepi
3497 994 3512 1003 -

1944 1044 2066 1111 dus,
2083 1047 2227 1101 mitis
2240 1061 2288 1102 et
2306 1048 2441 1103 lenis
2454 1049 2590 1105 inter
2601 1050 2647 1104 la
2656 1052 2802 1120 pides
2818 1067 2845 1105 a
2859 1052 3050 1122 quibus
3065 1051 3423 1118 occidebatur,
3440 1053 3515 1106 in-

1944 1143 2100 1190 tuens
2128 1137 2272 1191 ilium
2302 1154 2398 1207 pro
2423 1155 2530 1210 quo
2553 1142 2908 1209 occidebatur,
2937 1143 3160 1209 noniait,
3188 1143 3408 1198 Domine
3428 1143 3517 1213 ju-

1942 1227 2057 1283 dica
2084 1230 2283 1284 obitum
2317 1247 2529 1297 meum;
2559 1233 2674 1299 sed,
2705 1235 2874 1304 accipe
2907 1235 3136 1305 spiritum
3172 1250 3355 1288 oleum.
3397 1235 3514 1290 Non

1941 1317 2034 1383 ait,
2064 1318 2286 1374 Domine
2313 1319 2459 1385 Jesu,
2495 1322 2699 1376 vindica
2742 1337 2953 1378 servum
2982 1334 3152 1390 tuum,
3184 1339 3340 1395 quem
3368 1324 3516 1380 vides

1942 1409 2043 1463 isto
2071 1411 2327 1479 supplicio
2357 1414 2544 1467 mortis
2572 1412 2875 1479 addictum;
2916 1415 3041 1482 sed,
3086 1432 3151 1470 ne
3180 1425 3374 1471 statuas
3409 1416 3513 1470 illis

1941 1498 2036 1552 hoc
2062 1510 2320 1568 peccatum
2344 1502 2479 1573 (Act.
2512 1519 2607 1570 vu,
2638 1503 2728 1568 58,
2756 1503 2870 1570 59).
2896 1505 3191 1560 Persistens
3216 1520 3345 1576 ergo
3383 1506 3511 1561 bea—

1940 1589 2180 1644 tissimus
2217 1590 2417 1663 Martyr
2452 1593 2503 1647 in
2544 1594 2848 1648 testimonio
2875 1596 3129 1658 veritatis,
3158 1605 3212 1651 et
3240 1596 3513 1651 charitatis

1938 1678 2132 1732 ardens
2172 1682 2379 1750 spiritu,
2421 1682 2560 1737 sicut
2586 1684 2791 1746 nostis,
2834 1685 3077 1753 pervenit
3102 1685 3167 1738 ad
3192 1685 3513 1755 gloriosissi-

1938 1788 2081 1827 mum
2109 1774 2301 1839 linem;
2330 1783 2383 1828 et
2406 1775 2497 1844 qui
2526 1784 2742 1831 vocatus
2770 1791 2938 1846 usque
2963 1775 3029 1830 ad
3061 1776 3218 1831 linem
3260 1792 3510 1846 perseve-

1935 1864 2091 1929 ravit,
2122 1864 2173 1918 in
2201 1864 2305 1919 line
2331 1866 2472 1935 quod
2493 1867 2778 1923 vocabatur
2795 1868 3022 1938 adeptus
3046 1877 3146 1933 est,
3173 1867 3254 1922 sui
3280 1869 3511 1925 nominis

1935 1954 2097 2024 gloria
2116 1954 2415 2025 Stephanus
2428 1956 2709 2026 perductus
2722 1968 2804 2012 est
2818 1957 2884 2013 ad
2900 1973 3168 2013 coronam.
3185 1958 3407 2026 Quando
3423 1973 3514 2013 crs

1933 2058 2003 2114 go
2017 2044 2205 2099 beatus
2225 2044 2529 2116 Stephanus
2548 2062 2645 2117 pro
2661 2048 2871 2103 Christo
2886 2050 3087 2119 primus
3105 2050 3412 2119 sanguinem
3433 2049 3509 2105 fu.

1935 2136 2045 2203 dit,
2076 2138 2225 2208 quasi
2263 2153 2459 2193 corona
2490 2140 2753 2210 processit
2779 2141 2845 2196 de
2873 2142 3045 2204 caelo;
3092 2151 3149 2196 ut
3176 2158 3293 2196 eam
3330 2158 3507 2198 sumen

1935 2238 2057 2284 rent
2092 2238 2372 2300 sequentes
2403 2230 2455 2284 in
2489 2232 2728 2301 praemio,
2757 2234 2844 2302 qui
2876 2233 3219 2303 praecedentis
3262 2234 3507 2289 virtutem

1934 2318 2270 2374 imitarentur
2306 2321 2355 2373 iu
2396 2321 2599 2391 praelio.
2640 2320 2997 2391 lmpleverunt
3040 2324 3371 2391 postmodum
3404 2332 3505 2379 ter:

1934 2424 2045 2463 ram
2073 2408 2257 2466 crebra
2306 2412 2576 2482 martyria.
2606 2412 2932 2482 Quicumque
2975 2422 3157 2482 postea
3196 2416 3507 2484 sanguinem

1933 2513 2030 2568 pro
2065 2496 2264 2556 Christi
2303 2501 2636 2558 confessione
2664 2502 2933 2571 fuderunt,
2966 2504 3329 2573 imposuerunt
3356 2519 3507 2559 coro-

1933 2608 2053 2646 nam
2082 2592 2223 2647 illam
2254 2594 2409 2662 capiti
2440 2608 2561 2658 suo,
2589 2603 2643 2649 et
2667 2610 2787 2650 eam
2818 2596 3075 2650 secuturis
3105 2595 3360 2666 integram
3390 2610 3506 2651 ser-

1934 2692 2206 2737 raserunt.
2236 2684 2302 2741 Et
2322 2684 2503 2751 modo,
2531 2684 2741 2751 fratres,
2769 2687 2835 2741 de
2863 2686 2999 2741 coelo
3025 2686 3247 2757 pendet:
3268 2688 3508 2757 quisquis

1932 2787 2049 2827 eam
2072 2774 2418 2843 concupierit,
2442 2775 2506 2829 ad
2534 2790 2653 2831 eam
2675 2777 2928 2832 velociter
2949 2778 3163 2832 volabit.
3186 2778 3253 2832 Et
3276 2787 3333 2831 ut
3352 2778 3508 2833 Sanc-

1934 2865 2139 2921 titatem
2172 2876 2404 2921 vestram
2433 2867 2664 2924 breviter
2700 2877 2861 2939 atque
2899 2869 3171 2925 evidenter
3207 2869 3503 2935 hortemur,

1933 2958 2114 3012 multis
2159 2974 2263 3013 non
2302 2973 2436 3029 opus
2472 2971 2554 3015 est
2595 2960 2771 3015 verbis
2801 2978 2815 3015 :
2854 2969 3106 3030 sequatur
3139 2959 3463 3030 Stephanum
3488 3001 3503 3023 ,

1931 3048 2248 3119 quicumque
2288 3048 2553 3106 desiderat
2591 3064 2865 3105 coronam.
2914 3049 3170 3106 Conversi
3217 3049 3283 3105 ad
3331 3049 3506 3104 Domi-

1933 3155 2080 3207 num,
2108 3148 2209 3195 etc.

2389 3269 2616 3327 SERMO
2653 3268 2876 3327 cccxv
2902 3272 2920 3295 ο
2948 3270 3049 3342 (a).

2239 3388 2289 3430 In
2305 3380 2610 3435 solemnitate
2638 3380 2863 3444 Stephani
2889 3380 3123 3443 martyris,
3151 3394 3201 3428 ιι.

2002 3504 2229 3560 CAPUT
2279 3502 2561 3559 PRIMUM.
2602 3504 2771 3558 -1.
2840 3502 3086 3571 Stephani
3159 3511 3296 3572 gesta
3364 3518 3508 3555 cano-

1934 3594 2046 3647 nico
2094 3592 2242 3649 Libro
2288 3601 2539 3646 contenta.
2590 3592 2809 3646 Acutum
2844 3591 3201 3661 Apostolorum
3241 3590 3363 3645 liber
3409 3591 3506 3661 legi

1934 3685 2111 3738 solitus
2146 3701 2178 3737 a
2217 3682 2481 3737 Dominico
2535 3680 2772 3738 Pasclue.
2822 3682 3166 3737 Beatissimus
3208 3682 3506 3751 Stephanus

1936 3773 2203 3843 quomodo
2252 3772 2421 3827 fuerit.
2455 3772 2710 3827 diaconus
2757 3772 3030 3826 ordinatus
3074 3786 3195 3826 cum
3241 3772 3359 3825 aliis
3412 3784 3503 3825 sex

1935 3864 2096 3919 etiam
2136 3864 2250 3930 ipse
2279 3863 2555 3932 septimus,
2588 3871 2643 3917 et
2670 3862 2937 3932 quomodo
2970 3861 3272 3932 pervenerit
3307 3860 3372 3915 ad
3420 3875 3512 3915 su-

1937 3950 2154 4022 pernam
2180 3966 2453 4019 coronam,
2483 3967 2604 4006 cum
2635 3952 2744 4021 ipsa
2776 3952 2932 4007 lectio
2958 3952 3244 4022 legeretur,
3267 3950 3501 4004 audistis.

1936 4046 2049 4101 lloc
2076 4044 2302 4114 primum
2332 4040 2486 4113 primi
2517 4043 2761 4115 Martyris
2796 4044 3039 4097 meritum
3078 4042 3503 4097 commendatunt

1937 4145 2017 4192 eSt
2057 4134 2313 4190 Charitati
2350 4142 2585 4190 vestrae:
2627 4135 2749 4204 quia
2778 4136 2907 4189 'cnm
2951 4133 3172 4187 aliorum
3213 4142 3503 4203 martyrum

1936 4229 2023 4282 vix
2051 4226 2210 4283 Gesta
2242 4226 2591 4290 inveniamus,
2620 4242 2739 4296 quae
2780 4226 2831 4279 in
2874 4224 3296 4279 solemnitatibus
3321 4238 3505 4278 eorum

1937 4319 2161 4374 recitare
2189 4317 2474 4388 possimus,
2505 4318 2661 4387 hujus
2690 4317 2867 4387 passio
2893 4318 2943 4371 in
2970 4317 3227 4374 canonico
3250 4317 3382 4371 libro
3403 4325 3504 4371 est.

1938 4411 2103 4464 Actus
2131 4408 2507 4479 Apostolorum
2555 4409 2689 4463 liber
2718 4416 2800 4463 est
2839 4407 2907 4464 de
2946 4407 3159 4464 Canone
3204 4407 3500 4476 Scriptura-

1937 4516 2075 4555 rum.
2104 4499 2221 4570 Ipse
2250 4500 2385 4556 liber
2411 4500 2590 4570 incipit
2618 4501 2716 4571 legi
2744 4516 2777 4555 a
2800 4500 3077 4555 Dominico
3106 4498 3346 4563 Paschae,
3374 4499 3511 4553 sicut

1940 4605 1997 4646 se
2024 4590 2350 4646 consuetudo
2378 4591 2537 4646 habet
2562 4591 2833 4649 Ecclesiae.
2871 4591 2928 4645 lu
2959 4591 3059 4645 hoc
3087 4604 3213 4658 ergo
3238 4589 3395 4653 libro,
3422 4592 3508 4644 cui

1941 4681 2124 4736 titulus
2148 4690 2248 4746 est,
2271 4683 2434 4735 Actus
2450 4681 2852 4751 Apostolorum,
2875 4680 3093 4736 audistis
3117 4677 3383 4747 quomodo
3403 4679 3512 4733 sint

1939 4773 2115 4839 electi,
2141 4782 2195 4828 et
2218 4772 2285 4826 ab
2305 4773 2573 4843 Apostolis
2598 4772 2823 4829 ordinati
2847 4780 3050 4841 septem
3071 4770 3300 4834 diaconi,
3324 4770 3375 4824 in
3400 4770 3517 4841 qui-

1939 4864 2038 4919 bus
2080 4871 2292 4919 sanctus
2334 4863 2634 4933 Stephanus
2670 4873 2803 4917 erat.
2847 4862 3059 4915 Priores
3100 4860 3339 4928 Apostoli
3364 4902 3379 4929 ,
3426 4876 3503 4916 se~

1939 4962 2163 5024 quentes
2185 4953 2410 5008 diaconi.
2441 4956 2506 5008 Et
2531 4954 2675 5023 prior
2700 4962 2899 5022 martyr
2934 4950 3003 5006 de
3036 4950 3308 5018 diaconis,
3347 4967 3507 5021 quam

1940 5044 2007 5099 de
2035 5044 2321 5113 Apostolis,
2350 5064 2363 5099 :
2396 5046 2541 5117 prior
2566 5045 2777 5099 victima
2804 5042 2870 5097 de
2897 5042 3067 5114 agnis,
3094 5058 3251 5115 quam
3275 5044 3343 5099 de
3366 5045 3507 5099 arie-

1942 5133 2101 5195 tibus.

2008 5222 2063 5281 2.
2096 5222 2343 5295 Stephani
2369 5224 2533 5292 passio
2548 5222 2724 5283 similis
2741 5221 2963 5293 passioni
2980 5221 3183 5277 Christi.
3204 5221 3349 5277 Falsi
3366 5231 3509 5277 testes

1939 5322 2113 5367 contra
2148 5322 2427 5383 utrumque.
2464 5310 2696 5367 Veritatis
2724 5327 2905 5381 magna
2925 5312 3016 5365 vis.
3046 5312 3304 5379 Quantam
3331 5321 3508 5366 autem

1939 5419 2060 5463 cum
2083 5403 2305 5457 Domino
2326 5416 2421 5455 suo
2439 5412 2491 5455 et
2506 5400 2777 5457 Salvatore
2796 5416 2893 5456 suo
2914 5400 3095 5457 habuit
3109 5401 3507 5456 similitudinem

1940 5493 2219 5563 passionis!
2237 5490 2373 5545 Falsi
2393 5500 2551 5545 testes
2570 5491 2829 5546 adversus
2851 5491 3029 5558 istum,
3042 5491 3308 5562 quomodo
3321 5491 3507 5547 adver~

1940 5599 2029 5640 sus
2045 5583 2191 5641 illum
2210 5600 2221 5636 :
2236 5590 2289 5636 et
2302 5580 2368 5636 de
2387 5582 2496 5651 ipsa
2520 5596 2596 5636 re.
2613 5581 2790 5637 Nostis
2802 5583 2943 5637 enim
2959 5592 3012 5638 et
3028 5583 3277 5651 recolitis,
3301 5582 3416 5640 falsi
3442 5593 3512 5639 tc-

2005 5759 2019 5777 ⁶
2046 5765 2140 5805 Non
2167 5759 2391 5806 iuventus
2413 5759 2502 5806 nisi
2527 5760 2573 5807 in
2598 5774 2637 5807 r.
2668 5769 2715 5810 ct
2740 5761 2787 5809 in
2820 5766 2929 5808 Lor.

2007 5819 2079 5881 (η)
2102 5818 2240 5879 Alias,
2265 5819 2327 5869 de
2352 5822 2559 5871 Diversis
2579 5822 2656 5871 95.
