4036 6444
528 359 548 413 l
560 355 663 414 4'37

520 484 632 531 stes
647 482 831 529 contra
856 470 1139 526 Dominum
1160 467 1432 526 Christum
1447 466 1572 539 quid
1592 440 1869 521 dixerunt:
1892 462 2003 518 Nos
2019 479 2106 517 ttu-

522 568 736 623 dioimus
753 582 863 621 eum
884 564 1240 634 dicere,Soloo
1270 563 1512 634 templum
1541 562 1654 627 hoc,
1673 569 1720 613 et
1748 567 1859 631 post
1880 558 2105 613 triduum

434 656 435 667 “
521 662 719 729 redi/ica
755 660 971 714 alterum
997 674 1182 714 nouam
1213 657 1421 730 (Marc.
1451 672 1564 722 xtv,
1591 653 1726 726 58).
1765 653 1882 708 Non
1922 663 2102 708 autem

518 752 623 807 hoc
650 752 904 809 Dominus
931 752 1174 808 dixerat:
1204 751 1298 808 sed
1327 749 1498 805 vicina
1539 748 1704 803 voluit
1742 761 1864 803 esse
1900 744 2104 801 falsitas

520 844 749 899 veritati.
779 842 1058 911 Quomodo
1082 850 1204 898 sunt
1238 841 1356 897 falsi
1385 840 1580 897 testes?
1608 838 1907 894 Audierant
1932 836 2104 895 dixis-

518 950 611 988 se:
638 935 829 990 Solvite
848 934 1091 1005 templum
1111 935 1225 997 hoc,
1254 943 1302 987 et
1330 942 1440 1003 post
1462 931 1686 986 triduum
1710 928 2013 985 resuscitabo
2032 927 2099 981 il-

520 1026 973 1097 lud.Evangelista
993 1033 1169 1081 autem
1191 1026 1319 1081 dicit
1338 1043 1350 1077 :
1376 1024 1487 1079 Hoc
1505 1034 1671 1079 autem
1687 1022 1885 1078 dicebat
1899 1022 1962 1078 de
1977 1030 2103 1077 teut-

520 1118 606 1187 plo
617 1118 840 1189 corporis
850 1119 928 1172 sui
940 1116 1190 1190 (Ιοωωι,
1206 1116 1353 1173 19-21
1365 1115 1405 1185 ).
1422 1114 1561 1170 Falsi
1575 1123 1757 1178 testes,
1771 1126 1869 1183 pro
1884 1126 1949 1167 eo
1959 1109 2100 1181 quod

519 1212 720 1274 dictum
748 1222 833 1269 est
854 1212 1065 1277 Solvite,
1097 1211 1346 1267 dixerunt
1391 1209 1566 1265 Solve.
1593 1207 1856 1263 Modicum
1894 1205 1947 1259 in
1987 1204 2099 1276 syl-

520 1306 656 1361 labis
684 1313 1022 1361 mutaverunt
1047 1322 1061 1360 :
1090 1303 1185 1360 sed
1213 1312 1357 1359 tanto
1384 1301 1500 1357 falsi
1536 1308 1700 1357 testes
1736 1299 1949 1369 pejores
1981 1297 2098 1352 fue-

518 1408 665 1466 runt,
690 1407 890 1469 quanto
912 1397 1269 1470 propinquare
1295 1395 1505 1451 veritati
1538 1409 1630 1463 per
1652 1392 1969 1449 calumniam
2002 1405 2100 1446 vo-

518 1489 753 1545 luerunt.
798 1489 863 1543 Et
896 1488 1019 1543 huic
1054 1487 1180 1558 quid
1209 1484 1511 1557 objectum?
1545 1482 1656 1538 Nos
1680 1483 1964 1537 audivimus
1988 1497 2100 1537 eum

517 1581 708 1636 dixisse
734 1581 852 1651 quia
875 1580 1030 1635 Iesus
1060 1578 1360 1637 Nazarenus
1388 1578 1606 1632 destruet
1636 1573 1879 1645 templum
1906 1574 2017 1640 hoc,
2051 1582 2100 1629 et

515 1671 730 1725 mutabit
757 1671 1168 1726 consuetudinem
1202 1668 1353 1740 Legis
1396 1666 1549 1737 (Act.
1605 1682 1679 1733 v1,
1724 1667 1846 1736 M).
1883 1664 2101 1721 Falsum

518 1760 879 1815 testimonium
908 1759 1188 1825 dicebant,
1238 1767 1294 1814 et
1334 1773 1458 1814 vera
1500 1755 1905 1827 prephetabaut.
1950 1754 2097 1822 Quo-

516 1853 679 1909 modo
700 1852 928 1922 Caiphas
953 1852 1066 1917 ille,
1095 1852 1347 1921 magister
1376 1851 1607 1917 illorum,
1638 1850 1885 1920 princeps
1915 1861 2096 1903 sacer.

515 1944 701 1999 dotum
720 1986 735 2011 ,
764 1944 898 1999 dans
924 1943 1203 1999 consilium
1231 1942 1431 1997 ludatis
1454 1983 1469 2007 ,
1498 1950 1555 1996 ut
1581 1940 1920 1996 occideretur
1942 1936 2099 1992 Chri-

514 2044 652 2100 stus,
676 2034 777 2090 hoc
800 2035 967 2092 dixit:
997 2034 1213 2105 Expedit
1240 2050 1395 2087 unum
1420 2033 1568 2100 mori,
1594 2047 1747 2103 quam
1769 2038 1824 2085 ut
1848 2038 1953 2091 tota
1978 2045 2099 2099 gens

515 2137 703 2197 pereat.
731 2127 818 2181 Ait
841 2134 1016 2182 autem
1047 2125 1411 2196 evangelista:
1460 2123 1572 2178 Hoc
1609 2139 1711 2177 non
1753 2139 1787 2177 a
1830 2122 2097 2191 semetipso

516 2219 665 2284 dixit,
696 2219 785 2274 sed
821 2235 934 2273 cum
976 2227 1104 2272 esset
1147 2218 1378 2288 pontifex
1416 2216 1539 2269 anni
1582 2215 1740 2280 illius,
1782 2213 2098 2284 prophetavit

512 2312 633 2382 quia
657 2310 913 2379 oportebat
933 2308 1189 2365 Christum
1214 2308 1343 2363 mori
1372 2324 1463 2378 pro
1491 2315 1634 2379 gente
1660 2304 1855 2378 (Joan.
1884 2321 1960 2368 xl.
2001 2304 2093 2373 50,

515 2405 581 2461 Si
609 2405 647 2473 ).
676 2403 813 2473 Quid
842 2403 946 2458 hoc
972 2413 1075 2467 est,
1118 2400 1347 2457 fratres?
1374 2399 1557 2470 Magna
1599 2399 1682 2454 vis
1708 2406 1792 2455 est
1833 2397 2090 2453 veritatis.

513 2495 758 2552 Oderunt
780 2500 1058 2552 veritatem
1088 2494 1354 2561 homines,
1395 2503 1449 2550 et
1472 2494 1749 2555 veritatem
1777 2493 2096 2564 prophetant

511 2588 833 2642 nescientes.
860 2586 974 2641 Non
1001 2593 1183 2655 agunt,
1225 2584 1319 2640 sed
1349 2584 1523 2654 agitur
1550 2583 1617 2639 de
1647 2583 1772 2638 illis.
1805 2583 2101 2667 Processe-_

510 2686 638 2733 sunt
665 2693 794 2748 ergo
828 2678 914 2733 isti
945 2676 1062 2733 falsi
1092 2685 1257 2733 testes
1297 2675 1501 2732 similes
1533 2674 1684 2730 falsis
1725 2674 1966 2742 testibus,
1999 2674 2093 2731 sed

511 2784 611 2841 pro
635 2770 827 2841 quibus
852 2769 1061 2825 occisus
1085 2778 1170 2825 est
1192 2768 1456 2825 Christus.
1800 2782 1807 2788 ·

581 2858 809 2916 CAPUT
848 2858 912 2914 ll.
941 2890 1013 2900 —
1049 2860 1103 2915 ὅ.
1148 2858 1440 2932 Stephanus
1470 2857 1524 2911 in
1551 2857 1819 2921 concilium
1845 2857 2096 2913 adductus

510 2966 602 3005 cur
624 2965 724 3004 non
752 2950 981 3022 exemplo
999 2949 1187 3005 Christi
1213 2957 1363 3003 tacet.
1391 2947 1561 3018 Super
1588 2956 1771 3001 tectum
1794 2949 2089 3019 prazdicare.

509 3042 591 3099 Illi
620 3041 954 3098 adduxerunt
981 3057 1101 3097 eum
1134 3042 1188 3095 in
1215 3040 1518 3105 concilium,
1550 3048 1606 3093 ut
1634 3038 1890 3094 haberent
1920 3038 2095 3109 majus

507 3131 783 3202 judicium.
809 3133 1023 3187 Amicus
1045 3140 1221 3187 autem
1243 3130 1460 3194 Christi,
1485 3145 1605 3184 cum
1630 3130 1853 3185 dixisset
1876 3145 2092 3186 causam

510 3238 694 3291 suam,
736 3223 1041 3292 praedicavit
1077 3223 1352 3277 veritatem
1397 3221 1606 3275 Domini
1651 3222 1753 3275 sui.
1801 3222 2093 3279 Morituros

510 3322 625 3368 erat
652 3331 665 3367 :
694 3328 861 3385 quare
886 3313 1061 3383 impiis
1085 3314 1169 3383 pia
1195 3313 1368 3383 lingua
1396 3313 1628 3367 taceret?
1652 3310 1827 3379 Quare
1857 3327 1961 3366 non
1989 3326 2087 3383 pro

509 3406 732 3461 veritate
750 3405 1079 3460 moreretur?
1108 3404 1218 3459 Hoc
1245 3419 1349 3459 uno
1374 3403 1545 3474 impar
1566 3404 1789 3459 Domino
1808 3418 1929 3467 suo,
1958 3404 2090 3460 certi

507 3514 667 3555 causa
704 3499 975 3571 mysterii,
1016 3507 1273 3569 quantum
1311 3500 1539 3570 pertinet
1578 3499 1646 3567 ad
1684 3497 2088 3554 similitudinem

508 3590 791 3661 passionis.
815 3588 948 3645 Nam
979 3589 1066 3645 ille
1110 3590 1249 3651 Deus
1284 3597 1371 3645 est
1412 3590 1725 3653 excellentia
1772 3589 2083 3659 majestatis.

511 3681 770 3737 Dominus
794 3680 1007 3751 quando
1034 3680 1101 3735 ad
1132 3680 1429 3751 passionem
1455 3682 1649 3737 ductus
1673 3690 1772 3747 est,
1799 3682 2091 3751 interroga-

506 3780 593 3825 tus
623 3780 799 3828 tacere
826 3771 1050 3826 maluit:
1076 3771 1177 3825 iste
1203 3787 1308 3826 non
1351 3774 1533 3827 tacuit.
1576 3774 1751 3841 Quare
1789 3772 1878 3828 ille
1909 3782 2086 3829 tacere

507 3860 733 3916 maluit?
760 3859 892 3927 Quia
923 3860 1235 3930 prtedietum
1273 3862 1340 3917 de
1381 3863 1472 3917 illo
1501 3871 1614 3919 erat
1642 3881 1655 3917 :
1689 3862 1837 3918 Sicut
1875 3865 1980 3917 ovis
2017 3863 2091 3917 ad

506 3952 871 4007 immolandum
897 3953 1078 4009 ductus
1104 3964 1195 4019 est,
1222 3963 1268 4009 et
1299 3955 1426 4010 sicut
1462 3973 1623 4027 agnus
1648 3973 1818 4011 coram
1854 3956 2088 4011 tondente

506 4058 560 4096 se
581 4044 691 4098 sine
709 4059 846 4110 voce,
869 4045 941 4099 sic
961 4061 1062 4099 non
1085 4046 1279 4116 aperuit
1306 4062 1362 4100 os
1379 4062 1522 4099 suum
1543 4045 1694 4119 (lsai.
1717 4062 1826 4111 un,
1852 4046 1962 4119 7i).
1984 4049 2089 4102 Iste

506 4145 683 4189 autem
711 4151 877 4205 quare
904 4144 1081 4193 tacere
1110 4137 1316 4193 noluit?
1342 4138 1473 4206 Quia
1502 4138 1569 4193 ab
1596 4138 1711 4208 ipso
1742 4139 1964 4193 Domino
2000 4134 2084 4194 di-

505 4235 650 4282 ctum
673 4234 820 4283 erat:
848 4226 976 4295 Quae
995 4228 1108 4283 dico
1131 4230 1266 4287 vobis
1288 4232 1340 4285 in
1365 4230 1594 4298 tenebris,
1616 4231 1765 4285 dicite
1784 4232 1838 4285 in
1861 4231 2086 4297 lumine;

504 4330 551 4372 et
580 4333 695 4388 qut:
719 4317 772 4372 in
798 4333 924 4372 aure
954 4320 1141 4375 auditis
1159 4362 1173 4386 ,
1215 4321 1487 4391 prtedicate
1506 4337 1658 4393 super
1686 4330 1812 4377 tecta
1856 4321 2081 4393 (Matth.

503 4425 560 4473 χ,
589 4407 659 4463 27
684 4408 725 4479 ).
767 4407 1046 4475 Quomodo
1088 4420 1302 4465 sanctus
1345 4412 1648 4482 Stephanus
1682 4429 1843 4483 super
1885 4421 2082 4469 tectum

503 4500 849 4571 praedicavit?
870 4500 1003 4571 Quia
1028 4501 1244 4557 domum
1265 4504 1459 4563 luteam
1481 4520 1694 4561 carnem
1717 4506 1960 4561 calcavit.
1982 4505 2091 4573 Qui

502 4593 647 4647 enim
675 4599 900 4647 mortem
932 4606 1036 4647 non
1085 4592 1254 4660 timet,
1297 4609 1513 4649 carnem
1558 4597 1745 4651 calcat.
1794 4597 1890 4653 llic
1936 4597 2083 4667 prius

502 4683 751 4752 exposuit
777 4683 884 4738 illis
910 4682 978 4738 ab
1004 4681 1155 4737 initio
1182 4682 1352 4753 legem
1384 4684 1496 4749 Dei,
1526 4685 1594 4740 ab
1622 4685 1885 4741 Abraham
1919 4700 2082 4756 usque

501 4773 569 4831 ad
593 4774 831 4845 Moysen,
861 4788 1032 4843 usque
1054 4772 1122 4828 ad
1145 4772 1319 4827 datam
1354 4774 1550 4845 legem,
1590 4767 1756 4846 usque
1784 4776 1850 4830 ad
1896 4778 2084 4832 introi-

505 4876 616 4920 tum
657 4865 709 4920 in
744 4874 938 4921 terram
975 4864 1381 4935 promissionis;
1428 4875 1483 4920 ut
1525 4868 1923 4924 commendaret
1956 4870 2080 4940 quia

504 4970 610 5009 non
648 4965 760 5010 erat
802 4970 990 5013 verum
1036 4957 1417 5025 testimonium,
1461 4957 1601 5012 unde
1647 4958 1721 5012 illi
1762 4943 2082 5015 calumniam

502 5047 927 5101 commovebant.
975 5046 1176 5102 Deinde
1222 5047 1289 5103 de
1327 5048 1509 5120 Moyse
1543 5048 1690 5110 dedit
1728 5051 1807 5106 cis
1835 5066 2079 5123 magnam

501 5137 899 5195 similitudinem
928 5140 996 5194 ad
1024 5138 1314 5195 Christum.
1357 5142 1693 5212 Reprobatus
1729 5143 1797 5198 ab
1824 5145 1901 5199 eis
1929 5145 2081 5219 Moy-

502 5246 610 5298 ses,
642 5239 698 5287 et
736 5230 849 5303 ipse
878 5246 970 5288 eos
996 5231 1277 5287 liberavit:
1309 5234 1619 5304 rdprobatus
1656 5233 1918 5310 liberavit.
1962 5236 2087 5307 Non.

501 5325 733 5382 reddidit
760 5325 953 5380 malum
985 5340 1082 5395 pro
1111 5324 1252 5379 malo
1277 5326 1435 5380 :.imo
1472 5326 1703 5383 reddidit
1743 5327 1940 5384 bonum
1983 5344 2079 5398 pro

502 5418 664 5474 malo.
691 5417 780 5474 Sic
820 5425 875 5473 et
913 5417 1166 5472 Dominus
1191 5415 1433 5473 Christus
1467 5419 1779 5488 reprobatus
1803 5432 1832 5473 a
1859 5418 2078 5487 Judzris,

502 5509 617 5579 ipse
641 5509 761 5565 illos
784 5518 865 5564 est
895 5516 1073 5579 postea
1102 5508 1439 5565 liberaturus.

570 5599 797 5659 CAPUT
836 5599 921 5656 ill.
949 5629 1021 5642 --
1054 5602 1109 5656 ι.
1146 5599 1447 5658 Judteorum
1475 5620 1595 5674 gens
1632 5620 1718 5672 per
1741 5601 1997 5660 Christum
2024 5604 2077 5659 in

501 5691 800 5763 quibusdam
837 5693 1066 5749 liberata.
1099 5694 1203 5753 Sed
1248 5694 1405 5750 modo
1443 5696 1532 5765 qui
1562 5695 1806 5762 moritur,
1840 5705 2079 5753 mortuus

503 5795 603 5843 est.
631 5784 799 5843 Judaai
824 5800 957 5857 quos
997 5785 1162 5854 vides,
1196 5785 1464 5842 habebunt
1511 5794 1718 5858 tempus
1756 5789 2083 5846 liberationis

1767 348 1823 403 S.
1866 343 2228 401 AUGUSTINI
2267 348 2563 408 EPISCOPI

3670 365 3799 424 1428

2215 477 2344 527 sum,
2375 477 2472 534 per
2498 465 2668 533 ipsum
2702 481 2856 535 quem
2901 469 3356 542 reprobavcrunt;
3389 474 3484 533 sed
3526 478 3796 537 nesciunt.

2214 554 2371 610 Modo
2397 556 2485 627 qui
2515 556 2900 628 blasphemant,
2927 575 3155 632 pereunt
3181 583 3194 621 :
3226 576 3350 624 tunc
3374 568 3465 626 alii
3491 580 3673 641 erunt,
3691 589 3795 630 non

2213 646 2320 701 isti.
2350 647 2571 717 Quando
2608 651 2711 707 ista
2734 651 2979 721 dicimus,
3010 671 3117 711 non
3155 656 3294 725 aliis,
3324 659 3420 716 sed
3449 661 3548 717 sibi
3580 664 3800 733 promit-

2216 738 2374 794 timus
2398 741 2641 796 salutem.
2687 742 2832 803 Gens
2859 745 3189 815 liberabitur,
3233 766 3341 806 non
3386 752 3493 808 isti.
3526 732 3827 811 intendite.

2211 838 2266 885 et
2290 832 2512 901 accipite
2540 834 2960 892 similitudinem.
2988 837 3253 910 Numquid
3279 857 3384 897 non
3415 843 3574 899 modo
3597 845 3797 903 Gentes

2212 919 2403 976 liberat
2429 924 2603 979 Deus?
2631 924 2868 982 Credunt
2896 944 3081 984 omnes
3107 940 3293 1001 gentes
3321 933 3374 986 in
3401 932 3675 990 Christum
3696 979 3713 1005 ,
3744 946 3797 993 et

2211 1011 2347 1067 fiunt
2368 1014 2435 1070 de
2464 1015 2584 1070 filiis
2610 1017 2807 1073 diaboli
2836 1020 2929 1073 lilii
2958 1021 3071 1075 Dei.
3093 1022 3291 1078 Tamen
3323 1024 3398 1079 illi
3424 1037 3677 1096 parentes
3696 1045 3793 1083 no-

2209 1104 2326 1168 stri,
2349 1104 2417 1160 de
2444 1106 2635 1176 quibus
2662 1109 2768 1163 nati
2797 1124 3001 1177 sumus,
3026 1112 3116 1183 qui
3157 1112 3299 1170 idola
3343 1115 3646 1185 coluerunt,
3673 1132 3794 1174 cun:-

2209 1196 2366 1255 idolis
2396 1201 2684 1269 perierunt.
3066 1198 3067 1201 “

2278 1292 2331 1347 5.
2362 1291 2654 1381 Stephanus
2698 1296 2753 1353 in
2794 1296 3004 1353 Iudaeos
3033 1300 3208 1373 lingua
3244 1306 3408 1374 ferox,
3447 1308 3603 1359 corde
3640 1307 3791 1363 lenis.

2206 1383 2464 1450 Audistis,
2493 1396 2546 1441 et
2571 1390 2869 1457 spectacula
2898 1392 3076 1447 cordis
3102 1393 3326 1450 vidistis.
3366 1394 3542 1452 Sonus
3589 1407 3713 1453 erat
3740 1398 3793 1453 in

2207 1476 2448 1547 auribus,
2484 1478 2618 1534 visio
2652 1480 2706 1537 in
2753 1483 3041 1537 mentibus.
3068 1483 3359 1554 Spectastis
3381 1503 3633 1559 magnum
3662 1504 3793 1559 ago-

2207 1583 2327 1622 nem
2360 1569 2529 1624 sancti
2551 1570 2826 1641 Stephani,
2845 1575 2935 1644 qui
2962 1575 3017 1629 in
3043 1591 3215 1647 agone
3244 1577 3598 1647 lapidabatur.
3627 1581 3794 1647 Quis?

2206 1657 2306 1724 Qui
2328 1659 2639 1728 jamdudum
2657 1662 2828 1733 legem
2858 1665 3103 1721 docebat.
3134 1668 3306 1736 Quam
3330 1670 3499 1741 legem
3529 1672 3791 1729 docebat?

2206 1750 2374 1817 Quam
2397 1751 2473 1807 illi
2498 1752 2551 1807 in
2579 1754 2768 1823 tabulis
2801 1755 3025 1827 lapideis
3046 1771 3386 1830 acceperunt.
3402 1742 3605 1820 "Merito
3653 1766 3791 1835 lapi-

2204 1841 2290 1897 dei
2321 1842 2464 1909 lacti,
2494 1845 2721 1902 amicum
2762 1845 2957 1905 Christi
3002 1851 3385 1922 lapidaverunt.
3422 1854 3569 1911 Dura
3602 1860 3793 1913 cervice

2206 1932 2577 2007 (posteaquam
2604 1938 2803 2007 docuit,
2835 1941 3117 2013 objurgare
3145 1944 3352 2017 erepit),
3381 1956 3427 2000 et
3454 1964 3555 2001 non
3582 1949 3793 2003 circum-

2203 2026 2296 2082 cisi
2310 2028 2461 2082 corde
2485 2039 2531 2083 et
2555 2031 2782 2086 auribus.
2809 2032 2967 2103 Quem
2988 2023 3361 2106 prophetarum~
3375 2054 3477 2091 non
3498 2040 3791 2103 occiderunt

2206 2129 2371 2188 patres
2391 2122 2540 2177 vestri
2561 2121 2806 2181 ?.S:evire
2832 2125 3075 2181 videtur:
3110 2128 3286 2199 lingua
3316 2130 3486 2197 feros,
3523 2146 3613 2187 eor
3646 2134 3787 2190 lene.

2203 2209 2508 2279 Clamabat,
2537 2220 2592 2268 et
2632 2214 2865 2270 amabat.
2892 2215 3189 2286 Saeviebat,
3217 2228 3271 2274 et
3294 2220 3471 2275 salvos
3497 2221 3612 2277 en
3638 2224 3786 2279 vole-

2204 2300 2312 2356 bat.
2363 2303 2492 2370 Quis
2544 2320 2648 2361 non
2698 2307 2947 2363 crederet
2986 2309 3195 2376 iratum,
3241 2313 3361 2382 quis
3407 2328 3512 2369 non
3540 2315 3789 2370 crederet

2202 2394 2448 2450 odiorum
2473 2395 2675 2465 facibus
2700 2398 3102 2466 inﬂammatum,
3134 2402 3347 2472 quando
3375 2403 3607 2471 dicebat,
3641 2405 3789 2467 Dura

2202 2488 2410 2551 ceruice,
2439 2496 2485 2541 et
2511 2504 2613 2542 non
2633 2488 2917 2544 circumcisi
2935 2490 3084 2545 corde
3111 2500 3160 2545 et
3186 2492 3391 2548 auribus
3410 2494 3437 2547 .9
3471 2493 3681 2553 Interea
3721 2496 3789 2553 de

2202 2579 2340 2634 etelo
2366 2577 2623 2634 Dominus
2646 2581 2873 2650 aspexit,
2900 2590 2955 2636 et
2981 2582 3131 2637 vidit.
3163 2583 3418 2653 Apertum
3444 2594 3528 2639 est
3549 2585 3785 2641 calum:

2203 2668 2334 2722 vidit
2374 2668 2555 2723 Jesum
2596 2678 2843 2741 tanquam
2891 2672 3262 2727 exhortantem
3309 2674 3562 2729 athletam
3607 2691 3785 2733 suum.

2200 2758 2311 2814 Nec
2341 2760 2503 2814 tacuit
2546 2762 2687 2830 quod
2734 2761 2865 2817 vidit
2894 2780 2906 2815 :
2939 2762 3070 2819 Ecce
3115 2765 3293 2832 video,
3339 2765 3549 2835 inquit,
3605 2768 3787 2822 cretum

2201 2858 2454 2920 apertum,
2485 2860 2535 2905 et
2563 2849 2759 2905 Filium
2786 2853 3003 2908 honu'nis
3035 2864 3254 2908 stantem
3281 2855 3349 2909 ad
3372 2855 3633 2913 dexteram
3675 2876 3787 2912 ma-

2192 2942 2417 3011 jestatis.
2450 2942 2527 2997 Illi
2558 2941 2665 2998 hoc
2688 2944 2897 3009 audito,
2922 2946 3071 3015 quasi
3103 2946 3429 3016 blasphemia
3456 2956 3621 3015 esset,
3646 2950 3787 3018 quod

2201 3032 2289 3087 ille
2314 3031 2555 3096 dixisset,
2584 3049 2740 3089 aures
2785 3035 3183 3103 obturaverunt,
3212 3036 3278 3091 ad
3306 3037 3507 3107 lapides
3531 3054 3786 3095 cucurreo

2202 3131 2344 3178 runt.
2363 3122 2421 3178 lu
2446 3123 2655 3178 Psalmo
2683 3134 2797 3180 erat
2832 3125 3054 3193 dictum,
3108 3127 3255 3182 Sicut
3278 3128 3473 3199 aspidis
3508 3132 3699 3195 suntm,
3743 3142 3789 3185 et

2200 3214 2479 3268 obturantis
2515 3230 2661 3269 aures
2710 3214 2878 3288 (Psal.
2909 3232 3035 3284 LVII,
3068 3218 3146 3286 5).
3172 3218 3399 3272 Prorsus
3426 3219 3785 3275 exhibuerunt

2200 3306 2339 3377 quod
2364 3307 2433 3361 de
2474 3308 2580 3362 illis
2606 3307 2914 3377 praedictum
2940 3298 3074 3364 erat.
3116 3309 3289 3380 Cmpit
3333 3311 3579 3381 lapidari.
3626 3312 3780 3367 Modo

2199 3399 2455 3456 attendite
2473 3400 2618 3454 illum
2644 3402 2970 3468 saevientem,
2999 3403 3216 3458 recolite
3251 3403 3408 3459 verba
3434 3404 3568 3458 dura
3597 3422 3609 3458 :
3638 3404 3785 3458 Dura

2198 3497 2400 3567 cervice,
2429 3505 2474 3550 et
2494 3514 2593 3553 non
2621 3497 2899 3552 circumcisi
2915 3497 3066 3572 corde
3087 3503 3133 3550 et
3160 3497 3365 3551 auribus
3386 3496 3520 3567 (Act.
3557 3498 3779 3567 vu,5l).

2198 3588 2359 3655 Quasi
2390 3574 2633 3647 inimicus
2659 3597 2809 3647 erat:
2830 3599 3099 3660 tanquam,
3135 3589 3179 3643 si
3201 3589 3311 3642 ﬁeri
3354 3597 3554 3659 posset,
3591 3604 3781 3644 omnes

2198 3681 2442 3738 occidere
2454 3683 2717 3753 cupiebat.
2740 3682 2850 3737 [loc
2861 3682 3022 3748 dicat,
3037 3681 3124 3752 qui
3136 3696 3230 3735 cor
3250 3695 3357 3735 non
3376 3681 3538 3737 videt.
3557 3680 3780 3735 Latebat

2196 3785 2291 3825 cor
2311 3773 2459 3840 ejus:
2479 3772 2570 3828 sed
2593 3772 2769 3827 audita
2798 3782 2920 3827 sunt
2950 3772 3233 3827 novissima
3256 3773 3412 3827 verba
3443 3772 3582 3842 ejus,
3609 3781 3663 3827 et
3688 3787 3781 3841 pa-

2199 3872 2411 3917 tuerunt
2436 3863 2641 3919 occulta
2672 3864 2808 3933 ejus,
2834 3877 2954 3917 cum
2983 3862 3323 3931 lapidaretur.
3369 3861 3590 3916 Domine
3629 3861 3775 3927 Jesu,

2196 3954 2386 4024 inquit,
2414 3940 2843 4027 accipespiritum
2885 3969 3069 4011 meum.
3097 3953 3213 4008 Tibi
3245 3952 3352 4007 dixi
3385 3970 3398 4006 :
3434 3952 3528 4008 tibi
3553 3954 3775 4007 morior.

2197 4045 2410 4100 Domine
2434 4044 2579 4109 Iesu,
2633 4045 2806 4115 accipe
2833 4045 3065 4115 spiritum
3108 4060 3295 4097 meum.
3342 4042 3476 4111 Quia
3503 4043 3775 4112 adjuvisti,

2196 4139 2321 4195 vicit
2344 4153 2501 4208 quem
2532 4138 2779 4207 suscipis.
2812 4137 3010 4206 Accipe
3054 4136 3295 4206 Spiritum
3342 4151 3542 4199 meum,
3566 4136 3634 4190 de
3661 4151 3775 4189 ma-

2195 4247 2267 4286 nu
2294 4246 2477 4286 eorum
2502 4230 2593 4300 qui
2616 4229 2841 4285 oderunt
2863 4237 3032 4283 tuum.
3064 4227 3177 4283 lloc
3218 4226 3353 4282 dixit
3395 4234 3617 4282 sanctus
3654 4226 3775 4282 Ste-

2194 4322 2401 4392 phanus
2426 4331 2591 4375 stans.

2264 4412 2491 4470 CAPUT
2522 4412 2610 4467 IV.
2638 4441 2711 4454 —-
2742 4411 2811 4466 Et
2842 4419 2959 4481 post
2984 4410 3085 4465 hoc
3113 4410 3225 4465 lixit
3247 4424 3408 4480 genu,
3435 4419 3491 4465 et
3518 4410 3593 4464 ait
3620 4428 3633 4461 :
3668 4411 3774 4462 Do-

2194 4505 2342 4569 mine,
2372 4520 2435 4557 ne
2457 4512 2646 4557 statuas
2671 4503 2773 4556 illis
2797 4502 2891 4556 hoc
2921 4511 3193 4571 peccatum.
3228 4500 3324 4556 Ubi
3349 4510 3453 4567 est,
3490 4499 3641 4553 Dura
3665 4517 3773 4553 cer-

2194 4594 2296 4647 vice
2317 4595 2342 4647 Σ)
2370 4593 2480 4647 Hoc
2509 4603 2591 4647 est
2631 4602 2795 4646 totum
2842 4591 2982 4663 quod
3011 4591 3313 4646 clamabas?
3355 4590 3459 4645 hoc
3500 4601 3775 4646 esttotum

2192 4685 2334 4756 quod
2364 4684 2619 4740 saaviebas
2641 4685 2664 4738 Τ
2690 4683 2842 4738 Foris
2866 4683 3151 4748 clamabas,
3179 4692 3232 4738 et
3256 4684 3398 4737 intus
3417 4682 3633 4737 orabas.

2265 4774 2320 4829 6.
2363 4774 2655 4844 Stephanus
2684 4790 2775 4845 pro
2794 4790 2847 4828 se
2876 4789 3027 4827 orans
3045 4783 3162 4838 stat,
3210 4773 3329 4841 quia
3349 4773 3503 4843 exigit
3529 4773 3775 4826 debitum.

2194 4863 2362 4919 Homo
2391 4880 2451 4919 ea:
2478 4880 2531 4918 se
2554 4863 2736 4929 malus,
2760 4862 2856 4916 Dei
2899 4872 3064 4916 autem
3100 4862 3232 4915 dono
3256 4862 3435 4916 bonus.
3458 4892 3535 4901 —
3558 4860 3780 4915 Domine

2190 4956 2354 5021 Iesu,
2410 4956 2582 5023 accipe
2622 4955 2856 5024 spiritum
2904 4971 3106 5009 meum:
3137 4954 3237 5009 hoc
3288 4961 3454 5008 stans.
3513 4953 3779 5024 Exigebat

2191 5049 2333 5103 enim
2357 5047 2612 5117 debitum,
2645 5045 2856 5117 quando
2901 5046 3128 5111 dicebat,
3163 5044 3380 5100 Domine
3423 5046 3569 5109 Jesu,
3605 5047 3779 5115 accipe

2189 5142 2423 5210 spiritum
2453 5156 2635 5194 meum.
2665 5138 2922 5209 Exigebat
2964 5138 3223 5205 debitum,
3272 5138 3413 5208 quod
3449 5139 3777 5210 martyribus

2192 5233 2510 5303 promissum
2548 5241 2662 5286 erat
2690 5248 2703 5284 :
2734 5231 2991 5297 debitum,
3041 5231 3109 5286 de
3151 5246 3257 5301 quo
3282 5231 3408 5284 dicit
3461 5232 3772 5301 Apostolus,

2193 5322 2304 5394 Ego
2324 5324 2456 5376 enim
2470 5324 2581 5393 jam
2603 5321 2857 5390 immolor,
2888 5332 2936 5375 et
2967 5333 3161 5388 tempus
3188 5321 3515 5375 resolutionis
3542 5338 3669 5376 mete
3694 5323 3774 5375 in-

2189 5425 2307 5468 stat.
2360 5413 2560 5467 Bonum
2608 5423 2857 5469 certamen
2908 5415 3111 5481 certari,
3158 5431 3361 5468 cursum
3404 5415 3774 5480 ctmsummari,

2189 5507 2341 5575 ﬁdem
2370 5511 2559 5561 servavi
2580 5522 2600 5559 :
2624 5507 2687 5561 de
2710 5516 2887 5560 cetera
2906 5507 3125 5575 reposita
3161 5516 3233 5562 est
3260 5506 3384 5559 mihi
3410 5522 3601 5561 corona
3618 5508 3777 5577 justi-

2191 5600 2291 5661 tice,
2317 5615 2469 5665 quam
2494 5599 2667 5653 reddet
2688 5598 2811 5652 mihi
2841 5596 3089 5654 Dominus
3104 5599 3155 5651 in
3184 5597 3274 5652 illa
3298 5598 3380 5651 die
3410 5599 3584 5669 justus
3604 5598 3773 5669 ,ἰκρία

2190 5692 2253 5763 (ΙΙ
2274 5691 2405 5749 Tim.
2440 5706 2516 5758 Iv,
2547 5691 2661 5763 68).
2694 5691 2920 5757 Reddet,
2952 5692 3138 5747 reddet
3162 5692 3301 5762 quod
3330 5692 3511 5747 debet.
3537 5693 3636 5761 Qui
3654 5702 3773 5747 erat

2188 5796 2310 5843 ante
2336 5786 2543 5843 debitor
2580 5784 2988 5856 survpliciorum,
3020 5796 3201 5856 postea
3228 5784 3384 5855 cmpit
3420 5784 3584 5841 Deum
3618 5795 3769 5840 tene-
