  <div class='ocr_page' id='page_1' title='image "/cluster/home/n/w/nwhite01/storage/ocr_20150623/38/hvd.32044015706294/720.png"; bbox 0 0 4036 6456; ppageno 0'>
   <div class='ocr_carea' id='block_1_1' title="bbox 267 355 395 415">
    <p class='ocr_par' dir='ltr' id='par_1_1' title="bbox 267 355 395 415">
     <span class='ocr_line' id='line_1_1' title="bbox 267 355 395 415; baseline 0 -1"><span class='ocrx_word' id='word_1_1' title='bbox 267 355 395 415; x_wconf 71' lang='lat'><strong>“‘39</strong></span> 
     </span>
    </p>
   </div>
   <div class='ocr_carea' id='block_1_2' title="bbox 264 461 1821 535">
    <p class='ocr_par' dir='ltr' id='par_1_2' title="bbox 264 461 1821 535">
     <span class='ocr_line' id='line_1_2' title="bbox 264 461 1821 535; baseline -0.008 -11"><span class='ocrx_word' id='word_1_2' title='bbox 264 486 319 524; x_wconf 87' lang='lat' dir='ltr'><strong>re</strong></span> <span class='ocrx_word' id='word_1_3' title='bbox 337 466 636 535; x_wconf 81' lang='lat' dir='ltr'><strong>largiterem</strong></span> <span class='ocrx_word' id='word_1_4' title='bbox 656 483 665 531; x_wconf 80' lang='grc' dir='ltr'><strong>ι</strong></span> <span class='ocrx_word' id='word_1_5' title='bbox 688 462 1012 517; x_wconf 70' lang='grc' dir='ltr'>ῐςριιιὶιιιίιιιι.</span> <span class='ocrx_word' id='word_1_6' title='bbox 1036 462 1181 519; x_wconf 85' lang='lat' dir='ltr'><strong>Unde</strong></span> <span class='ocrx_word' id='word_1_7' title='bbox 1207 462 1300 517; x_wconf 89' lang='lat' dir='ltr'><strong>fuit</strong></span> <span class='ocrx_word' id='word_1_8' title='bbox 1330 463 1600 533; x_wconf 76' lang='lat' dir='ltr'><strong>apostolus</strong></span> <span class='ocrx_word' id='word_1_9' title='bbox 1629 461 1821 515; x_wconf 85' lang='lat' dir='ltr'><strong>Paulus</strong></span> 
     </span>
    </p>
   </div>
   <div class='ocr_carea' id='block_1_3' title="bbox 264 553 1825 625">
    <p class='ocr_par' dir='ltr' id='par_1_3' title="bbox 264 553 1825 625">
     <span class='ocr_line' id='line_1_3' title="bbox 264 553 1825 625; baseline -0.004 -11"><span class='ocrx_word' id='word_1_10' title='bbox 264 560 458 614; x_wconf 93' lang='lat' dir='ltr'><strong>debitor</strong></span> <span class='ocrx_word' id='word_1_11' title='bbox 495 555 911 624; x_wconf 86' lang='lat' dir='ltr'><strong>suppliciorum?</strong></span> <span class='ocrx_word' id='word_1_12' title='bbox 938 555 1066 623; x_wconf 88' lang='lat' dir='ltr'><strong>Quia</strong></span> <span class='ocrx_word' id='word_1_13' title='bbox 1117 556 1358 611; x_wconf 90' lang='lat' dir='ltr'><strong>inimicus</strong></span> <span class='ocrx_word' id='word_1_14' title='bbox 1400 553 1671 620; x_wconf 83' lang='lat' dir='ltr'><strong>Ecclesiae,</strong></span> <span class='ocrx_word' id='word_1_15' title='bbox 1704 554 1825 625; x_wconf 86' lang='lat' dir='ltr'><strong>quia</strong></span> 
     </span>
    </p>
   </div>
   <div class='ocr_carea' id='block_1_4' title="bbox 262 646 1827 722">
    <p class='ocr_par' dir='ltr' id='par_1_4' title="bbox 262 646 1827 722">
     <span class='ocr_line' id='line_1_4' title="bbox 262 646 1827 722; baseline -0.004 -17"><span class='ocrx_word' id='word_1_16' title='bbox 262 658 575 722; x_wconf 85' lang='lat' dir='ltr'><strong>persecutor.</strong></span> <span class='ocrx_word' id='word_1_17' title='bbox 611 646 785 717; x_wconf 90' lang='lat' dir='ltr'><strong>Ipsum</strong></span> <span class='ocrx_word' id='word_1_18' title='bbox 830 646 950 701; x_wconf 88' lang='lat' dir='ltr'><strong>audi</strong></span> <span class='ocrx_word' id='word_1_19' title='bbox 984 666 997 703; x_wconf 90' lang='lat'><strong>:</strong></span> <span class='ocrx_word' id='word_1_20' title='bbox 1027 646 1147 702; x_wconf 83' lang='lat' dir='ltr'><strong>Non</strong></span> <span class='ocrx_word' id='word_1_21' title='bbox 1193 664 1303 702; x_wconf 86' lang='lat' dir='ltr'><strong>sum</strong></span> <span class='ocrx_word' id='word_1_22' title='bbox 1349 647 1531 718; x_wconf 84' lang='lat' dir='ltr'><strong>dignus</strong></span> <span class='ocrx_word' id='word_1_23' title='bbox 1569 647 1669 700; x_wconf 83' lang='lat' dir='ltr'><strong>dici</strong></span> <span class='ocrx_word' id='word_1_24' title='bbox 1708 663 1827 715; x_wconf 86' lang='lat' dir='ltr'><strong>apo-</strong></span> 
     </span>
    </p>
   </div>
   <div class='ocr_carea' id='block_1_5' title="bbox 262 736 1826 812">
    <p class='ocr_par' dir='ltr' id='par_1_5' title="bbox 262 736 1826 812">
     <span class='ocr_line' id='line_1_5' title="bbox 262 736 1826 812; baseline -0.005 -15"><span class='ocrx_word' id='word_1_25' title='bbox 262 745 434 807; x_wconf 82' lang='lat' dir='ltr'><strong>stolus,</strong></span> <span class='ocrx_word' id='word_1_26' title='bbox 463 740 581 812; x_wconf 85' lang='lat' dir='ltr'><strong>quia</strong></span> <span class='ocrx_word' id='word_1_27' title='bbox 607 750 897 809; x_wconf 82' lang='lat' dir='ltr'><strong>persecutus</strong></span> <span class='ocrx_word' id='word_1_28' title='bbox 943 756 1054 792; x_wconf 88' lang='lat' dir='ltr'><strong>sum</strong></span> <span class='ocrx_word' id='word_1_29' title='bbox 1094 737 1376 793; x_wconf 78' lang='lat' dir='ltr'><strong>Ecclesium</strong></span> <span class='ocrx_word' id='word_1_30' title='bbox 1407 738 1519 792; x_wconf 91' lang='lat' dir='ltr'><strong>Dei.</strong></span> <span class='ocrx_word' id='word_1_31' title='bbox 1551 736 1670 792; x_wconf 86' lang='lat' dir='ltr'><strong>Non</strong></span> <span class='ocrx_word' id='word_1_32' title='bbox 1714 754 1826 791; x_wconf 86' lang='lat' dir='ltr'><strong>sum</strong></span> 
     </span>
    </p>
   </div>
   <div class='ocr_carea' id='block_1_6' title="bbox 262 831 1828 910">
    <p class='ocr_par' dir='ltr' id='par_1_6' title="bbox 262 831 1828 910">
     <span class='ocr_line' id='line_1_6' title="bbox 262 831 1828 910; baseline -0.004 -21"><span class='ocrx_word' id='word_1_33' title='bbox 262 836 455 905; x_wconf 77' lang='lat' dir='ltr'><strong>dignas,</strong></span> <span class='ocrx_word' id='word_1_34' title='bbox 479 833 668 910; x_wconf 67' lang='lat' dir='ltr'><strong>diggus</strong></span> <span class='ocrx_word' id='word_1_35' title='bbox 697 832 842 887; x_wconf 85' lang='lat' dir='ltr'><strong>dicit.</strong></span> <span class='ocrx_word' id='word_1_36' title='bbox 868 833 1040 901; x_wconf 89' lang='lat' dir='ltr'><strong>Quare</strong></span> <span class='ocrx_word' id='word_1_37' title='bbox 1062 848 1165 887; x_wconf 89' lang='lat' dir='ltr'><strong>non</strong></span> <span class='ocrx_word' id='word_1_38' title='bbox 1186 847 1244 887; x_wconf 87' lang='lat' dir='ltr'><strong>es</strong></span> <span class='ocrx_word' id='word_1_39' title='bbox 1263 832 1490 902; x_wconf 75' lang='lat' dir='ltr'><strong>dignus?</strong></span> <span class='ocrx_word' id='word_1_40' title='bbox 1522 831 1709 886; x_wconf 61' lang='lat' dir='ltr'><strong>Poenas</strong></span> <span class='ocrx_word' id='word_1_41' title='bbox 1737 846 1828 899; x_wconf 82' lang='lat' dir='ltr'><strong>pa—</strong></span> 
     </span>
    </p>
   </div>
   <div class='ocr_carea' id='block_1_7' title="bbox 262 919 1822 995">
    <p class='ocr_par' dir='ltr' id='par_1_7' title="bbox 262 919 1822 995">
     <span class='ocr_line' id='line_1_7' title="bbox 262 919 1822 995; baseline -0.005 -13"><span class='ocrx_word' id='word_1_42' title='bbox 262 926 317 988; x_wconf 85' lang='lat' dir='ltr'><strong>ti,</strong></span> <span class='ocrx_word' id='word_1_43' title='bbox 349 925 397 979; x_wconf 90' lang='lat' dir='ltr'><strong>in</strong></span> <span class='ocrx_word' id='word_1_44' title='bbox 424 923 693 993; x_wconf 79' lang='lat' dir='ltr'><strong>gehennas</strong></span> <span class='ocrx_word' id='word_1_45' title='bbox 736 923 955 989; x_wconf 89' lang='lat' dir='ltr'><strong>intrare,</strong></span> <span class='ocrx_word' id='word_1_46' title='bbox 1000 938 1100 995; x_wconf 92' lang='lat' dir='ltr'><strong>pro</strong></span> <span class='ocrx_word' id='word_1_47' title='bbox 1149 922 1281 977; x_wconf 83' lang='lat' dir='ltr'><strong>meis</strong></span> <span class='ocrx_word' id='word_1_48' title='bbox 1328 922 1531 977; x_wconf 89' lang='lat' dir='ltr'><strong>meritis</strong></span> <span class='ocrx_word' id='word_1_49' title='bbox 1578 919 1822 985; x_wconf 91' lang='lat' dir='ltr'><strong>cruciari,</strong></span> 
     </span>
    </p>
   </div>
   <div class='ocr_carea' id='block_1_8' title="bbox 260 1014 1821 1085">
    <p class='ocr_par' dir='ltr' id='par_1_8' title="bbox 260 1014 1821 1085">
     <span class='ocr_line' id='line_1_8' title="bbox 260 1014 1821 1085; baseline -0.004 -14"><span class='ocrx_word' id='word_1_50' title='bbox 260 1018 355 1071; x_wconf 92' lang='lat' dir='ltr'><strong>hoc</strong></span> <span class='ocrx_word' id='word_1_51' title='bbox 377 1018 520 1069; x_wconf 87' lang='lat' dir='ltr'><strong>cram</strong></span> <span class='ocrx_word' id='word_1_52' title='bbox 547 1014 741 1085; x_wconf 77' lang='lat' dir='ltr'><strong>dignus</strong></span> <span class='ocrx_word' id='word_1_53' title='bbox 766 1032 779 1067; x_wconf 90' lang='lat'><strong>:</strong></span> <span class='ocrx_word' id='word_1_54' title='bbox 807 1015 1078 1083; x_wconf 89' lang='lat' dir='ltr'><strong>apostolus</strong></span> <span class='ocrx_word' id='word_1_55' title='bbox 1110 1028 1251 1079; x_wconf 88' lang='lat' dir='ltr'><strong>esse,</strong></span> <span class='ocrx_word' id='word_1_56' title='bbox 1281 1028 1383 1067; x_wconf 90' lang='lat' dir='ltr'><strong>non</strong></span> <span class='ocrx_word' id='word_1_57' title='bbox 1426 1028 1570 1067; x_wconf 90' lang='lat' dir='ltr'><strong>eram</strong></span> <span class='ocrx_word' id='word_1_58' title='bbox 1613 1014 1821 1081; x_wconf 79' lang='lat' dir='ltr'><strong>dignus.</strong></span> 
     </span>
    </p>
   </div>
   <div class='ocr_carea' id='block_1_9' title="bbox 259 1103 1826 1177">
    <p class='ocr_par' dir='ltr' id='par_1_9' title="bbox 259 1103 1826 1177">
     <span class='ocr_line' id='line_1_9' title="bbox 259 1103 1826 1177; baseline -0.006 -13"><span class='ocrx_word' id='word_1_59' title='bbox 259 1107 405 1164; x_wconf 88' lang='lat' dir='ltr'><strong>Unde</strong></span> <span class='ocrx_word' id='word_1_60' title='bbox 429 1120 554 1177; x_wconf 79' lang='lat' dir='ltr'><strong>ergo</strong></span> <span class='ocrx_word' id='word_1_61' title='bbox 597 1106 702 1161; x_wconf 89' lang='lat' dir='ltr'><strong>hoc</strong></span> <span class='ocrx_word' id='word_1_62' title='bbox 720 1106 835 1173; x_wconf 89' lang='lat' dir='ltr'><strong>tibi,</strong></span> <span class='ocrx_word' id='word_1_63' title='bbox 883 1120 988 1176; x_wconf 89' lang='lat' dir='ltr'><strong>quo</strong></span> <span class='ocrx_word' id='word_1_64' title='bbox 1031 1120 1136 1159; x_wconf 91' lang='lat' dir='ltr'><strong>non</strong></span> <span class='ocrx_word' id='word_1_65' title='bbox 1183 1120 1301 1160; x_wconf 89' lang='lat' dir='ltr'><strong>eras</strong></span> <span class='ocrx_word' id='word_1_66' title='bbox 1346 1104 1573 1175; x_wconf 73' lang='lat' dir='ltr'><strong>dignus?</strong></span> <span class='ocrx_word' id='word_1_67' title='bbox 1601 1103 1826 1158; x_wconf 80' lang='lat' dir='ltr'><strong>Secutus</strong></span> 
     </span>
    </p>
   </div>
   <div class='ocr_carea' id='block_1_10' title="bbox 258 1191 1822 1268">
    <p class='ocr_par' dir='ltr' id='par_1_10' title="bbox 258 1191 1822 1268">
     <span class='ocr_line' id='line_1_10' title="bbox 258 1191 1822 1268; baseline -0.004 -15"><span class='ocrx_word' id='word_1_68' title='bbox 258 1208 335 1253; x_wconf 87' lang='lat' dir='ltr'><strong>est</strong></span> <span class='ocrx_word' id='word_1_69' title='bbox 366 1216 379 1252; x_wconf 88' lang='lat'>:</span> <span class='ocrx_word' id='word_1_70' title='bbox 410 1198 516 1253; x_wconf 84' lang='lat' dir='ltr'><strong>Sed</strong></span> <span class='ocrx_word' id='word_1_71' title='bbox 550 1199 715 1268; x_wconf 86' lang='lat' dir='ltr'><strong>gratia</strong></span> <span class='ocrx_word' id='word_1_72' title='bbox 750 1197 849 1251; x_wconf 80' lang='lat' dir='ltr'><strong>Dei</strong></span> <span class='ocrx_word' id='word_1_73' title='bbox 870 1214 984 1251; x_wconf 84' lang='lat' dir='ltr'><strong>sum</strong></span> <span class='ocrx_word' id='word_1_74' title='bbox 1008 1194 1142 1265; x_wconf 82' lang='lat' dir='ltr'><strong>quod</strong></span> <span class='ocrx_word' id='word_1_75' title='bbox 1160 1212 1268 1250; x_wconf 87' lang='lat' dir='ltr'><strong>sum</strong></span> <span class='ocrx_word' id='word_1_76' title='bbox 1293 1195 1335 1268; x_wconf 92' lang='grc' dir='ltr'>(Ι</span> <span class='ocrx_word' id='word_1_77' title='bbox 1357 1193 1475 1251; x_wconf 87' lang='lat' dir='ltr'><strong>Cor.</strong></span> <span class='ocrx_word' id='word_1_78' title='bbox 1505 1210 1593 1261; x_wconf 89' lang='lat' dir='ltr'><strong>xv,</strong></span> <span class='ocrx_word' id='word_1_79' title='bbox 1624 1193 1677 1258; x_wconf 87' lang='lat'><strong>9,</strong></span> <span class='ocrx_word' id='word_1_80' title='bbox 1714 1191 1822 1265; x_wconf 76' lang='lat' dir='ltr'><strong>l0).</strong></span> 
     </span>
    </p>
   </div>
   <div class='ocr_carea' id='block_1_11' title="bbox 256 1286 1825 1361">
    <p class='ocr_par' dir='ltr' id='par_1_11' title="bbox 256 1286 1825 1361">
     <span class='ocr_line' id='line_1_11' title="bbox 256 1286 1825 1361; baseline -0.003 -15"><span class='ocrx_word' id='word_1_81' title='bbox 256 1291 388 1346; x_wconf 73' lang='lat' dir='ltr'><strong>Malo</strong></span> <span class='ocrx_word' id='word_1_82' title='bbox 407 1306 527 1346; x_wconf 87' lang='lat' dir='ltr'><strong>meo</strong></span> <span class='ocrx_word' id='word_1_83' title='bbox 564 1289 638 1345; x_wconf 90' lang='lat' dir='ltr'><strong>fui</strong></span> <span class='ocrx_word' id='word_1_84' title='bbox 678 1289 819 1361; x_wconf 90' lang='lat' dir='ltr'><strong>quod</strong></span> <span class='ocrx_word' id='word_1_85' title='bbox 856 1290 928 1345; x_wconf 92' lang='lat' dir='ltr'><strong>fui</strong></span> <span class='ocrx_word' id='word_1_86' title='bbox 953 1308 966 1343; x_wconf 90' lang='lat'><strong>:</strong></span> <span class='ocrx_word' id='word_1_87' title='bbox 989 1288 1131 1344; x_wconf 88' lang='lat' dir='ltr'><strong>dono</strong></span> <span class='ocrx_word' id='word_1_88' title='bbox 1162 1288 1255 1344; x_wconf 90' lang='lat' dir='ltr'><strong>Dei</strong></span> <span class='ocrx_word' id='word_1_89' title='bbox 1285 1299 1403 1344; x_wconf 82' lang='lat' dir='ltr'><strong>sum</strong></span> <span class='ocrx_word' id='word_1_90' title='bbox 1424 1287 1564 1357; x_wconf 90' lang='lat' dir='ltr'><strong>quod</strong></span> <span class='ocrx_word' id='word_1_91' title='bbox 1591 1303 1729 1341; x_wconf 88' lang='lat' dir='ltr'><strong>sum.</strong></span> <span class='ocrx_word' id='word_1_92' title='bbox 1755 1286 1825 1343; x_wconf 92' lang='lat' dir='ltr'><strong>Ut</strong></span> 
     </span>
    </p>
   </div>
   <div class='ocr_carea' id='block_1_12' title="bbox 254 1380 1823 1453">
    <p class='ocr_par' dir='ltr' id='par_1_12' title="bbox 254 1380 1823 1453">
     <span class='ocr_line' id='line_1_12' title="bbox 254 1380 1823 1453; baseline -0.003 -14"><span class='ocrx_word' id='word_1_93' title='bbox 254 1396 377 1453; x_wconf 74' lang='lat' dir='ltr'><strong>ergo</strong></span> <span class='ocrx_word' id='word_1_94' title='bbox 406 1393 586 1453; x_wconf 87' lang='lat' dir='ltr'><strong>postea</strong></span> <span class='ocrx_word' id='word_1_95' title='bbox 632 1382 871 1453; x_wconf 77' lang='lat' dir='ltr'><strong>exigeret</strong></span> <span class='ocrx_word' id='word_1_96' title='bbox 907 1382 1166 1449; x_wconf 84' lang='lat' dir='ltr'><strong>debitum,</strong></span> <span class='ocrx_word' id='word_1_97' title='bbox 1216 1383 1359 1452; x_wconf 91' lang='lat' dir='ltr'><strong>prius</strong></span> <span class='ocrx_word' id='word_1_98' title='bbox 1384 1383 1587 1451; x_wconf 88' lang='lat' dir='ltr'><strong>accepit</strong></span> <span class='ocrx_word' id='word_1_99' title='bbox 1615 1380 1823 1435; x_wconf 89' lang='lat' dir='ltr'><strong>indebi-</strong></span> 
     </span>
    </p>
   </div>
   <div class='ocr_carea' id='block_1_13' title="bbox 256 1476 1824 1547">
    <p class='ocr_par' dir='ltr' id='par_1_13' title="bbox 256 1476 1824 1547">
     <span class='ocr_line' id='line_1_13' title="bbox 256 1476 1824 1547; baseline -0.003 -14"><span class='ocrx_word' id='word_1_100' title='bbox 256 1488 379 1533; x_wconf 88' lang='lat' dir='ltr'><strong>tum.</strong></span> <span class='ocrx_word' id='word_1_101' title='bbox 437 1476 588 1547; x_wconf 83' lang='lat' dir='ltr'><strong>Quod</strong></span> <span class='ocrx_word' id='word_1_102' title='bbox 634 1478 872 1533; x_wconf 87' lang='lat' dir='ltr'><strong>debitum</strong></span> <span class='ocrx_word' id='word_1_103' title='bbox 912 1478 1134 1547; x_wconf 88' lang='lat' dir='ltr'><strong>postea?</strong></span> <span class='ocrx_word' id='word_1_104' title='bbox 1184 1476 1425 1547; x_wconf 80' lang='lat' dir='ltr'><strong>Superest</strong></span> <span class='ocrx_word' id='word_1_105' title='bbox 1474 1476 1600 1528; x_wconf 86' lang='lat' dir='ltr'><strong>mihi</strong></span> <span class='ocrx_word' id='word_1_106' title='bbox 1639 1490 1824 1529; x_wconf 88' lang='lat' dir='ltr'><strong>corona</strong></span> 
     </span>
    </p>
   </div>
   <div class='ocr_carea' id='block_1_14' title="bbox 246 1565 1824 1639">
    <p class='ocr_par' dir='ltr' id='par_1_14' title="bbox 246 1565 1824 1639">
     <span class='ocr_line' id='line_1_14' title="bbox 246 1565 1824 1639; baseline -0.001 -18"><span class='ocrx_word' id='word_1_107' title='bbox 246 1570 469 1639; x_wconf 69' lang='lat' dir='ltr'><strong>iustitia,</strong></span> <span class='ocrx_word' id='word_1_108' title='bbox 497 1585 650 1639; x_wconf 86' lang='lat' dir='ltr'><strong>quam</strong></span> <span class='ocrx_word' id='word_1_109' title='bbox 696 1567 869 1623; x_wconf 85' lang='lat' dir='ltr'><strong>reddet</strong></span> <span class='ocrx_word' id='word_1_110' title='bbox 904 1568 1028 1621; x_wconf 87' lang='lat' dir='ltr'><strong>mihi</strong></span> <span class='ocrx_word' id='word_1_111' title='bbox 1057 1567 1302 1622; x_wconf 78' lang='lat' dir='ltr'><strong>Dominus</strong></span> <span class='ocrx_word' id='word_1_112' title='bbox 1335 1567 1388 1620; x_wconf 91' lang='lat' dir='ltr'><strong>in</strong></span> <span class='ocrx_word' id='word_1_113' title='bbox 1414 1565 1503 1620; x_wconf 86' lang='lat' dir='ltr'><strong>illo</strong></span> <span class='ocrx_word' id='word_1_114' title='bbox 1545 1565 1627 1619; x_wconf 81' lang='lat' dir='ltr'><strong>die</strong></span> <span class='ocrx_word' id='word_1_115' title='bbox 1652 1565 1824 1635; x_wconf 88' lang='lat' dir='ltr'><strong>justus</strong></span> 
     </span>
    </p>
   </div>
   <div class='ocr_carea' id='block_1_15' title="bbox 245 1656 1818 1731">
    <p class='ocr_par' dir='ltr' id='par_1_15' title="bbox 245 1656 1818 1731">
     <span class='ocr_line' id='line_1_15' title="bbox 245 1656 1818 1731; baseline -0.004 -17"><span class='ocrx_word' id='word_1_116' title='bbox 245 1661 418 1731; x_wconf 67' lang='lat' dir='ltr'><strong>iudex.</strong></span> <span class='ocrx_word' id='word_1_117' title='bbox 454 1660 661 1715; x_wconf 83' lang='lat' dir='ltr'><strong>Reddet</strong></span> <span class='ocrx_word' id='word_1_118' title='bbox 681 1659 832 1724; x_wconf 86' lang='lat' dir='ltr'><strong>mihi,</strong></span> <span class='ocrx_word' id='word_1_119' title='bbox 860 1658 1084 1713; x_wconf 84' lang='lat' dir='ltr'><strong>debetur</strong></span> <span class='ocrx_word' id='word_1_120' title='bbox 1108 1656 1278 1713; x_wconf 80' lang='lat' dir='ltr'><strong>mihi:</strong></span> <span class='ocrx_word' id='word_1_121' title='bbox 1312 1657 1603 1712; x_wconf 88' lang='lat' dir='ltr'><strong>indebitum</strong></span> <span class='ocrx_word' id='word_1_122' title='bbox 1655 1656 1818 1725; x_wconf 88' lang='lat' dir='ltr'><strong>prius.</strong></span> 
     </span>
    </p>
   </div>
   <div class='ocr_carea' id='block_1_16' title="bbox 250 1746 1822 1820">
    <p class='ocr_par' dir='ltr' id='par_1_16' title="bbox 250 1746 1822 1820">
     <span class='ocr_line' id='line_1_16' title="bbox 250 1746 1822 1820; baseline -0.004 -15"><span class='ocrx_word' id='word_1_123' title='bbox 250 1749 382 1817; x_wconf 84' lang='lat' dir='ltr'><strong>Quid</strong></span> <span class='ocrx_word' id='word_1_124' title='bbox 406 1749 437 1803; x_wconf 24' lang='lat' dir='ltr'><strong>ir</strong></span> <span class='ocrx_word' id='word_1_125' title='bbox 473 1746 598 1803; x_wconf 87' lang='lat' dir='ltr'><strong>Non</strong></span> <span class='ocrx_word' id='word_1_126' title='bbox 647 1764 758 1803; x_wconf 85' lang='lat' dir='ltr'><strong>sum</strong></span> <span class='ocrx_word' id='word_1_127' title='bbox 791 1750 974 1820; x_wconf 84' lang='lat' dir='ltr'><strong>dignus</strong></span> <span class='ocrx_word' id='word_1_128' title='bbox 1001 1750 1169 1803; x_wconf 78' lang='lat' dir='ltr'><strong>vocari</strong></span> <span class='ocrx_word' id='word_1_129' title='bbox 1209 1748 1465 1820; x_wconf 83' lang='lat' dir='ltr'><strong>apostolus</strong></span> <span class='ocrx_word' id='word_1_130' title='bbox 1491 1764 1512 1803; x_wconf 89' lang='lat'><strong><em>:</em></strong></span> <span class='ocrx_word' id='word_1_131' title='bbox 1539 1746 1626 1802; x_wconf 82' lang='lat' dir='ltr'><strong>sed</strong></span> <span class='ocrx_word' id='word_1_132' title='bbox 1657 1746 1822 1816; x_wconf 82' lang='lat' dir='ltr'><strong>gratia</strong></span> 
     </span>
    </p>
   </div>
   <div class='ocr_carea' id='block_1_17' title="bbox 248 1834 1823 1909">
    <p class='ocr_par' dir='ltr' id='par_1_17' title="bbox 248 1834 1823 1909">
     <span class='ocr_line' id='line_1_17' title="bbox 248 1834 1823 1909; baseline -0.003 -16"><span class='ocrx_word' id='word_1_133' title='bbox 248 1838 340 1893; x_wconf 81' lang='lat' dir='ltr'><strong>Dei</strong></span> <span class='ocrx_word' id='word_1_134' title='bbox 360 1855 470 1893; x_wconf 87' lang='lat' dir='ltr'><strong>sum</strong></span> <span class='ocrx_word' id='word_1_135' title='bbox 498 1838 639 1909; x_wconf 83' lang='lat' dir='ltr'><strong>quod</strong></span> <span class='ocrx_word' id='word_1_136' title='bbox 659 1848 794 1893; x_wconf 87' lang='lat' dir='ltr'><strong>sum.</strong></span> <span class='ocrx_word' id='word_1_137' title='bbox 830 1837 918 1894; x_wconf 92' lang='lat' dir='ltr'><strong>Sic</strong></span> <span class='ocrx_word' id='word_1_138' title='bbox 942 1848 993 1893; x_wconf 89' lang='lat' dir='ltr'><strong>et</strong></span> <span class='ocrx_word' id='word_1_139' title='bbox 1015 1846 1228 1893; x_wconf 86' lang='lat' dir='ltr'><strong>sanctus</strong></span> <span class='ocrx_word' id='word_1_140' title='bbox 1257 1838 1578 1908; x_wconf 81' lang='lat' dir='ltr'><strong>Stephanus,</strong></span> <span class='ocrx_word' id='word_1_141' title='bbox 1609 1834 1823 1889; x_wconf 71' lang='lat' dir='ltr'><strong>Domine</strong></span> 
     </span>
    </p>
   </div>
   <div class='ocr_carea' id='block_1_18' title="bbox 247 1927 1821 1998">
    <p class='ocr_par' dir='ltr' id='par_1_18' title="bbox 247 1927 1821 1998">
     <span class='ocr_line' id='line_1_18' title="bbox 247 1927 1821 1998; baseline -0.002 -15"><span class='ocrx_word' id='word_1_142' title='bbox 247 1928 386 1994; x_wconf 73' lang='lat' dir='ltr'><strong>Iesu,</strong></span> <span class='ocrx_word' id='word_1_143' title='bbox 413 1938 565 1984; x_wconf 88' lang='lat' dir='ltr'><strong>stans</strong></span> <span class='ocrx_word' id='word_1_144' title='bbox 588 1942 768 1984; x_wconf 90' lang='lat' dir='ltr'><strong>secum</strong></span> <span class='ocrx_word' id='word_1_145' title='bbox 827 1928 894 1983; x_wconf 90' lang='lat' dir='ltr'><strong>ad</strong></span> <span class='ocrx_word' id='word_1_146' title='bbox 926 1929 1199 1993; x_wconf 91' lang='lat' dir='ltr'><strong>ﬁduciam,</strong></span> <span class='ocrx_word' id='word_1_147' title='bbox 1230 1929 1351 1998; x_wconf 83' lang='lat' dir='ltr'><strong>quia</strong></span> <span class='ocrx_word' id='word_1_148' title='bbox 1382 1928 1521 1983; x_wconf 85' lang='lat' dir='ltr'><strong>bene</strong></span> <span class='ocrx_word' id='word_1_149' title='bbox 1560 1927 1821 1980; x_wconf 82' lang='lat' dir='ltr'><strong>militave-</strong></span> 
     </span>
    </p>
   </div>
   <div class='ocr_carea' id='block_1_19' title="bbox 247 2019 1822 2083">
    <p class='ocr_par' dir='ltr' id='par_1_19' title="bbox 247 2019 1822 2083">
     <span class='ocr_line' id='line_1_19' title="bbox 247 2019 1822 2083; baseline -0.002 -9"><span class='ocrx_word' id='word_1_150' title='bbox 247 2030 358 2083; x_wconf 88' lang='lat' dir='ltr'><strong>rat,</strong></span> <span class='ocrx_word' id='word_1_151' title='bbox 387 2019 529 2075; x_wconf 85' lang='lat' dir='ltr'><strong>bene</strong></span> <span class='ocrx_word' id='word_1_152' title='bbox 576 2028 910 2083; x_wconf 78' lang='lat' dir='ltr'><strong>certaverat,</strong></span> <span class='ocrx_word' id='word_1_153' title='bbox 944 2020 1081 2075; x_wconf 86' lang='lat' dir='ltr'><strong>hosti</strong></span> <span class='ocrx_word' id='word_1_154' title='bbox 1130 2035 1233 2072; x_wconf 88' lang='lat' dir='ltr'><strong>non</strong></span> <span class='ocrx_word' id='word_1_155' title='bbox 1260 2027 1525 2079; x_wconf 87' lang='lat' dir='ltr'><strong>cesserat.</strong></span> <span class='ocrx_word' id='word_1_156' title='bbox 1574 2019 1822 2071; x_wconf 88' lang='lat' dir='ltr'><strong>timorem</strong></span> 
     </span>
    </p>
   </div>
   <div class='ocr_carea' id='block_1_20' title="bbox 246 2108 1820 2180">
    <p class='ocr_par' dir='ltr' id='par_1_20' title="bbox 246 2108 1820 2180">
     <span class='ocr_line' id='line_1_20' title="bbox 246 2108 1820 2180; baseline -0.004 -13"><span class='ocrx_word' id='word_1_157' title='bbox 246 2111 564 2175; x_wconf 80' lang='lat' dir='ltr'><strong>calcaverat,</strong></span> <span class='ocrx_word' id='word_1_158' title='bbox 592 2118 807 2166; x_wconf 86' lang='lat' dir='ltr'><strong>carnem</strong></span> <span class='ocrx_word' id='word_1_159' title='bbox 833 2116 1128 2180; x_wconf 78' lang='lat' dir='ltr'><strong>spreverat,</strong></span> <span class='ocrx_word' id='word_1_160' title='bbox 1174 2110 1426 2164; x_wconf 89' lang='lat' dir='ltr'><strong>mnndn‘m</strong></span> <span class='ocrx_word' id='word_1_161' title='bbox 1473 2117 1529 2163; x_wconf 91' lang='lat' dir='ltr'><strong>et</strong></span> <span class='ocrx_word' id='word_1_162' title='bbox 1552 2108 1820 2163; x_wconf 87' lang='lat' dir='ltr'><strong>diabolum</strong></span> 
     </span>
    </p>
   </div>
   <div class='ocr_carea' id='block_1_21' title="bbox 245 2190 1825 2269">
    <p class='ocr_par' dir='ltr' id='par_1_21' title="bbox 245 2190 1825 2269">
     <span class='ocr_line' id='line_1_21' title="bbox 245 2190 1825 2269; baseline -0.002 -14"><span class='ocrx_word' id='word_1_163' title='bbox 245 2202 441 2257; x_wconf 78' lang='lat' dir='ltr'><strong>vicerat</strong></span> <span class='ocrx_word' id='word_1_164' title='bbox 466 2220 480 2255; x_wconf 92' lang='lat'><strong>:</strong></span> <span class='ocrx_word' id='word_1_165' title='bbox 510 2202 637 2257; x_wconf 90' lang='lat' dir='ltr'><strong>inde</strong></span> <span class='ocrx_word' id='word_1_166' title='bbox 659 2201 832 2256; x_wconf 78' lang='lat' dir='ltr'><strong>stabat</strong></span> <span class='ocrx_word' id='word_1_167' title='bbox 852 2214 975 2257; x_wconf 89' lang='lat' dir='ltr'><strong>cum</strong></span> <span class='ocrx_word' id='word_1_168' title='bbox 997 2200 1217 2268; x_wconf 85' lang='lat' dir='ltr'><strong>diceret,</strong></span> <span class='ocrx_word' id='word_1_169' title='bbox 1247 2198 1458 2255; x_wconf 82' lang='lat' dir='ltr'><strong>Domine</strong></span> <span class='ocrx_word' id='word_1_170' title='bbox 1476 2190 1620 2266; x_wconf 77' lang='lat' dir='ltr'><strong>Iesu,</strong></span> <span class='ocrx_word' id='word_1_171' title='bbox 1650 2197 1825 2269; x_wconf 78' lang='lat' dir='ltr'><strong>accipe</strong></span> 
     </span>
    </p>
   </div>
   <div class='ocr_carea' id='block_1_22' title="bbox 244 2294 685 2364">
    <p class='ocr_par' dir='ltr' id='par_1_22' title="bbox 244 2294 685 2364">
     <span class='ocr_line' id='line_1_22' title="bbox 244 2294 685 2364; baseline -0.005 -17"><span class='ocrx_word' id='word_1_172' title='bbox 244 2294 473 2364; x_wconf 82' lang='lat' dir='ltr'><strong>spiritum</strong></span> <span class='ocrx_word' id='word_1_173' title='bbox 495 2307 685 2347; x_wconf 83' lang='lat' dir='ltr'><strong>meum.</strong></span> 
     </span>
    </p>
   </div>
   <div class='ocr_carea' id='block_1_23' title="bbox 312 2378 1824 2454">
    <p class='ocr_par' dir='ltr' id='par_1_23' title="bbox 312 2378 1824 2454">
     <span class='ocr_line' id='line_1_23' title="bbox 312 2378 1824 2454; baseline -0.004 -16"><span class='ocrx_word' id='word_1_174' title='bbox 312 2385 363 2438; x_wconf 89' lang='grc'><strong>7.</strong></span> <span class='ocrx_word' id='word_1_175' title='bbox 396 2383 597 2438; x_wconf 88' lang='lat' dir='ltr'><strong>Saulus</strong></span> <span class='ocrx_word' id='word_1_176' title='bbox 621 2383 673 2437; x_wconf 86' lang='lat' dir='ltr'><strong>in</strong></span> <span class='ocrx_word' id='word_1_177' title='bbox 701 2382 950 2454; x_wconf 76' lang='lat' dir='ltr'><strong>Stephani</strong></span> <span class='ocrx_word' id='word_1_178' title='bbox 978 2381 1115 2436; x_wconf 70' lang='lat' dir='ltr'><strong>crede</strong></span> <span class='ocrx_word' id='word_1_179' title='bbox 1148 2382 1326 2436; x_wconf 73' lang='lat' dir='ltr'><strong>savior</strong></span> <span class='ocrx_word' id='word_1_180' title='bbox 1364 2388 1661 2451; x_wconf 82' lang='lat' dir='ltr'><strong>persecutor.</strong></span> <span class='ocrx_word' id='word_1_181' title='bbox 1685 2378 1824 2436; x_wconf 56' lang='lat' dir='ltr'><strong>Saua-</strong></span> 
     </span>
    </p>
   </div>
   <div class='ocr_carea' id='block_1_24' title="bbox 245 2470 1825 2543">
    <p class='ocr_par' dir='ltr' id='par_1_24' title="bbox 245 2470 1825 2543">
     <span class='ocr_line' id='line_1_24' title="bbox 245 2470 1825 2543; baseline -0.001 -16"><span class='ocrx_word' id='word_1_182' title='bbox 245 2473 323 2527; x_wconf 85' lang='lat' dir='ltr'><strong>lus</strong></span> <span class='ocrx_word' id='word_1_183' title='bbox 342 2474 375 2526; x_wconf 79' lang='grc' dir='ltr'>ὰ</span> <span class='ocrx_word' id='word_1_184' title='bbox 400 2472 567 2537; x_wconf 67' lang='lat' dir='ltr'><strong>Salue</strong></span> <span class='ocrx_word' id='word_1_185' title='bbox 599 2472 765 2533; x_wconf 82' lang='lat' dir='ltr'><strong>dictus</strong></span> <span class='ocrx_word' id='word_1_186' title='bbox 787 2472 1006 2539; x_wconf 80' lang='lat' dir='ltr'><strong>Paulus,</strong></span> <span class='ocrx_word' id='word_1_187' title='bbox 1025 2472 1270 2535; x_wconf 84' lang='lat' dir='ltr'><strong>modicus,</strong></span> <span class='ocrx_word' id='word_1_188' title='bbox 1296 2487 1498 2543; x_wconf 81' lang='lat' dir='ltr'><strong>parvus.</strong></span> <span class='ocrx_word' id='word_1_189' title='bbox 1533 2470 1825 2539; x_wconf 79' lang='lat' dir='ltr'><strong>Stephanus</strong></span> 
     </span>
    </p>
   </div>
   <div class='ocr_carea' id='block_1_25' title="bbox 243 2562 1823 2638">
    <p class='ocr_par' dir='ltr' id='par_1_25' title="bbox 243 2562 1823 2638">
     <span class='ocr_line' id='line_1_25' title="bbox 243 2562 1823 2638; baseline 0.001 -19"><span class='ocrx_word' id='word_1_190' title='bbox 243 2581 333 2635; x_wconf 89' lang='lat' dir='ltr'><strong>pro</strong></span> <span class='ocrx_word' id='word_1_191' title='bbox 347 2565 570 2620; x_wconf 88' lang='lat' dir='ltr'><strong>inimicis</strong></span> <span class='ocrx_word' id='word_1_192' title='bbox 588 2565 693 2633; x_wconf 70' lang='lat' dir='ltr'><strong>ﬁxo</strong></span> <span class='ocrx_word' id='word_1_193' title='bbox 717 2580 845 2638; x_wconf 82' lang='lat' dir='ltr'><strong>genu</strong></span> <span class='ocrx_word' id='word_1_194' title='bbox 874 2573 1005 2633; x_wconf 85' lang='lat' dir='ltr'><strong>orat,</strong></span> <span class='ocrx_word' id='word_1_195' title='bbox 1035 2564 1154 2636; x_wconf 87' lang='lat' dir='ltr'><strong>quia</strong></span> <span class='ocrx_word' id='word_1_196' title='bbox 1180 2563 1301 2636; x_wconf 82' lang='lat' dir='ltr'><strong>petit</strong></span> <span class='ocrx_word' id='word_1_197' title='bbox 1320 2562 1611 2631; x_wconf 75' lang='lat' dir='ltr'><strong>indebitum.</strong></span> <span class='ocrx_word' id='word_1_198' title='bbox 1641 2563 1823 2632; x_wconf 84' lang='lat' dir='ltr'><strong>Quan-</strong></span> 
     </span>
    </p>
   </div>
   <div class='ocr_carea' id='block_1_26' title="bbox 241 2655 1826 2727">
    <p class='ocr_par' dir='ltr' id='par_1_26' title="bbox 241 2655 1826 2727">
     <span class='ocr_line' id='line_1_26' title="bbox 241 2655 1826 2727; baseline 0.002 -18"><span class='ocrx_word' id='word_1_199' title='bbox 241 2655 309 2709; x_wconf 92' lang='lat' dir='ltr'><strong>do</strong></span> <span class='ocrx_word' id='word_1_200' title='bbox 335 2656 436 2711; x_wconf 84' lang='lat' dir='ltr'><strong>iste</strong></span> <span class='ocrx_word' id='word_1_201' title='bbox 454 2655 707 2727; x_wconf 73' lang='lat' dir='ltr'><strong>exigebat</strong></span> <span class='ocrx_word' id='word_1_202' title='bbox 733 2657 987 2722; x_wconf 86' lang='lat' dir='ltr'><strong>debitum,</strong></span> <span class='ocrx_word' id='word_1_203' title='bbox 1018 2657 1211 2712; x_wconf 83' lang='lat' dir='ltr'><strong>Paulus</strong></span> <span class='ocrx_word' id='word_1_204' title='bbox 1230 2657 1502 2727; x_wconf 87' lang='lat' dir='ltr'><strong>apostolus</strong></span> <span class='ocrx_word' id='word_1_205' title='bbox 1522 2657 1826 2712; x_wconf 81' lang='lat' dir='ltr'><strong>cumulabat</strong></span> 
     </span>
    </p>
   </div>
   <div class='ocr_carea' id='block_1_27' title="bbox 242 2744 1823 2818">
    <p class='ocr_par' dir='ltr' id='par_1_27' title="bbox 242 2744 1823 2818">
     <span class='ocr_line' id='line_1_27' title="bbox 242 2744 1823 2818; baseline 0.001 -19"><span class='ocrx_word' id='word_1_206' title='bbox 242 2744 339 2801; x_wconf 87' lang='lat' dir='ltr'><strong>sibi</strong></span> <span class='ocrx_word' id='word_1_207' title='bbox 366 2746 637 2802; x_wconf 86' lang='lat' dir='ltr'><strong>debitum.</strong></span> <span class='ocrx_word' id='word_1_208' title='bbox 650 2808 655 2811; x_wconf 91' lang='lat'>_</span> <span class='ocrx_word' id='word_1_209' title='bbox 669 2746 766 2802; x_wconf 88' lang='lat' dir='ltr'><strong>Ille</strong></span> <span class='ocrx_word' id='word_1_210' title='bbox 784 2746 1001 2818; x_wconf 80' lang='lat' dir='ltr'><strong>petebat</strong></span> <span class='ocrx_word' id='word_1_211' title='bbox 1020 2744 1255 2801; x_wconf 90' lang='lat' dir='ltr'><strong>debitum</strong></span> <span class='ocrx_word' id='word_1_212' title='bbox 1286 2748 1482 2800; x_wconf 90' lang='lat' dir='ltr'><strong>bonum</strong></span> <span class='ocrx_word' id='word_1_213' title='bbox 1508 2763 1523 2800; x_wconf 87' lang='lat'><strong>:</strong></span> <span class='ocrx_word' id='word_1_214' title='bbox 1548 2746 1635 2800; x_wconf 88' lang='lat' dir='ltr'><strong>ille</strong></span> <span class='ocrx_word' id='word_1_215' title='bbox 1654 2744 1823 2801; x_wconf 89' lang='lat' dir='ltr'><strong>addc-</strong></span> 
     </span>
    </p>
   </div>
   <div class='ocr_carea' id='block_1_28' title="bbox 242 2839 1825 2908">
    <p class='ocr_par' dir='ltr' id='par_1_28' title="bbox 242 2839 1825 2908">
     <span class='ocr_line' id='line_1_28' title="bbox 242 2839 1825 2908; baseline 0.001 -14"><span class='ocrx_word' id='word_1_216' title='bbox 242 2840 331 2895; x_wconf 89' lang='lat' dir='ltr'><strong>bat</strong></span> <span class='ocrx_word' id='word_1_217' title='bbox 350 2840 427 2895; x_wconf 82' lang='lat' dir='ltr'><strong>ad</strong></span> <span class='ocrx_word' id='word_1_218' title='bbox 446 2840 688 2896; x_wconf 90' lang='lat' dir='ltr'><strong>debitum</strong></span> <span class='ocrx_word' id='word_1_219' title='bbox 724 2840 942 2894; x_wconf 90' lang='lat' dir='ltr'><strong>malum.</strong></span> <span class='ocrx_word' id='word_1_220' title='bbox 972 2839 1109 2907; x_wconf 89' lang='lat' dir='ltr'><strong>Quid</strong></span> <span class='ocrx_word' id='word_1_221' title='bbox 1152 2839 1295 2895; x_wconf 91' lang='lat' dir='ltr'><strong>enim</strong></span> <span class='ocrx_word' id='word_1_222' title='bbox 1324 2840 1539 2908; x_wconf 87' lang='lat' dir='ltr'><strong>putatis,</strong></span> <span class='ocrx_word' id='word_1_223' title='bbox 1592 2840 1825 2895; x_wconf 69' lang='lat' dir='ltr'><strong>fratres!</strong></span> 
     </span>
    </p>
   </div>
   <div class='ocr_carea' id='block_1_29' title="bbox 242 2928 1827 3001">
    <p class='ocr_par' dir='ltr' id='par_1_29' title="bbox 242 2928 1827 3001">
     <span class='ocr_line' id='line_1_29' title="bbox 242 2928 1827 3001; baseline 0 -15"><span class='ocrx_word' id='word_1_224' title='bbox 242 2930 468 2997; x_wconf 87' lang='lat' dir='ltr'><strong>Quando</strong></span> <span class='ocrx_word' id='word_1_225' title='bbox 519 2930 850 3001; x_wconf 86' lang='lat' dir='ltr'><strong>lapidabatur</strong></span> <span class='ocrx_word' id='word_1_226' title='bbox 895 2928 1217 2999; x_wconf 84' lang='lat' dir='ltr'><strong>Stephanus,</strong></span> <span class='ocrx_word' id='word_1_227' title='bbox 1272 2929 1514 2996; x_wconf 83' lang='lat' dir='ltr'><strong>audistis,</strong></span> <span class='ocrx_word' id='word_1_228' title='bbox 1564 2929 1659 2987; x_wconf 79' lang='lat' dir='ltr'><strong>sed</strong></span> <span class='ocrx_word' id='word_1_229' title='bbox 1689 2929 1827 2986; x_wconf 75' lang='lat' dir='ltr'><strong>forte</strong></span> 
     </span>
    </p>
   </div>
   <div class='ocr_carea' id='block_1_30' title="bbox 241 3019 1825 3093">
    <p class='ocr_par' dir='ltr' id='par_1_30' title="bbox 241 3019 1825 3093">
     <span class='ocr_line' id='line_1_30' title="bbox 241 3019 1825 3093; baseline -0.001 -14"><span class='ocrx_word' id='word_1_230' title='bbox 241 3039 345 3079; x_wconf 91' lang='lat' dir='ltr'><strong>non</strong></span> <span class='ocrx_word' id='word_1_231' title='bbox 374 3024 706 3089; x_wconf 77' lang='lat' dir='ltr'><strong>advenistis,</strong></span> <span class='ocrx_word' id='word_1_232' title='bbox 739 3030 1032 3093; x_wconf 89' lang='lat' dir='ltr'><strong>posuerunt</strong></span> <span class='ocrx_word' id='word_1_233' title='bbox 1059 3022 1176 3078; x_wconf 90' lang='lat' dir='ltr'><strong>falsi</strong></span> <span class='ocrx_word' id='word_1_234' title='bbox 1201 3029 1361 3077; x_wconf 87' lang='lat' dir='ltr'><strong>testes</strong></span> <span class='ocrx_word' id='word_1_235' title='bbox 1387 3021 1667 3091; x_wconf 87' lang='lat' dir='ltr'><strong>lapidatnri</strong></span> <span class='ocrx_word' id='word_1_236' title='bbox 1705 3019 1825 3077; x_wconf 82' lang='lat' dir='ltr'><strong>Ste-</strong></span> 
     </span>
    </p>
   </div>
   <div class='ocr_carea' id='block_1_31' title="bbox 241 3112 1827 3185">
    <p class='ocr_par' dir='ltr' id='par_1_31' title="bbox 241 3112 1827 3185">
     <span class='ocr_line' id='line_1_31' title="bbox 241 3112 1827 3185; baseline 0.001 -18"><span class='ocrx_word' id='word_1_237' title='bbox 241 3114 477 3184; x_wconf 81' lang='lat' dir='ltr'><strong>phanum</strong></span> <span class='ocrx_word' id='word_1_238' title='bbox 500 3155 514 3179; x_wconf 88' lang='lat'><strong>,</strong></span> <span class='ocrx_word' id='word_1_239' title='bbox 568 3122 857 3184; x_wconf 89' lang='lat' dir='ltr'><strong>posuerunt</strong></span> <span class='ocrx_word' id='word_1_240' title='bbox 885 3114 1197 3169; x_wconf 88' lang='lat' dir='ltr'><strong>vestimenta</strong></span> <span class='ocrx_word' id='word_1_241' title='bbox 1220 3126 1313 3167; x_wconf 88' lang='lat' dir='ltr'><strong>sua</strong></span> <span class='ocrx_word' id='word_1_242' title='bbox 1340 3112 1407 3167; x_wconf 89' lang='lat' dir='ltr'><strong>ad</strong></span> <span class='ocrx_word' id='word_1_243' title='bbox 1436 3112 1599 3185; x_wconf 86' lang='lat' dir='ltr'><strong>pedes</strong></span> <span class='ocrx_word' id='word_1_244' title='bbox 1647 3113 1827 3184; x_wconf 84' lang='lat' dir='ltr'><strong>cujus-</strong></span> 
     </span>
    </p>
   </div>
   <div class='ocr_carea' id='block_1_32' title="bbox 240 3202 1625 3270">
    <p class='ocr_par' dir='ltr' id='par_1_32' title="bbox 240 3202 1625 3270">
     <span class='ocr_line' id='line_1_32' title="bbox 240 3202 1625 3270; baseline -0.004 -11"><span class='ocrx_word' id='word_1_245' title='bbox 240 3204 360 3259; x_wconf 87' lang='lat' dir='ltr'><strong>dam</strong></span> <span class='ocrx_word' id='word_1_246' title='bbox 388 3204 769 3270; x_wconf 87' lang='lat' dir='ltr'><strong>adolescentis,</strong></span> <span class='ocrx_word' id='word_1_247' title='bbox 805 3204 1020 3260; x_wconf 85' lang='lat' dir='ltr'><strong>nomine</strong></span> <span class='ocrx_word' id='word_1_248' title='bbox 1039 3202 1203 3259; x_wconf 83' lang='lat' dir='ltr'><strong>Sauli.</strong></span> <span class='ocrx_word' id='word_1_249' title='bbox 1622 3228 1625 3231; x_wconf 57' lang='grc' dir='ltr'><strong><em>λ</em></strong></span> 
     </span>
    </p>
   </div>
   <div class='ocr_carea' id='block_1_33' title="bbox 308 3291 1827 3365">
    <p class='ocr_par' dir='ltr' id='par_1_33' title="bbox 308 3291 1827 3365">
     <span class='ocr_line' id='line_1_33' title="bbox 308 3291 1827 3365; baseline 0.001 -16"><span class='ocrx_word' id='word_1_250' title='bbox 308 3294 544 3351; x_wconf 82' lang='lat' dir='ltr'><strong>CAPUT</strong></span> <span class='ocrx_word' id='word_1_251' title='bbox 558 3292 812 3349; x_wconf 83' lang='lat' dir='ltr'><strong>V.-—lste</strong></span> <span class='ocrx_word' id='word_1_252' title='bbox 825 3293 1036 3358; x_wconf 84' lang='lat' dir='ltr'><strong>Saulus,</strong></span> <span class='ocrx_word' id='word_1_253' title='bbox 1059 3301 1113 3349; x_wconf 88' lang='lat' dir='ltr'><strong>et</strong></span> <span class='ocrx_word' id='word_1_254' title='bbox 1132 3302 1313 3363; x_wconf 89' lang='lat' dir='ltr'><strong>postea</strong></span> <span class='ocrx_word' id='word_1_255' title='bbox 1329 3291 1526 3350; x_wconf 86' lang='lat' dir='ltr'><strong>Paulus</strong></span> <span class='ocrx_word' id='word_1_256' title='bbox 1544 3311 1556 3347; x_wconf 92' lang='lat'>:</span> <span class='ocrx_word' id='word_1_257' title='bbox 1578 3309 1827 3365; x_wconf 82' lang='lat' dir='ltr'><strong>persecu-</strong></span> 
     </span>
    </p>
   </div>
   <div class='ocr_carea' id='block_1_34' title="bbox 240 3385 1826 3455">
    <p class='ocr_par' dir='ltr' id='par_1_34' title="bbox 240 3385 1826 3455">
     <span class='ocr_line' id='line_1_34' title="bbox 240 3385 1826 3455; baseline -0.001 -13"><span class='ocrx_word' id='word_1_258' title='bbox 240 3394 324 3442; x_wconf 91' lang='lat' dir='ltr'><strong>tor</strong></span> <span class='ocrx_word' id='word_1_259' title='bbox 347 3387 571 3449; x_wconf 87' lang='lat' dir='ltr'><strong>Saulus,</strong></span> <span class='ocrx_word' id='word_1_260' title='bbox 600 3385 914 3455; x_wconf 69' lang='lat' dir='ltr'><strong>praadicator</strong></span> <span class='ocrx_word' id='word_1_261' title='bbox 930 3385 1140 3441; x_wconf 87' lang='lat' dir='ltr'><strong>Paulus.</strong></span> <span class='ocrx_word' id='word_1_262' title='bbox 1154 3385 1345 3440; x_wconf 84' lang='lat' dir='ltr'><strong>Saulus</strong></span> <span class='ocrx_word' id='word_1_263' title='bbox 1360 3386 1500 3440; x_wconf 90' lang='lat' dir='ltr'><strong>enim</strong></span> <span class='ocrx_word' id='word_1_264' title='bbox 1521 3394 1712 3440; x_wconf 83' lang='lat' dir='ltr'><strong>nemen</strong></span> <span class='ocrx_word' id='word_1_265' title='bbox 1743 3394 1826 3440; x_wconf 88' lang='lat' dir='ltr'><strong>est</strong></span> 
     </span>
    </p>
   </div>
   <div class='ocr_carea' id='block_1_35' title="bbox 240 3472 1826 3544">
    <p class='ocr_par' dir='ltr' id='par_1_35' title="bbox 240 3472 1826 3544">
     <span class='ocr_line' id='line_1_35' title="bbox 240 3472 1826 3544; baseline -0.002 -12"><span class='ocrx_word' id='word_1_266' title='bbox 240 3491 270 3531; x_wconf 83' lang='lat' dir='ltr'><strong>a</strong></span> <span class='ocrx_word' id='word_1_267' title='bbox 288 3477 474 3532; x_wconf 77' lang='lat' dir='ltr'><strong>Saule.</strong></span> <span class='ocrx_word' id='word_1_268' title='bbox 490 3476 620 3530; x_wconf 73' lang='lat' dir='ltr'><strong>Sail]</strong></span> <span class='ocrx_word' id='word_1_269' title='bbox 647 3476 954 3543; x_wconf 82' lang='lat' dir='ltr'><strong>persecutor</strong></span> <span class='ocrx_word' id='word_1_270' title='bbox 977 3484 1093 3529; x_wconf 87' lang='lat' dir='ltr'><strong>erat</strong></span> <span class='ocrx_word' id='word_1_271' title='bbox 1114 3475 1253 3544; x_wconf 78' lang='lat' dir='ltr'><strong>regis</strong></span> <span class='ocrx_word' id='word_1_272' title='bbox 1282 3475 1465 3529; x_wconf 88' lang='lat' dir='ltr'><strong>David.</strong></span> <span class='ocrx_word' id='word_1_273' title='bbox 1494 3472 1636 3529; x_wconf 84' lang='lat' dir='ltr'><strong>Talis</strong></span> <span class='ocrx_word' id='word_1_274' title='bbox 1658 3476 1826 3529; x_wconf 88' lang='lat' dir='ltr'><strong>fuerat</strong></span> 
     </span>
    </p>
   </div>
   <div class='ocr_carea' id='block_1_36' title="bbox 239 3563 1824 3633">
    <p class='ocr_par' dir='ltr' id='par_1_36' title="bbox 239 3563 1824 3633">
     <span class='ocr_line' id='line_1_36' title="bbox 239 3563 1824 3633; baseline -0.003 -10"><span class='ocrx_word' id='word_1_275' title='bbox 239 3567 364 3623; x_wconf 84' lang='lat' dir='ltr'><strong>Saiil</strong></span> <span class='ocrx_word' id='word_1_276' title='bbox 389 3569 444 3621; x_wconf 89' lang='lat' dir='ltr'><strong>in</strong></span> <span class='ocrx_word' id='word_1_277' title='bbox 484 3564 651 3619; x_wconf 86' lang='lat' dir='ltr'><strong>David</strong></span> <span class='ocrx_word' id='word_1_278' title='bbox 675 3604 691 3630; x_wconf 97' lang='lat'><strong>,</strong></span> <span class='ocrx_word' id='word_1_279' title='bbox 728 3564 898 3633; x_wconf 88' lang='lat' dir='ltr'><strong>qualis</strong></span> <span class='ocrx_word' id='word_1_280' title='bbox 922 3563 1115 3617; x_wconf 83' lang='lat' dir='ltr'><strong>Saulus</strong></span> <span class='ocrx_word' id='word_1_281' title='bbox 1143 3566 1195 3617; x_wconf 90' lang='lat' dir='ltr'><strong>in</strong></span> <span class='ocrx_word' id='word_1_282' title='bbox 1242 3564 1589 3633; x_wconf 91' lang='lat' dir='ltr'><strong>Stephanum.</strong></span> <span class='ocrx_word' id='word_1_283' title='bbox 1632 3565 1824 3619; x_wconf 62' lang='lat' dir='ltr'><strong>Pestea</strong></span> 
     </span>
    </p>
   </div>
   <div class='ocr_carea' id='block_1_37' title="bbox 240 3653 1823 3725">
    <p class='ocr_par' dir='ltr' id='par_1_37' title="bbox 240 3653 1823 3725">
     <span class='ocr_line' id='line_1_37' title="bbox 240 3653 1823 3725; baseline 0.001 -15"><span class='ocrx_word' id='word_1_284' title='bbox 240 3670 367 3713; x_wconf 88' lang='lat' dir='ltr'><strong>vero</strong></span> <span class='ocrx_word' id='word_1_285' title='bbox 393 3670 524 3712; x_wconf 87' lang='lat' dir='ltr'><strong>cum</strong></span> <span class='ocrx_word' id='word_1_286' title='bbox 554 3663 771 3709; x_wconf 88' lang='lat' dir='ltr'><strong>vocatus</strong></span> <span class='ocrx_word' id='word_1_287' title='bbox 798 3663 939 3709; x_wconf 88' lang='lat' dir='ltr'><strong>esset</strong></span> <span class='ocrx_word' id='word_1_288' title='bbox 959 3653 1026 3708; x_wconf 88' lang='lat' dir='ltr'><strong>de</strong></span> <span class='ocrx_word' id='word_1_289' title='bbox 1046 3653 1217 3720; x_wconf 63' lang='lat' dir='ltr'><strong>caelo;</strong></span> <span class='ocrx_word' id='word_1_290' title='bbox 1244 3661 1483 3720; x_wconf 87' lang='lat' dir='ltr'><strong>vocatus,</strong></span> <span class='ocrx_word' id='word_1_291' title='bbox 1509 3664 1823 3725; x_wconf 89' lang='lat' dir='ltr'><strong>prostratus,</strong></span> 
     </span>
    </p>
   </div>
   <div class='ocr_carea' id='block_1_38' title="bbox 238 3743 1824 3815">
    <p class='ocr_par' dir='ltr' id='par_1_38' title="bbox 238 3743 1824 3815">
     <span class='ocr_line' id='line_1_38' title="bbox 238 3743 1824 3815; baseline -0.002 -13"><span class='ocrx_word' id='word_1_292' title='bbox 238 3755 502 3811; x_wconf 87' lang='lat' dir='ltr'><strong>mutatus,</strong></span> <span class='ocrx_word' id='word_1_293' title='bbox 542 3744 632 3799; x_wconf 87' lang='lat' dir='ltr'><strong>ubi</strong></span> <span class='ocrx_word' id='word_1_294' title='bbox 655 3744 817 3815; x_wconf 75' lang='lat' dir='ltr'><strong>cmpit</strong></span> <span class='ocrx_word' id='word_1_295' title='bbox 844 3744 1116 3814; x_wconf 85' lang='lat' dir='ltr'><strong>apostolus</strong></span> <span class='ocrx_word' id='word_1_296' title='bbox 1137 3743 1427 3813; x_wconf 68' lang='lat' dir='ltr'><strong>prmdicare</strong></span> <span class='ocrx_word' id='word_1_297' title='bbox 1450 3745 1666 3800; x_wconf 84' lang='lat' dir='ltr'><strong>verbum</strong></span> <span class='ocrx_word' id='word_1_298' title='bbox 1697 3745 1824 3811; x_wconf 89' lang='lat' dir='ltr'><strong>Dei;</strong></span> 
     </span>
    </p>
   </div>
   <div class='ocr_carea' id='block_1_39' title="bbox 239 3834 1830 3906">
    <p class='ocr_par' dir='ltr' id='par_1_39' title="bbox 239 3834 1830 3906">
     <span class='ocr_line' id='line_1_39' title="bbox 239 3834 1830 3906; baseline 0 -13"><span class='ocrx_word' id='word_1_299' title='bbox 239 3838 470 3893; x_wconf 85' lang='lat' dir='ltr'><strong>mutavit</strong></span> <span class='ocrx_word' id='word_1_300' title='bbox 498 3835 601 3891; x_wconf 89' lang='lat' dir='ltr'><strong>sibi</strong></span> <span class='ocrx_word' id='word_1_301' title='bbox 622 3850 835 3900; x_wconf 85' lang='lat' dir='ltr'><strong>nomen,</strong></span> <span class='ocrx_word' id='word_1_302' title='bbox 861 3842 915 3891; x_wconf 93' lang='lat' dir='ltr'><strong>et</strong></span> <span class='ocrx_word' id='word_1_303' title='bbox 939 3834 1071 3889; x_wconf 80' lang='lat' dir='ltr'><strong>dixit</strong></span> <span class='ocrx_word' id='word_1_304' title='bbox 1099 3850 1157 3889; x_wconf 89' lang='lat' dir='ltr'><strong>se</strong></span> <span class='ocrx_word' id='word_1_305' title='bbox 1182 3835 1425 3889; x_wconf 88' lang='lat' dir='ltr'><strong>Paulum.</strong></span> <span class='ocrx_word' id='word_1_306' title='bbox 1456 3836 1529 3890; x_wconf 87' lang='lat' dir='ltr'><strong>Et</strong></span> <span class='ocrx_word' id='word_1_307' title='bbox 1546 3836 1645 3891; x_wconf 92' lang='lat' dir='ltr'><strong>hoc</strong></span> <span class='ocrx_word' id='word_1_308' title='bbox 1664 3852 1830 3906; x_wconf 86' lang='lat' dir='ltr'><strong>quare</strong></span> 
     </span>
    </p>
   </div>
   <div class='ocr_carea' id='block_1_40' title="bbox 239 3926 1825 4001">
    <p class='ocr_par' dir='ltr' id='par_1_40' title="bbox 239 3926 1825 4001">
     <span class='ocr_line' id='line_1_40' title="bbox 239 3926 1825 4001; baseline -0.001 -18"><span class='ocrx_word' id='word_1_309' title='bbox 239 3930 447 4001; x_wconf 75' lang='lat' dir='ltr'><strong>elegit?</strong></span> <span class='ocrx_word' id='word_1_310' title='bbox 470 3928 609 3996; x_wconf 86' lang='lat' dir='ltr'><strong>Quia</strong></span> <span class='ocrx_word' id='word_1_311' title='bbox 648 3927 841 3982; x_wconf 86' lang='lat' dir='ltr'><strong>Paulus</strong></span> <span class='ocrx_word' id='word_1_312' title='bbox 873 3926 1110 3981; x_wconf 87' lang='lat' dir='ltr'><strong>modicus</strong></span> <span class='ocrx_word' id='word_1_313' title='bbox 1128 3936 1230 3991; x_wconf 90' lang='lat' dir='ltr'><strong>est,</strong></span> <span class='ocrx_word' id='word_1_314' title='bbox 1262 3927 1459 3981; x_wconf 87' lang='lat' dir='ltr'><strong>Paulus</strong></span> <span class='ocrx_word' id='word_1_315' title='bbox 1499 3942 1693 3997; x_wconf 86' lang='lat' dir='ltr'><strong>parvus</strong></span> <span class='ocrx_word' id='word_1_316' title='bbox 1721 3937 1825 3983; x_wconf 89' lang='lat' dir='ltr'><strong>est.</strong></span> 
     </span>
    </p>
   </div>
   <div class='ocr_carea' id='block_1_41' title="bbox 240 4017 1832 4090">
    <p class='ocr_par' dir='ltr' id='par_1_41' title="bbox 240 4017 1832 4090">
     <span class='ocr_line' id='line_1_41' title="bbox 240 4017 1832 4090; baseline 0 -14"><span class='ocrx_word' id='word_1_317' title='bbox 240 4021 349 4078; x_wconf 85' lang='lat' dir='ltr'><strong>Nos</strong></span> <span class='ocrx_word' id='word_1_318' title='bbox 371 4023 618 4077; x_wconf 86' lang='lat' dir='ltr'><strong>solemus</strong></span> <span class='ocrx_word' id='word_1_319' title='bbox 637 4019 716 4075; x_wconf 85' lang='lat' dir='ltr'><strong>sic</strong></span> <span class='ocrx_word' id='word_1_320' title='bbox 744 4020 884 4090; x_wconf 86' lang='lat' dir='ltr'><strong>loqui</strong></span> <span class='ocrx_word' id='word_1_321' title='bbox 919 4037 932 4074; x_wconf 90' lang='lat'><strong>:</strong></span> <span class='ocrx_word' id='word_1_322' title='bbox 962 4017 1162 4073; x_wconf 80' lang='lat' dir='ltr'><strong>Videbo</strong></span> <span class='ocrx_word' id='word_1_323' title='bbox 1187 4028 1239 4073; x_wconf 88' lang='lat' dir='ltr'><strong>te</strong></span> <span class='ocrx_word' id='word_1_324' title='bbox 1266 4026 1384 4088; x_wconf 88' lang='lat' dir='ltr'><strong>post</strong></span> <span class='ocrx_word' id='word_1_325' title='bbox 1414 4020 1647 4089; x_wconf 89' lang='lat' dir='ltr'><strong>paulum,</strong></span> <span class='ocrx_word' id='word_1_326' title='bbox 1668 4021 1719 4075; x_wconf 91' lang='lat' dir='ltr'><strong>id</strong></span> <span class='ocrx_word' id='word_1_327' title='bbox 1747 4030 1832 4076; x_wconf 90' lang='lat' dir='ltr'><strong>est</strong></span> 
     </span>
    </p>
   </div>
   <div class='ocr_carea' id='block_1_42' title="bbox 240 4110 1832 4184">
    <p class='ocr_par' dir='ltr' id='par_1_42' title="bbox 240 4110 1832 4184">
     <span class='ocr_line' id='line_1_42' title="bbox 240 4110 1832 4184; baseline -0.003 -14"><span class='ocrx_word' id='word_1_328' title='bbox 240 4124 363 4184; x_wconf 89' lang='lat' dir='ltr'><strong>post</strong></span> <span class='ocrx_word' id='word_1_329' title='bbox 387 4113 688 4169; x_wconf 89' lang='lat' dir='ltr'><strong>modicum.</strong></span> <span class='ocrx_word' id='word_1_330' title='bbox 721 4111 871 4167; x_wconf 88' lang='lat' dir='ltr'><strong>Unde</strong></span> <span class='ocrx_word' id='word_1_331' title='bbox 907 4127 1034 4181; x_wconf 79' lang='lat' dir='ltr'><strong>ergo</strong></span> <span class='ocrx_word' id='word_1_332' title='bbox 1064 4111 1299 4167; x_wconf 72' lang='lat' dir='ltr'><strong>Paulus?</strong></span> <span class='ocrx_word' id='word_1_333' title='bbox 1323 4110 1434 4182; x_wconf 84' lang='lat' dir='ltr'><strong>Ego</strong></span> <span class='ocrx_word' id='word_1_334' title='bbox 1457 4128 1567 4166; x_wconf 84' lang='lat' dir='ltr'><strong>sum</strong></span> <span class='ocrx_word' id='word_1_335' title='bbox 1592 4113 1832 4169; x_wconf 83' lang='lat' dir='ltr'><strong>minimus</strong></span> 
     </span>
    </p>
   </div>
   <div class='ocr_carea' id='block_1_43' title="bbox 242 4200 1826 4274">
    <p class='ocr_par' dir='ltr' id='par_1_43' title="bbox 242 4200 1826 4274">
     <span class='ocr_line' id='line_1_43' title="bbox 242 4200 1826 4274; baseline 0.003 -19"><span class='ocrx_word' id='word_1_336' title='bbox 242 4200 812 4274; x_wconf 72' lang='lat' dir='ltr'><strong>Apostoloruma-Cor.</strong></span> <span class='ocrx_word' id='word_1_337' title='bbox 847 4217 934 4266; x_wconf 83' lang='lat' dir='ltr'><strong>xv,</strong></span> <span class='ocrx_word' id='word_1_338' title='bbox 964 4201 1042 4271; x_wconf 92' lang='lat'><strong>9).</strong></span> <span class='ocrx_word' id='word_1_339' title='bbox 1075 4201 1278 4271; x_wconf 82' lang='lat' dir='ltr'><strong>Magna,</strong></span> <span class='ocrx_word' id='word_1_340' title='bbox 1298 4202 1476 4256; x_wconf 89' lang='lat' dir='ltr'><strong>divina</strong></span> <span class='ocrx_word' id='word_1_341' title='bbox 1506 4205 1826 4272; x_wconf 87' lang='lat' dir='ltr'><strong>spectacula!</strong></span> 
     </span>
    </p>
   </div>
   <div class='ocr_carea' id='block_1_44' title="bbox 243 4291 1831 4364">
    <p class='ocr_par' dir='ltr' id='par_1_44' title="bbox 243 4291 1831 4364">
     <span class='ocr_line' id='line_1_44' title="bbox 243 4291 1831 4364; baseline -0.001 -15"><span class='ocrx_word' id='word_1_342' title='bbox 243 4296 344 4360; x_wconf 88' lang='lat' dir='ltr'><strong>Qui</strong></span> <span class='ocrx_word' id='word_1_343' title='bbox 372 4301 497 4349; x_wconf 86' lang='lat' dir='ltr'><strong>erat</strong></span> <span class='ocrx_word' id='word_1_344' title='bbox 524 4293 577 4348; x_wconf 87' lang='lat' dir='ltr'><strong>in</strong></span> <span class='ocrx_word' id='word_1_345' title='bbox 606 4291 751 4347; x_wconf 66' lang='lat' dir='ltr'><strong>caede</strong></span> <span class='ocrx_word' id='word_1_346' title='bbox 763 4292 1015 4361; x_wconf 88' lang='lat' dir='ltr'><strong>Stephani</strong></span> <span class='ocrx_word' id='word_1_347' title='bbox 1036 4300 1363 4361; x_wconf 89' lang='lat' dir='ltr'><strong>persecutor,</strong></span> <span class='ocrx_word' id='word_1_348' title='bbox 1397 4293 1567 4347; x_wconf 88' lang='lat' dir='ltr'><strong>factus</strong></span> <span class='ocrx_word' id='word_1_349' title='bbox 1580 4302 1663 4349; x_wconf 88' lang='lat' dir='ltr'><strong>est</strong></span> <span class='ocrx_word' id='word_1_350' title='bbox 1686 4296 1831 4364; x_wconf 72' lang='lat' dir='ltr'><strong>regni</strong></span> 
     </span>
    </p>
   </div>
   <div class='ocr_carea' id='block_1_45' title="bbox 243 4382 1835 4454">
    <p class='ocr_par' dir='ltr' id='par_1_45' title="bbox 243 4382 1835 4454">
     <span class='ocr_line' id='line_1_45' title="bbox 243 4382 1835 4454; baseline 0 -14"><span class='ocrx_word' id='word_1_351' title='bbox 243 4385 511 4440; x_wconf 64' lang='lat' dir='ltr'><strong>malorum</strong></span> <span class='ocrx_word' id='word_1_352' title='bbox 541 4392 726 4454; x_wconf 88' lang='lat' dir='ltr'><strong>postea</strong></span> <span class='ocrx_word' id='word_1_353' title='bbox 753 4382 1082 4451; x_wconf 63' lang='lat' dir='ltr'><strong>praedicator.</strong></span> <span class='ocrx_word' id='word_1_354' title='bbox 1108 4384 1370 4449; x_wconf 89' lang='lat' dir='ltr'><strong>Quantum</strong></span> <span class='ocrx_word' id='word_1_355' title='bbox 1394 4383 1642 4438; x_wconf 63' lang='lat' dir='ltr'><strong>saeviebat</strong></span> <span class='ocrx_word' id='word_1_356' title='bbox 1667 4385 1718 4439; x_wconf 88' lang='lat' dir='ltr'><strong>in</strong></span> <span class='ocrx_word' id='word_1_357' title='bbox 1746 4386 1835 4440; x_wconf 85' lang='lat' dir='ltr'><strong>illa</strong></span> 
     </span>
    </p>
   </div>
   <div class='ocr_carea' id='block_1_46' title="bbox 243 4472 1835 4541">
    <p class='ocr_par' dir='ltr' id='par_1_46' title="bbox 243 4472 1835 4541">
     <span class='ocr_line' id='line_1_46' title="bbox 243 4472 1835 4541; baseline -0.003 -9"><span class='ocrx_word' id='word_1_358' title='bbox 243 4476 416 4540; x_wconf 57' lang='lat' dir='ltr'><strong>caede,</strong></span> <span class='ocrx_word' id='word_1_359' title='bbox 447 4475 611 4530; x_wconf 86' lang='lat' dir='ltr'><strong>vultis</strong></span> <span class='ocrx_word' id='word_1_360' title='bbox 647 4473 863 4527; x_wconf 89' lang='lat' dir='ltr'><strong>audire?</strong></span> <span class='ocrx_word' id='word_1_361' title='bbox 910 4472 1233 4527; x_wconf 73' lang='lat' dir='ltr'><strong>Vestimenta</strong></span> <span class='ocrx_word' id='word_1_362' title='bbox 1262 4472 1603 4541; x_wconf 85' lang='lat' dir='ltr'><strong>lapidantium</strong></span> <span class='ocrx_word' id='word_1_363' title='bbox 1653 4489 1835 4528; x_wconf 82' lang='lat' dir='ltr'><strong>serva-</strong></span> 
     </span>
    </p>
   </div>
   <div class='ocr_carea' id='block_1_47' title="bbox 243 4562 1836 4635">
    <p class='ocr_par' dir='ltr' id='par_1_47' title="bbox 243 4562 1836 4635">
     <span class='ocr_line' id='line_1_47' title="bbox 243 4562 1836 4635; baseline 0 -15"><span class='ocrx_word' id='word_1_364' title='bbox 243 4565 354 4631; x_wconf 88' lang='lat' dir='ltr'><strong>bat,</strong></span> <span class='ocrx_word' id='word_1_365' title='bbox 380 4564 705 4619; x_wconf 73' lang='lat' dir='ltr'><strong>ut&#39;omnium</strong></span> <span class='ocrx_word' id='word_1_366' title='bbox 750 4562 991 4617; x_wconf 90' lang='lat' dir='ltr'><strong>manibus</strong></span> <span class='ocrx_word' id='word_1_367' title='bbox 1017 4563 1289 4633; x_wconf 89' lang='lat' dir='ltr'><strong>lapidaret.</strong></span> <span class='ocrx_word' id='word_1_368' title='bbox 1324 4563 1465 4634; x_wconf 81' lang='lat' dir='ltr'><strong>Ergo</strong></span> <span class='ocrx_word' id='word_1_369' title='bbox 1492 4575 1836 4635; x_wconf 89' lang='lat' dir='ltr'><strong>posteaquam</strong></span> 
     </span>
    </p>
   </div>
   <div class='ocr_carea' id='block_1_48' title="bbox 246 4654 1833 4727">
    <p class='ocr_par' dir='ltr' id='par_1_48' title="bbox 246 4654 1833 4727">
     <span class='ocr_line' id='line_1_48' title="bbox 246 4654 1833 4727; baseline 0.001 -17"><span class='ocrx_word' id='word_1_370' title='bbox 246 4654 565 4727; x_wconf 87' lang='lat' dir='ltr'><strong>Stephanus</strong></span> <span class='ocrx_word' id='word_1_371' title='bbox 612 4663 827 4708; x_wconf 88' lang='lat' dir='ltr'><strong>sanctus</strong></span> <span class='ocrx_word' id='word_1_372' title='bbox 874 4662 1022 4708; x_wconf 89' lang='lat' dir='ltr'><strong>stans</strong></span> <span class='ocrx_word' id='word_1_373' title='bbox 1066 4655 1301 4724; x_wconf 78' lang='lat' dir='ltr'><strong>exigeret</strong></span> <span class='ocrx_word' id='word_1_374' title='bbox 1352 4654 1586 4711; x_wconf 87' lang='lat' dir='ltr'><strong>debitum</strong></span> <span class='ocrx_word' id='word_1_375' title='bbox 1629 4656 1833 4724; x_wconf 89' lang='lat' dir='ltr'><strong>dicens,</strong></span> 
     </span>
    </p>
   </div>
   <div class='ocr_carea' id='block_1_49' title="bbox 246 4746 1838 4817">
    <p class='ocr_par' dir='ltr' id='par_1_49' title="bbox 246 4746 1838 4817">
     <span class='ocr_line' id='line_1_49' title="bbox 246 4746 1838 4817; baseline 0.001 -15"><span class='ocrx_word' id='word_1_376' title='bbox 246 4747 473 4803; x_wconf 84' lang='lat' dir='ltr'><strong>Domine</strong></span> <span class='ocrx_word' id='word_1_377' title='bbox 500 4747 652 4810; x_wconf 75' lang='lat' dir='ltr'><strong>Iesu,</strong></span> <span class='ocrx_word' id='word_1_378' title='bbox 680 4748 853 4817; x_wconf 86' lang='lat' dir='ltr'><strong>accipe</strong></span> <span class='ocrx_word' id='word_1_379' title='bbox 876 4746 1106 4817; x_wconf 77' lang='lat' dir='ltr'><strong>spiritum</strong></span> <span class='ocrx_word' id='word_1_380' title='bbox 1132 4763 1330 4812; x_wconf 81' lang='lat' dir='ltr'><strong>meum;</strong></span> <span class='ocrx_word' id='word_1_381' title='bbox 1355 4749 1635 4804; x_wconf 88' lang='lat' dir='ltr'><strong>attendens</strong></span> <span class='ocrx_word' id='word_1_382' title='bbox 1661 4750 1838 4804; x_wconf 83' lang='lat' dir='ltr'><strong>inimi-</strong></span> 
     </span>
    </p>
   </div>
   <div class='ocr_carea' id='block_1_50' title="bbox 245 4838 1833 4909">
    <p class='ocr_par' dir='ltr' id='par_1_50' title="bbox 245 4838 1833 4909">
     <span class='ocr_line' id='line_1_50' title="bbox 245 4838 1833 4909; baseline 0.001 -13"><span class='ocrx_word' id='word_1_383' title='bbox 245 4856 339 4896; x_wconf 85' lang='lat' dir='ltr'><strong>cos</strong></span> <span class='ocrx_word' id='word_1_384' title='bbox 366 4857 525 4908; x_wconf 87' lang='lat' dir='ltr'><strong>suos,</strong></span> <span class='ocrx_word' id='word_1_385' title='bbox 552 4841 641 4909; x_wconf 89' lang='lat' dir='ltr'><strong>qui</strong></span> <span class='ocrx_word' id='word_1_386' title='bbox 679 4840 778 4895; x_wconf 87' lang='lat' dir='ltr'><strong>sibi</strong></span> <span class='ocrx_word' id='word_1_387' title='bbox 816 4838 1098 4908; x_wconf 83' lang='lat' dir='ltr'><strong>lapidando</strong></span> <span class='ocrx_word' id='word_1_388' title='bbox 1151 4839 1346 4892; x_wconf 90' lang='lat' dir='ltr'><strong>malum</strong></span> <span class='ocrx_word' id='word_1_389' title='bbox 1394 4841 1630 4897; x_wconf 89' lang='lat' dir='ltr'><strong>debitum</strong></span> <span class='ocrx_word' id='word_1_390' title='bbox 1673 4842 1833 4898; x_wconf 87' lang='lat' dir='ltr'><strong>facie-</strong></span> 
     </span>
    </p>
   </div>
   <div class='ocr_carea' id='block_1_51' title="bbox 246 4928 1840 4999">
    <p class='ocr_par' dir='ltr' id='par_1_51' title="bbox 246 4928 1840 4999">
     <span class='ocr_line' id='line_1_51' title="bbox 246 4928 1840 4999; baseline 0 -13"><span class='ocrx_word' id='word_1_391' title='bbox 246 4931 397 4998; x_wconf 88' lang='lat' dir='ltr'><strong>bant,</strong></span> <span class='ocrx_word' id='word_1_392' title='bbox 432 4940 491 4985; x_wconf 91' lang='lat' dir='ltr'><strong>ct</strong></span> <span class='ocrx_word' id='word_1_393' title='bbox 534 4930 802 4984; x_wconf 88' lang='lat' dir='ltr'><strong>addebant</strong></span> <span class='ocrx_word' id='word_1_394' title='bbox 825 4929 891 4982; x_wconf 84' lang='lat' dir='ltr'><strong>ad</strong></span> <span class='ocrx_word' id='word_1_395' title='bbox 937 4929 1241 4984; x_wconf 87' lang='lat' dir='ltr'><strong>thesaurum</strong></span> <span class='ocrx_word' id='word_1_396' title='bbox 1271 4928 1440 4995; x_wconf 90' lang='lat' dir='ltr'><strong>illum,</strong></span> <span class='ocrx_word' id='word_1_397' title='bbox 1469 4931 1561 4985; x_wconf 54' lang='lat' dir='ltr'><strong>de.</strong></span> <span class='ocrx_word' id='word_1_398' title='bbox 1588 4947 1694 4999; x_wconf 91' lang='lat' dir='ltr'><strong>quo</strong></span> <span class='ocrx_word' id='word_1_399' title='bbox 1713 4934 1840 4987; x_wconf 87' lang='lat' dir='ltr'><strong>dicit</strong></span> 
     </span>
    </p>
   </div>
   <div class='ocr_carea' id='block_1_52' title="bbox 245 5017 1840 5090">
    <p class='ocr_par' dir='ltr' id='par_1_52' title="bbox 245 5017 1840 5090">
     <span class='ocr_line' id='line_1_52' title="bbox 245 5017 1840 5090; baseline 0.001 -16"><span class='ocrx_word' id='word_1_400' title='bbox 245 5021 533 5090; x_wconf 77' lang='lat' dir='ltr'><strong>apostolus</strong></span> <span class='ocrx_word' id='word_1_401' title='bbox 566 5018 777 5083; x_wconf 83' lang='lat' dir='ltr'><strong>Paulus,</strong></span> <span class='ocrx_word' id='word_1_402' title='bbox 815 5017 891 5071; x_wconf 87' lang='lat' dir='ltr'><strong>Tu</strong></span> <span class='ocrx_word' id='word_1_403' title='bbox 936 5026 1103 5071; x_wconf 88' lang='lat' dir='ltr'><strong>autem</strong></span> <span class='ocrx_word' id='word_1_404' title='bbox 1138 5018 1411 5072; x_wconf 85' lang='lat' dir='ltr'><strong>secundum</strong></span> <span class='ocrx_word' id='word_1_405' title='bbox 1439 5018 1677 5074; x_wconf 81' lang='lat' dir='ltr'><strong>duritiam</strong></span> <span class='ocrx_word' id='word_1_406' title='bbox 1701 5032 1840 5075; x_wconf 85' lang='lat' dir='ltr'><strong>tuam</strong></span> 
     </span>
    </p>
   </div>
   <div class='ocr_carea' id='block_1_53' title="bbox 244 5109 1840 5179">
    <p class='ocr_par' dir='ltr' id='par_1_53' title="bbox 244 5109 1840 5179">
     <span class='ocr_line' id='line_1_53' title="bbox 244 5109 1840 5179; baseline 0.001 -14"><span class='ocrx_word' id='word_1_407' title='bbox 244 5122 290 5165; x_wconf 88' lang='lat' dir='ltr'><strong>et</strong></span> <span class='ocrx_word' id='word_1_408' title='bbox 315 5126 409 5167; x_wconf 88' lang='lat' dir='ltr'><strong>cor</strong></span> <span class='ocrx_word' id='word_1_409' title='bbox 433 5111 778 5179; x_wconf 70' lang='lat' dir='ltr'><strong>impmnitens,</strong></span> <span class='ocrx_word' id='word_1_410' title='bbox 805 5109 1114 5163; x_wconf 75' lang='lat' dir='ltr'><strong>thesaurisas</strong></span> <span class='ocrx_word' id='word_1_411' title='bbox 1134 5109 1219 5162; x_wconf 86' lang='lat' dir='ltr'><strong>tibi</strong></span> <span class='ocrx_word' id='word_1_412' title='bbox 1240 5109 1366 5161; x_wconf 89' lang='lat' dir='ltr'><strong>iram</strong></span> <span class='ocrx_word' id='word_1_413' title='bbox 1390 5110 1443 5162; x_wconf 91' lang='lat' dir='ltr'><strong>in</strong></span> <span class='ocrx_word' id='word_1_414' title='bbox 1464 5109 1546 5163; x_wconf 84' lang='lat' dir='ltr'><strong>die</strong></span> <span class='ocrx_word' id='word_1_415' title='bbox 1584 5112 1676 5165; x_wconf 75' lang='lat' dir='ltr'><strong>ira:</strong></span> <span class='ocrx_word' id='word_1_416' title='bbox 1696 5121 1740 5165; x_wconf 91' lang='lat' dir='ltr'><strong>et</strong></span> <span class='ocrx_word' id='word_1_417' title='bbox 1763 5128 1840 5166; x_wconf 86' lang='lat' dir='ltr'><strong>re-</strong></span> 
     </span>
    </p>
   </div>
   <div class='ocr_carea' id='block_1_54' title="bbox 246 5198 1837 5271">
    <p class='ocr_par' dir='ltr' id='par_1_54' title="bbox 246 5198 1837 5271">
     <span class='ocr_line' id='line_1_54' title="bbox 246 5198 1837 5271; baseline 0.001 -15"><span class='ocrx_word' id='word_1_418' title='bbox 246 5201 525 5257; x_wconf 69' lang='lat' dir='ltr'><strong>uelationis</strong></span> <span class='ocrx_word' id='word_1_419' title='bbox 550 5201 682 5270; x_wconf 81' lang='lat' dir='ltr'><strong>justi</strong></span> <span class='ocrx_word' id='word_1_420' title='bbox 709 5200 893 5271; x_wconf 84' lang='lat' dir='ltr'><strong>judicii</strong></span> <span class='ocrx_word' id='word_1_421' title='bbox 921 5199 1012 5253; x_wconf 89' lang='lat' dir='ltr'><strong>Dei</strong></span> <span class='ocrx_word' id='word_1_422' title='bbox 1044 5198 1218 5270; x_wconf 83' lang='lat' dir='ltr'><strong>(Rom.</strong></span> <span class='ocrx_word' id='word_1_423' title='bbox 1269 5217 1325 5265; x_wconf 87' lang='grc' dir='ltr'>ιι,</span> <span class='ocrx_word' id='word_1_424' title='bbox 1357 5200 1412 5271; x_wconf 80' lang='lat'><strong>5)</strong></span> <span class='ocrx_word' id='word_1_425' title='bbox 1439 5219 1450 5254; x_wconf 93' lang='lat'>:</span> <span class='ocrx_word' id='word_1_426' title='bbox 1475 5202 1697 5256; x_wconf 85' lang='lat' dir='ltr'><strong>attendit</strong></span> <span class='ocrx_word' id='word_1_427' title='bbox 1722 5218 1837 5270; x_wconf 86' lang='lat' dir='ltr'><strong>eos,</strong></span> 
     </span>
    </p>
   </div>
   <div class='ocr_carea' id='block_1_55' title="bbox 245 5290 1841 5361">
    <p class='ocr_par' dir='ltr' id='par_1_55' title="bbox 245 5290 1841 5361">
     <span class='ocr_line' id='line_1_55' title="bbox 245 5290 1841 5361; baseline 0.001 -15"><span class='ocrx_word' id='word_1_428' title='bbox 245 5303 301 5347; x_wconf 90' lang='lat' dir='ltr'><strong>et</strong></span> <span class='ocrx_word' id='word_1_429' title='bbox 330 5294 595 5351; x_wconf 82' lang='lat' dir='ltr'><strong>misertus</strong></span> <span class='ocrx_word' id='word_1_430' title='bbox 623 5300 705 5346; x_wconf 90' lang='lat' dir='ltr'><strong>est</strong></span> <span class='ocrx_word' id='word_1_431' title='bbox 731 5290 826 5355; x_wconf 89' lang='lat' dir='ltr'><strong>eis,</strong></span> <span class='ocrx_word' id='word_1_432' title='bbox 857 5300 911 5343; x_wconf 91' lang='lat' dir='ltr'><strong>et</strong></span> <span class='ocrx_word' id='word_1_433' title='bbox 938 5290 1050 5344; x_wconf 82' lang='lat' dir='ltr'><strong>ﬁxit</strong></span> <span class='ocrx_word' id='word_1_434' title='bbox 1072 5306 1167 5359; x_wconf 89' lang='lat' dir='ltr'><strong>pro</strong></span> <span class='ocrx_word' id='word_1_435' title='bbox 1209 5291 1287 5346; x_wconf 91' lang='lat' dir='ltr'><strong>cis</strong></span> <span class='ocrx_word' id='word_1_436' title='bbox 1328 5306 1485 5361; x_wconf 78' lang='lat' dir='ltr'><strong>genu.</strong></span> <span class='ocrx_word' id='word_1_437' title='bbox 1520 5293 1625 5349; x_wconf 85' lang='lat' dir='ltr'><strong>Pro</strong></span> <span class='ocrx_word' id='word_1_438' title='bbox 1648 5309 1707 5348; x_wconf 88' lang='lat' dir='ltr'><strong>se</strong></span> <span class='ocrx_word' id='word_1_439' title='bbox 1728 5304 1841 5348; x_wconf 88' lang='lat' dir='ltr'><strong>sta-</strong></span> 
     </span>
    </p>
   </div>
   <div class='ocr_carea' id='block_1_56' title="bbox 249 5380 1839 5454">
    <p class='ocr_par' dir='ltr' id='par_1_56' title="bbox 249 5380 1839 5454">
     <span class='ocr_line' id='line_1_56' title="bbox 249 5380 1839 5454; baseline 0.001 -16"><span class='ocrx_word' id='word_1_440' title='bbox 249 5383 362 5448; x_wconf 83' lang='lat' dir='ltr'><strong>bat,</strong></span> <span class='ocrx_word' id='word_1_441' title='bbox 394 5399 502 5454; x_wconf 85' lang='lat' dir='ltr'><strong>pro</strong></span> <span class='ocrx_word' id='word_1_442' title='bbox 529 5382 606 5437; x_wconf 90' lang='lat' dir='ltr'><strong>eis</strong></span> <span class='ocrx_word' id='word_1_443' title='bbox 633 5396 805 5451; x_wconf 79' lang='lat' dir='ltr'><strong>genua</strong></span> <span class='ocrx_word' id='word_1_444' title='bbox 831 5380 1042 5451; x_wconf 82' lang='lat' dir='ltr'><strong>ﬁgebat.</strong></span> <span class='ocrx_word' id='word_1_445' title='bbox 1081 5381 1342 5437; x_wconf 87' lang='lat' dir='ltr'><strong>Discrevit</strong></span> <span class='ocrx_word' id='word_1_446' title='bbox 1366 5383 1565 5451; x_wconf 86' lang='lat' dir='ltr'><strong>justum</strong></span> <span class='ocrx_word' id='word_1_447' title='bbox 1593 5399 1621 5438; x_wconf 91' lang='lat' dir='ltr'><strong>a</strong></span> <span class='ocrx_word' id='word_1_448' title='bbox 1647 5400 1839 5454; x_wconf 87' lang='lat' dir='ltr'><strong>pecca-</strong></span> 
     </span>
    </p>
   </div>
   <div class='ocr_carea' id='block_1_57' title="bbox 248 5472 1842 5543">
    <p class='ocr_par' dir='ltr' id='par_1_57' title="bbox 248 5472 1842 5543">
     <span class='ocr_line' id='line_1_57' title="bbox 248 5472 1842 5543; baseline 0.003 -17"><span class='ocrx_word' id='word_1_449' title='bbox 248 5474 466 5528; x_wconf 88' lang='lat' dir='ltr'><strong>toribus</strong></span> <span class='ocrx_word' id='word_1_450' title='bbox 488 5490 513 5525; x_wconf 54' lang='grc' dir='ltr'><strong>»ε</strong></span> <span class='ocrx_word' id='word_1_451' title='bbox 547 5484 655 5542; x_wconf 89' lang='lat' dir='ltr'><strong>pro</strong></span> <span class='ocrx_word' id='word_1_452' title='bbox 692 5472 836 5542; x_wconf 81' lang='lat' dir='ltr'><strong>justo</strong></span> <span class='ocrx_word' id='word_1_453' title='bbox 884 5481 1033 5526; x_wconf 87' lang='lat' dir='ltr'><strong>stans</strong></span> <span class='ocrx_word' id='word_1_454' title='bbox 1082 5473 1317 5542; x_wconf 87' lang='lat' dir='ltr'><strong>petebat,</strong></span> <span class='ocrx_word' id='word_1_455' title='bbox 1367 5474 1487 5543; x_wconf 86' lang='lat' dir='ltr'><strong>quia</strong></span> <span class='ocrx_word' id='word_1_456' title='bbox 1543 5477 1842 5531; x_wconf 89' lang='lat' dir='ltr'><strong>mercedem</strong></span> 
     </span>
    </p>
   </div>
   <div class='ocr_carea' id='block_1_58' title="bbox 248 5563 1845 5635">
    <p class='ocr_par' dir='ltr' id='par_1_58' title="bbox 248 5563 1845 5635">
     <span class='ocr_line' id='line_1_58' title="bbox 248 5563 1845 5635; baseline 0.003 -16"><span class='ocrx_word' id='word_1_457' title='bbox 248 5564 551 5635; x_wconf 79' lang='lat' dir='ltr'><strong>exigebat;</strong></span> <span class='ocrx_word' id='word_1_458' title='bbox 584 5578 679 5631; x_wconf 88' lang='lat' dir='ltr'><strong>pro</strong></span> <span class='ocrx_word' id='word_1_459' title='bbox 708 5563 1072 5633; x_wconf 84' lang='lat' dir='ltr'><strong>peccatoribus</strong></span> <span class='ocrx_word' id='word_1_460' title='bbox 1094 5578 1264 5633; x_wconf 81' lang='lat' dir='ltr'><strong>genua</strong></span> <span class='ocrx_word' id='word_1_461' title='bbox 1315 5565 1445 5629; x_wconf 74' lang='lat' dir='ltr'><strong>ﬁxit,</strong></span> <span class='ocrx_word' id='word_1_462' title='bbox 1473 5571 1591 5635; x_wconf 87' lang='lat' dir='ltr'><strong>quia</strong></span> <span class='ocrx_word' id='word_1_463' title='bbox 1639 5569 1845 5623; x_wconf 87' lang='lat' dir='ltr'><strong>sciebat</strong></span> 
     </span>
    </p>
   </div>
   <div class='ocr_carea' id='block_1_59' title="bbox 251 5651 1843 5726">
    <p class='ocr_par' dir='ltr' id='par_1_59' title="bbox 251 5651 1843 5726">
     <span class='ocr_line' id='line_1_59' title="bbox 251 5651 1843 5726; baseline 0.005 -20"><span class='ocrx_word' id='word_1_464' title='bbox 251 5670 418 5723; x_wconf 87' lang='lat' dir='ltr'><strong>quam</strong></span> <span class='ocrx_word' id='word_1_465' title='bbox 475 5651 696 5708; x_wconf 83' lang='lat' dir='ltr'><strong>difficile</strong></span> <span class='ocrx_word' id='word_1_466' title='bbox 744 5668 839 5724; x_wconf 93' lang='lat' dir='ltr'><strong>pro</strong></span> <span class='ocrx_word' id='word_1_467' title='bbox 881 5663 986 5707; x_wconf 87' lang='lat' dir='ltr'><strong>tam</strong></span> <span class='ocrx_word' id='word_1_468' title='bbox 1034 5655 1308 5709; x_wconf 88' lang='lat' dir='ltr'><strong>sceleratis</strong></span> <span class='ocrx_word' id='word_1_469' title='bbox 1353 5666 1533 5726; x_wconf 89' lang='lat' dir='ltr'><strong>posset</strong></span> <span class='ocrx_word' id='word_1_470' title='bbox 1583 5659 1843 5714; x_wconf 83' lang='lat' dir='ltr'><strong>exaudiri.</strong></span> 
     </span>
    </p>
   </div>
   <div class='ocr_carea' id='block_1_60' title="bbox 254 5742 1843 5825">
    <p class='ocr_par' dir='ltr' id='par_1_60' title="bbox 254 5742 1843 5825">
     <span class='ocr_line' id='line_1_60' title="bbox 254 5742 1843 5825; baseline 0.009 -27"><span class='ocrx_word' id='word_1_471' title='bbox 254 5744 524 5811; x_wconf 85' lang='lat' dir='ltr'><strong>Quamvis</strong></span> <span class='ocrx_word' id='word_1_472' title='bbox 544 5742 737 5815; x_wconf 87' lang='lat' dir='ltr'><strong>justus,</strong></span> <span class='ocrx_word' id='word_1_473' title='bbox 760 5746 1001 5817; x_wconf 86' lang='lat' dir='ltr'><strong>quamvis</strong></span> <span class='ocrx_word' id='word_1_474' title='bbox 1025 5747 1123 5803; x_wconf 88' lang='lat' dir='ltr'><strong>sub</strong></span> <span class='ocrx_word' id='word_1_475' title='bbox 1152 5748 1262 5819; x_wconf 88' lang='lat' dir='ltr'><strong>ipsa</strong></span> <span class='ocrx_word' id='word_1_476' title='bbox 1285 5765 1479 5807; x_wconf 80' lang='lat' dir='ltr'><strong>corona</strong></span> <span class='ocrx_word' id='word_1_477' title='bbox 1504 5754 1843 5825; x_wconf 82' lang='lat' dir='ltr'><strong>constitutus,</strong></span> 
     </span>
    </p>
   </div>
   <div class='ocr_carea' id='block_1_61' title="bbox 1611 348 2117 407">
    <p class='ocr_par' dir='ltr' id='par_1_61' title="bbox 1611 348 2117 407">
     <span class='ocr_line' id='line_1_61' title="bbox 1611 348 2117 407; baseline -0.006 0"><span class='ocrx_word' id='word_1_478' title='bbox 1611 350 1836 407; x_wconf 75' lang='lat' dir='ltr'><strong>SEllMO</strong></span> <span class='ocrx_word' id='word_1_479' title='bbox 1873 348 2045 405; x_wconf 72' lang='lat' dir='ltr'><strong>CCCX</strong></span> <span class='ocrx_word' id='word_1_480' title='bbox 2058 352 2117 405; x_wconf 86' lang='lat' dir='ltr'><strong>V.</strong></span> 
     </span>
    </p>
   </div>
   <div class='ocr_carea' id='block_1_62' title="bbox 3371 363 3505 423">
    <p class='ocr_par' dir='ltr' id='par_1_62' title="bbox 3371 363 3505 423">
     <span class='ocr_line' id='line_1_62' title="bbox 3371 363 3505 423; baseline 0.03 -4"><span class='ocrx_word' id='word_1_481' title='bbox 3371 363 3505 423; x_wconf 72' lang='grc'><strong>1650</strong></span> 
     </span>
    </p>
   </div>
   <div class='ocr_carea' id='block_1_63' title="bbox 1939 467 3506 546">
    <p class='ocr_par' dir='ltr' id='par_1_63' title="bbox 1939 467 3506 546">
     <span class='ocr_line' id='line_1_63' title="bbox 1939 467 3506 546; baseline 0.012 -33"><span class='ocrx_word' id='word_1_482' title='bbox 1939 478 2041 515; x_wconf 87' lang='lat' dir='ltr'><strong>non</strong></span> <span class='ocrx_word' id='word_1_483' title='bbox 2069 480 2291 532; x_wconf 64' lang='grc' dir='ltr'>ριοςιιςιιιιι</span> <span class='ocrx_word' id='word_1_484' title='bbox 2306 467 2429 535; x_wconf 88' lang='lat' dir='ltr'><strong>psit,</strong></span> <span class='ocrx_word' id='word_1_485' title='bbox 2456 467 2549 522; x_wconf 90' lang='lat' dir='ltr'><strong>sed</strong></span> <span class='ocrx_word' id='word_1_486' title='bbox 2576 483 2715 539; x_wconf 75' lang='lat' dir='ltr'><strong>genu</strong></span> <span class='ocrx_word' id='word_1_487' title='bbox 2742 471 2855 525; x_wconf 63' lang='lat' dir='ltr'><strong>ﬁxit</strong></span> <span class='ocrx_word' id='word_1_488' title='bbox 2881 488 2894 525; x_wconf 88' lang='lat'><strong>:</strong></span> <span class='ocrx_word' id='word_1_489' title='bbox 2926 488 3030 527; x_wconf 89' lang='lat' dir='ltr'><strong>non</strong></span> <span class='ocrx_word' id='word_1_490' title='bbox 3065 473 3343 532; x_wconf 86' lang='lat' dir='ltr'><strong>attendens</strong></span> <span class='ocrx_word' id='word_1_491' title='bbox 3383 479 3506 546; x_wconf 87' lang='lat' dir='ltr'><strong>quid</strong></span> 
     </span>
    </p>
   </div>
   <div class='ocr_carea' id='block_1_64' title="bbox 1933 553 3506 639">
    <p class='ocr_par' dir='ltr' id='par_1_64' title="bbox 1933 553 3506 639">
     <span class='ocr_line' id='line_1_64' title="bbox 1933 553 3506 639; baseline 0.014 -36"><span class='ocrx_word' id='word_1_492' title='bbox 1933 553 2044 620; x_wconf 89' lang='lat' dir='ltr'><strong>ipse</strong></span> <span class='ocrx_word' id='word_1_493' title='bbox 2071 554 2261 624; x_wconf 80' lang='lat' dir='ltr'><strong>dignus</strong></span> <span class='ocrx_word' id='word_1_494' title='bbox 2312 566 2455 612; x_wconf 85' lang='lat' dir='ltr'><strong>esset</strong></span> <span class='ocrx_word' id='word_1_495' title='bbox 2501 559 2732 629; x_wconf 89' lang='lat' dir='ltr'><strong>petendo</strong></span> <span class='ocrx_word' id='word_1_496' title='bbox 2782 562 3043 632; x_wconf 83' lang='lat' dir='ltr'><strong>accipere,</strong></span> <span class='ocrx_word' id='word_1_497' title='bbox 3095 564 3188 621; x_wconf 88' lang='lat' dir='ltr'><strong>sed</strong></span> <span class='ocrx_word' id='word_1_498' title='bbox 3237 567 3361 636; x_wconf 89' lang='lat' dir='ltr'><strong>quid</strong></span> <span class='ocrx_word' id='word_1_499' title='bbox 3407 569 3506 639; x_wconf 91' lang='lat' dir='ltr'><strong>ipsi</strong></span> 
     </span>
    </p>
   </div>
   <div class='ocr_carea' id='block_1_65' title="bbox 1930 642 3507 729">
    <p class='ocr_par' dir='ltr' id='par_1_65' title="bbox 1930 642 3507 729">
     <span class='ocr_line' id='line_1_65' title="bbox 1930 642 3507 729; baseline 0.013 -34"><span class='ocrx_word' id='word_1_500' title='bbox 1930 642 2072 712; x_wconf 81' lang='lat' dir='ltr'><strong>digni</strong></span> <span class='ocrx_word' id='word_1_501' title='bbox 2100 656 2296 712; x_wconf 88' lang='lat' dir='ltr'><strong>essent,</strong></span> <span class='ocrx_word' id='word_1_502' title='bbox 2328 664 2356 702; x_wconf 88' lang='lat' dir='ltr'><strong>a</strong></span> <span class='ocrx_word' id='word_1_503' title='bbox 2386 650 2575 719; x_wconf 88' lang='lat' dir='ltr'><strong>quibus</strong></span> <span class='ocrx_word' id='word_1_504' title='bbox 2597 644 2805 707; x_wconf 68' lang='lat' dir='ltr'><strong>volebat</strong></span> <span class='ocrx_word' id='word_1_505' title='bbox 2832 653 3091 710; x_wconf 88' lang='lat' dir='ltr'><strong>horrenda</strong></span> <span class='ocrx_word' id='word_1_506' title='bbox 3123 656 3380 729; x_wconf 87' lang='lat' dir='ltr'><strong>supplicia</strong></span> <span class='ocrx_word' id='word_1_507' title='bbox 3419 679 3507 716; x_wconf 91' lang='lat' dir='ltr'><strong>re-</strong></span> 
     </span>
    </p>
   </div>
   <div class='ocr_carea' id='block_1_66' title="bbox 1930 737 3502 819">
    <p class='ocr_par' dir='ltr' id='par_1_66' title="bbox 1930 737 3502 819">
     <span class='ocr_line' id='line_1_66' title="bbox 1930 737 3502 819; baseline 0.013 -34"><span class='ocrx_word' id='word_1_508' title='bbox 1930 749 2166 790; x_wconf 86' lang='lat' dir='ltr'><strong>movere.</strong></span> <span class='ocrx_word' id='word_1_509' title='bbox 2196 737 2427 808; x_wconf 85' lang='lat' dir='ltr'><strong>Domine,</strong></span> <span class='ocrx_word' id='word_1_510' title='bbox 2458 742 2645 813; x_wconf 90' lang='lat' dir='ltr'><strong>inquit,</strong></span> <span class='ocrx_word' id='word_1_511' title='bbox 2667 760 2729 797; x_wconf 87' lang='lat' dir='ltr'><strong>ne</strong></span> <span class='ocrx_word' id='word_1_512' title='bbox 2749 754 2939 800; x_wconf 85' lang='lat' dir='ltr'><strong>statuas</strong></span> <span class='ocrx_word' id='word_1_513' title='bbox 2978 748 3081 801; x_wconf 80' lang='lat' dir='ltr'><strong>illis</strong></span> <span class='ocrx_word' id='word_1_514' title='bbox 3110 749 3204 802; x_wconf 88' lang='lat' dir='ltr'><strong>hoc</strong></span> <span class='ocrx_word' id='word_1_515' title='bbox 3226 752 3502 819; x_wconf 78' lang='lat' dir='ltr'><strong>peccatum.</strong></span> 
     </span>
    </p>
   </div>
   <div class='ocr_carea' id='block_1_67' title="bbox 2001 826 3501 912">
    <p class='ocr_par' dir='ltr' id='par_1_67' title="bbox 2001 826 3501 912">
     <span class='ocr_line' id='line_1_67' title="bbox 2001 826 3501 912; baseline 0.012 -33"><span class='ocrx_word' id='word_1_516' title='bbox 2001 827 2055 879; x_wconf 92' lang='lat'><strong>8.</strong></span> <span class='ocrx_word' id='word_1_517' title='bbox 2097 826 2323 883; x_wconf 80' lang='lat' dir='ltr'><strong>Christus</strong></span> <span class='ocrx_word' id='word_1_518' title='bbox 2367 833 2418 884; x_wconf 89' lang='lat' dir='ltr'><strong>in</strong></span> <span class='ocrx_word' id='word_1_519' title='bbox 2465 835 2627 887; x_wconf 79' lang='lat' dir='ltr'><strong>crucis</strong></span> <span class='ocrx_word' id='word_1_520' title='bbox 2653 834 2891 889; x_wconf 75' lang='lat' dir='ltr'><strong>cathedra</strong></span> <span class='ocrx_word' id='word_1_521' title='bbox 2933 835 3116 892; x_wconf 85' lang='lat' dir='ltr'><strong>docens</strong></span> <span class='ocrx_word' id='word_1_522' title='bbox 3140 841 3365 912; x_wconf 81' lang='lat' dir='ltr'><strong>regulam</strong></span> <span class='ocrx_word' id='word_1_523' title='bbox 3392 844 3501 911; x_wconf 39' lang='lat' dir='ltr'><strong>pie‘</strong></span> 
     </span>
    </p>
   </div>
   <div class='ocr_carea' id='block_1_68' title="bbox 1930 918 3499 1002">
    <p class='ocr_par' dir='ltr' id='par_1_68' title="bbox 1930 918 3499 1002">
     <span class='ocr_line' id='line_1_68' title="bbox 1930 918 3499 1002; baseline 0.013 -33"><span class='ocrx_word' id='word_1_524' title='bbox 1930 918 2065 971; x_wconf 85' lang='lat' dir='ltr'><strong>tatis.</strong></span> <span class='ocrx_word' id='word_1_525' title='bbox 2108 918 2419 989; x_wconf 69' lang='lat' dir='ltr'><strong>Discipulum</strong></span> <span class='ocrx_word' id='word_1_526' title='bbox 2455 924 2754 979; x_wconf 83' lang='lat' dir='ltr'><strong>imitatorem</strong></span> <span class='ocrx_word' id='word_1_527' title='bbox 2795 926 2940 980; x_wconf 86' lang='lat' dir='ltr'><strong>habet</strong></span> <span class='ocrx_word' id='word_1_528' title='bbox 2976 927 3307 1001; x_wconf 81' lang='lat' dir='ltr'><strong>Stephanum.</strong></span> <span class='ocrx_word' id='word_1_529' title='bbox 3349 933 3499 1002; x_wconf 87' lang='lat' dir='ltr'><strong>Quod</strong></span> 
     </span>
    </p>
   </div>
   <div class='ocr_carea' id='block_1_69' title="bbox 1930 1006 3499 1090">
    <p class='ocr_par' dir='ltr' id='par_1_69' title="bbox 1930 1006 3499 1090">
     <span class='ocr_line' id='line_1_69' title="bbox 1930 1006 3499 1090; baseline 0.013 -29"><span class='ocrx_word' id='word_1_530' title='bbox 1930 1006 2227 1077; x_wconf 79' lang='lat' dir='ltr'><strong>Stephanus</strong></span> <span class='ocrx_word' id='word_1_531' title='bbox 2264 1010 2506 1080; x_wconf 83' lang='lat' dir='ltr'><strong>humilis,</strong></span> <span class='ocrx_word' id='word_1_532' title='bbox 2534 1015 2779 1071; x_wconf 85' lang='lat' dir='ltr'><strong>Christus</strong></span> <span class='ocrx_word' id='word_1_533' title='bbox 2801 1017 3039 1072; x_wconf 92' lang='lat' dir='ltr'><strong>sublimis</strong></span> <span class='ocrx_word' id='word_1_534' title='bbox 3067 1037 3082 1075; x_wconf 88' lang='lat'><strong>:</strong></span> <span class='ocrx_word' id='word_1_535' title='bbox 3109 1021 3253 1090; x_wconf 87' lang='lat' dir='ltr'><strong>quod</strong></span> <span class='ocrx_word' id='word_1_536' title='bbox 3294 1023 3385 1080; x_wconf 90' lang='lat' dir='ltr'><strong>ille</strong></span> <span class='ocrx_word' id='word_1_537' title='bbox 3431 1027 3499 1082; x_wconf 91' lang='lat' dir='ltr'><strong>ad</strong></span> 
     </span>
    </p>
   </div>
   <div class='ocr_carea' id='block_1_70' title="bbox 1931 1100 3499 1183">
    <p class='ocr_par' dir='ltr' id='par_1_70' title="bbox 1931 1100 3499 1183">
     <span class='ocr_line' id='line_1_70' title="bbox 1931 1100 3499 1183; baseline 0.013 -32"><span class='ocrx_word' id='word_1_538' title='bbox 1931 1107 2123 1153; x_wconf 89' lang='lat' dir='ltr'><strong>terram</strong></span> <span class='ocrx_word' id='word_1_539' title='bbox 2154 1100 2459 1169; x_wconf 80' lang='lat' dir='ltr'><strong>inclinatus,</strong></span> <span class='ocrx_word' id='word_1_540' title='bbox 2508 1105 2609 1159; x_wconf 88' lang='lat' dir='ltr'><strong>hoc</strong></span> <span class='ocrx_word' id='word_1_541' title='bbox 2638 1108 2877 1162; x_wconf 79' lang='lat' dir='ltr'><strong>Christus</strong></span> <span class='ocrx_word' id='word_1_542' title='bbox 2921 1111 2972 1164; x_wconf 91' lang='lat' dir='ltr'><strong>in</strong></span> <span class='ocrx_word' id='word_1_543' title='bbox 3022 1112 3163 1183; x_wconf 83' lang='lat' dir='ltr'><strong>ligno</strong></span> <span class='ocrx_word' id='word_1_544' title='bbox 3189 1130 3499 1183; x_wconf 84' lang='lat' dir='ltr'><strong>suspensus.</strong></span> 
     </span>
    </p>
   </div>
   <div class='ocr_carea' id='block_1_71' title="bbox 1928 1187 3504 1276">
    <p class='ocr_par' dir='ltr' id='par_1_71' title="bbox 1928 1187 3504 1276">
     <span class='ocr_line' id='line_1_71' title="bbox 1928 1187 3504 1276; baseline 0.013 -35"><span class='ocrx_word' id='word_1_545' title='bbox 1928 1187 2058 1243; x_wconf 86' lang='lat' dir='ltr'><strong>Nam</strong></span> <span class='ocrx_word' id='word_1_546' title='bbox 2085 1190 2302 1247; x_wconf 90' lang='lat' dir='ltr'><strong>recolite</strong></span> <span class='ocrx_word' id='word_1_547' title='bbox 2321 1195 2439 1262; x_wconf 88' lang='lat' dir='ltr'><strong>quia</strong></span> <span class='ocrx_word' id='word_1_548' title='bbox 2468 1204 2517 1248; x_wconf 91' lang='lat' dir='ltr'><strong>et</strong></span> <span class='ocrx_word' id='word_1_549' title='bbox 2544 1196 2653 1264; x_wconf 90' lang='lat' dir='ltr'><strong>ipse</strong></span> <span class='ocrx_word' id='word_1_550' title='bbox 2675 1198 2749 1253; x_wconf 91' lang='lat' dir='ltr'><strong>ait</strong></span> <span class='ocrx_word' id='word_1_551' title='bbox 2772 1216 2784 1252; x_wconf 94' lang='lat'>:</span> <span class='ocrx_word' id='word_1_552' title='bbox 2810 1198 2984 1267; x_wconf 80' lang='lat' dir='ltr'><strong>Pater,</strong></span> <span class='ocrx_word' id='word_1_553' title='bbox 3010 1204 3208 1274; x_wconf 84' lang='lat' dir='ltr'><strong>ignosce</strong></span> <span class='ocrx_word' id='word_1_554' title='bbox 3235 1206 3356 1274; x_wconf 85' lang='lat' dir='ltr'><strong>illis,</strong></span> <span class='ocrx_word' id='word_1_555' title='bbox 3382 1206 3504 1276; x_wconf 72' lang='lat' dir='ltr'><strong>quia</strong></span> 
     </span>
    </p>
   </div>
   <div class='ocr_carea' id='block_1_72' title="bbox 1928 1280 3502 1361">
    <p class='ocr_par' dir='ltr' id='par_1_72' title="bbox 1928 1280 3502 1361">
     <span class='ocr_line' id='line_1_72' title="bbox 1928 1280 3502 1361; baseline 0.014 -30"><span class='ocrx_word' id='word_1_556' title='bbox 1928 1280 2155 1333; x_wconf 82' lang='lat' dir='ltr'><strong>nesciunt</strong></span> <span class='ocrx_word' id='word_1_557' title='bbox 2171 1282 2294 1348; x_wconf 86' lang='lat' dir='ltr'><strong>quid</strong></span> <span class='ocrx_word' id='word_1_558' title='bbox 2319 1283 2513 1353; x_wconf 81' lang='lat' dir='ltr'><strong>faciunt</strong></span> <span class='ocrx_word' id='word_1_559' title='bbox 2546 1283 2692 1353; x_wconf 89' lang='lat' dir='ltr'><strong>(an.</strong></span> <span class='ocrx_word' id='word_1_560' title='bbox 2732 1304 2879 1356; x_wconf 64' lang='grc' dir='ltr'>χχιιι,</span> <span class='ocrx_word' id='word_1_561' title='bbox 2903 1290 3015 1361; x_wconf 67' lang='grc'><strong>54).</strong></span> <span class='ocrx_word' id='word_1_562' title='bbox 3050 1291 3283 1349; x_wconf 89' lang='lat' dir='ltr'><strong>Sedebat</strong></span> <span class='ocrx_word' id='word_1_563' title='bbox 3328 1295 3379 1350; x_wconf 93' lang='lat' dir='ltr'><strong>in</strong></span> <span class='ocrx_word' id='word_1_564' title='bbox 3407 1311 3502 1352; x_wconf 85' lang='lat' dir='ltr'><strong>ca-</strong></span> 
     </span>
    </p>
   </div>
   <div class='ocr_carea' id='block_1_73' title="bbox 1928 1369 3491 1458">
    <p class='ocr_par' dir='ltr' id='par_1_73' title="bbox 1928 1369 3491 1458">
     <span class='ocr_line' id='line_1_73' title="bbox 1928 1369 3491 1458; baseline 0.013 -35"><span class='ocrx_word' id='word_1_565' title='bbox 1928 1369 2111 1424; x_wconf 88' lang='lat' dir='ltr'><strong>thedra</strong></span> <span class='ocrx_word' id='word_1_566' title='bbox 2132 1372 2324 1439; x_wconf 88' lang='lat' dir='ltr'><strong>crucis,</strong></span> <span class='ocrx_word' id='word_1_567' title='bbox 2356 1381 2411 1427; x_wconf 91' lang='lat' dir='ltr'><strong>et</strong></span> <span class='ocrx_word' id='word_1_568' title='bbox 2451 1374 2676 1430; x_wconf 84' lang='lat' dir='ltr'><strong>docebat</strong></span> <span class='ocrx_word' id='word_1_569' title='bbox 2704 1376 3024 1448; x_wconf 88' lang='lat' dir='ltr'><strong>Stephanum</strong></span> <span class='ocrx_word' id='word_1_570' title='bbox 3057 1386 3289 1454; x_wconf 79' lang='lat' dir='ltr'><strong>regulam</strong></span> <span class='ocrx_word' id='word_1_571' title='bbox 3318 1389 3491 1458; x_wconf 89' lang='lat' dir='ltr'><strong>pieta-</strong></span> 
     </span>
    </p>
   </div>
   <div class='ocr_carea' id='block_1_74' title="bbox 1928 1460 3497 1539">
    <p class='ocr_par' dir='ltr' id='par_1_74' title="bbox 1928 1460 3497 1539">
     <span class='ocr_line' id='line_1_74' title="bbox 1928 1460 3497 1539; baseline 0.016 -26"><span class='ocrx_word' id='word_1_572' title='bbox 1928 1460 2337 1532; x_wconf 81' lang='lat' dir='ltr'><strong>tis.0Magister</strong></span> <span class='ocrx_word' id='word_1_573' title='bbox 2352 1464 2508 1529; x_wconf 89' lang='lat' dir='ltr'><strong>bone,</strong></span> <span class='ocrx_word' id='word_1_574' title='bbox 2536 1467 2669 1521; x_wconf 87' lang='lat' dir='ltr'><strong>bene</strong></span> <span class='ocrx_word' id='word_1_575' title='bbox 2694 1474 3062 1539; x_wconf 85' lang='lat' dir='ltr'><strong>pronuntiasti,</strong></span> <span class='ocrx_word' id='word_1_576' title='bbox 3092 1477 3225 1532; x_wconf 87' lang='lat' dir='ltr'><strong>bene</strong></span> <span class='ocrx_word' id='word_1_577' title='bbox 3252 1479 3497 1538; x_wconf 88' lang='lat' dir='ltr'><strong>docuisti.</strong></span> 
     </span>
    </p>
   </div>
   <div class='ocr_carea' id='block_1_75' title="bbox 1927 1550 3501 1643">
    <p class='ocr_par' dir='ltr' id='par_1_75' title="bbox 1927 1550 3501 1643">
     <span class='ocr_line' id='line_1_75' title="bbox 1927 1550 3501 1643; baseline 0.016 -39"><span class='ocrx_word' id='word_1_578' title='bbox 1927 1550 2064 1605; x_wconf 87' lang='lat' dir='ltr'><strong>Ecce</strong></span> <span class='ocrx_word' id='word_1_579' title='bbox 2092 1552 2380 1622; x_wconf 89' lang='lat' dir='ltr'><strong>discipulus</strong></span> <span class='ocrx_word' id='word_1_580' title='bbox 2408 1564 2531 1611; x_wconf 90' lang='lat' dir='ltr'><strong>tuus</strong></span> <span class='ocrx_word' id='word_1_581' title='bbox 2556 1567 2672 1612; x_wconf 90' lang='lat' dir='ltr'><strong>orat</strong></span> <span class='ocrx_word' id='word_1_582' title='bbox 2702 1576 2797 1627; x_wconf 91' lang='lat' dir='ltr'><strong>pro</strong></span> <span class='ocrx_word' id='word_1_583' title='bbox 2848 1562 3076 1621; x_wconf 88' lang='lat' dir='ltr'><strong>inimicis</strong></span> <span class='ocrx_word' id='word_1_584' title='bbox 3101 1570 3232 1635; x_wconf 85' lang='lat' dir='ltr'><strong>suis,</strong></span> <span class='ocrx_word' id='word_1_585' title='bbox 3261 1579 3376 1625; x_wconf 90' lang='lat' dir='ltr'><strong>orat</strong></span> <span class='ocrx_word' id='word_1_586' title='bbox 3404 1556 3501 1643; x_wconf 86' lang='lat' dir='ltr'><strong>pro</strong></span> 
     </span>
    </p>
   </div>
   <div class='ocr_carea' id='block_1_76' title="bbox 1925 1640 3503 1725">
    <p class='ocr_par' dir='ltr' id='par_1_76' title="bbox 1925 1640 3503 1725">
     <span class='ocr_line' id='line_1_76' title="bbox 1925 1640 3503 1725; baseline 0.016 -33"><span class='ocrx_word' id='word_1_587' title='bbox 1925 1640 2303 1709; x_wconf 85' lang='lat' dir='ltr'><strong>lapidatoribus</strong></span> <span class='ocrx_word' id='word_1_588' title='bbox 2328 1647 2456 1699; x_wconf 90' lang='lat' dir='ltr'><strong>suis.</strong></span> <span class='ocrx_word' id='word_1_589' title='bbox 2480 1648 2720 1704; x_wconf 85' lang='lat' dir='ltr'><strong>Ostendit</strong></span> <span class='ocrx_word' id='word_1_590' title='bbox 2744 1654 3009 1722; x_wconf 91' lang='lat' dir='ltr'><strong>quomodo</strong></span> <span class='ocrx_word' id='word_1_591' title='bbox 3030 1664 3081 1711; x_wconf 91' lang='lat' dir='ltr'><strong>te</strong></span> <span class='ocrx_word' id='word_1_592' title='bbox 3107 1658 3349 1717; x_wconf 88' lang='lat' dir='ltr'><strong>debuerit</strong></span> <span class='ocrx_word' id='word_1_593' title='bbox 3376 1640 3503 1725; x_wconf 14' lang='lat' dir='ltr'><strong>imi-7</strong></span> 
     </span>
    </p>
   </div>
   <div class='ocr_carea' id='block_1_77' title="bbox 1928 1732 3496 1815">
    <p class='ocr_par' dir='ltr' id='par_1_77' title="bbox 1928 1732 3496 1815">
     <span class='ocr_line' id='line_1_77' title="bbox 1928 1732 3496 1815; baseline 0.017 -31"><span class='ocrx_word' id='word_1_594' title='bbox 1928 1732 2025 1785; x_wconf 87' lang='lat' dir='ltr'><strong>tari</strong></span> <span class='ocrx_word' id='word_1_595' title='bbox 2049 1733 2329 1789; x_wconf 85' lang='lat' dir='ltr'><strong>sublimem</strong></span> <span class='ocrx_word' id='word_1_596' title='bbox 2362 1736 2595 1804; x_wconf 85' lang='lat' dir='ltr'><strong>humilis,</strong></span> <span class='ocrx_word' id='word_1_597' title='bbox 2624 1750 2916 1797; x_wconf 90' lang='lat' dir='ltr'><strong>creatorem</strong></span> <span class='ocrx_word' id='word_1_598' title='bbox 2944 1746 3207 1815; x_wconf 86' lang='lat' dir='ltr'><strong>creatura,</strong></span> <span class='ocrx_word' id='word_1_599' title='bbox 3237 1752 3496 1809; x_wconf 86' lang='lat' dir='ltr'><strong>mediato-</strong></span> 
     </span>
    </p>
   </div>
   <div class='ocr_carea' id='block_1_78' title="bbox 1926 1826 3499 1909">
    <p class='ocr_par' dir='ltr' id='par_1_78' title="bbox 1926 1826 3499 1909">
     <span class='ocr_line' id='line_1_78' title="bbox 1926 1826 3499 1909; baseline 0.014 -32"><span class='ocrx_word' id='word_1_600' title='bbox 1926 1838 2040 1878; x_wconf 89' lang='lat' dir='ltr'><strong>rem</strong></span> <span class='ocrx_word' id='word_1_601' title='bbox 2070 1826 2303 1891; x_wconf 87' lang='lat' dir='ltr'><strong>victima,</strong></span> <span class='ocrx_word' id='word_1_602' title='bbox 2332 1828 2495 1883; x_wconf 90' lang='lat' dir='ltr'><strong>Deum</strong></span> <span class='ocrx_word' id='word_1_603' title='bbox 2534 1840 2590 1885; x_wconf 89' lang='lat' dir='ltr'><strong>et</strong></span> <span class='ocrx_word' id='word_1_604' title='bbox 2619 1832 2885 1890; x_wconf 88' lang='lat' dir='ltr'><strong>hominem</strong></span> <span class='ocrx_word' id='word_1_605' title='bbox 2915 1834 3075 1891; x_wconf 88' lang='lat' dir='ltr'><strong>homo</strong></span> <span class='ocrx_word' id='word_1_606' title='bbox 3114 1857 3126 1892; x_wconf 90' lang='lat'><strong>:</strong></span> <span class='ocrx_word' id='word_1_607' title='bbox 3160 1839 3349 1909; x_wconf 91' lang='lat' dir='ltr'><strong>Deum,</strong></span> <span class='ocrx_word' id='word_1_608' title='bbox 3404 1845 3499 1899; x_wconf 90' lang='lat' dir='ltr'><strong>scd</strong></span> 
     </span>
    </p>
   </div>
   <div class='ocr_carea' id='block_1_79' title="bbox 1927 1918 3502 1995">
    <p class='ocr_par' dir='ltr' id='par_1_79' title="bbox 1927 1918 3502 1995">
     <span class='ocr_line' id='line_1_79' title="bbox 1927 1918 3502 1995; baseline 0.011 -24"><span class='ocrx_word' id='word_1_609' title='bbox 1927 1923 2101 1971; x_wconf 85' lang='lat' dir='ltr'><strong>tamen</strong></span> <span class='ocrx_word' id='word_1_610' title='bbox 2151 1918 2201 1970; x_wconf 92' lang='lat' dir='ltr'><strong>in</strong></span> <span class='ocrx_word' id='word_1_611' title='bbox 2232 1933 2389 1975; x_wconf 86' lang='lat' dir='ltr'><strong>cruce</strong></span> <span class='ocrx_word' id='word_1_612' title='bbox 2435 1920 2733 1989; x_wconf 89' lang='lat' dir='ltr'><strong>hominem;</strong></span> <span class='ocrx_word' id='word_1_613' title='bbox 2774 1926 2938 1981; x_wconf 91' lang='lat' dir='ltr'><strong>Deum</strong></span> <span class='ocrx_word' id='word_1_614' title='bbox 2983 1926 3269 1995; x_wconf 89' lang='lat' dir='ltr'><strong>Christum,</strong></span> <span class='ocrx_word' id='word_1_615' title='bbox 3321 1933 3413 1987; x_wconf 90' lang='lat' dir='ltr'><strong>sed</strong></span> <span class='ocrx_word' id='word_1_616' title='bbox 3446 1935 3502 1988; x_wconf 77' lang='lat' dir='ltr'><strong>in‘</strong></span> 
     </span>
    </p>
   </div>
   <div class='ocr_carea' id='block_1_80' title="bbox 1924 2008 3501 2091">
    <p class='ocr_par' dir='ltr' id='par_1_80' title="bbox 1924 2008 3501 2091">
     <span class='ocr_line' id='line_1_80' title="bbox 1924 2008 3501 2091; baseline 0.011 -30"><span class='ocrx_word' id='word_1_617' title='bbox 1924 2020 2083 2064; x_wconf 89' lang='lat' dir='ltr'><strong>cruce</strong></span> <span class='ocrx_word' id='word_1_618' title='bbox 2127 2008 2417 2077; x_wconf 87' lang='lat' dir='ltr'><strong>hominem,</strong></span> <span class='ocrx_word' id='word_1_619' title='bbox 2466 2015 2677 2083; x_wconf 89' lang='lat' dir='ltr'><strong>quando</strong></span> <span class='ocrx_word' id='word_1_620' title='bbox 2702 2008 2909 2071; x_wconf 87' lang='lat' dir='ltr'><strong>dicebat</strong></span> <span class='ocrx_word' id='word_1_621' title='bbox 2954 2020 3097 2075; x_wconf 88' lang='lat' dir='ltr'><strong>clara</strong></span> <span class='ocrx_word' id='word_1_622' title='bbox 3136 2037 3285 2089; x_wconf 90' lang='lat' dir='ltr'><strong>voce,</strong></span> <span class='ocrx_word' id='word_1_623' title='bbox 3319 2020 3501 2091; x_wconf 76' lang='lat' dir='ltr'><strong>Pater,</strong></span> 
     </span>
    </p>
   </div>
   <div class='ocr_carea' id='block_1_81' title="bbox 1924 2098 3036 2179">
    <p class='ocr_par' dir='ltr' id='par_1_81' title="bbox 1924 2098 3036 2179">
     <span class='ocr_line' id='line_1_81' title="bbox 1924 2098 3036 2179; baseline 0.011 -28"><span class='ocrx_word' id='word_1_624' title='bbox 1924 2098 2126 2169; x_wconf 84' lang='lat' dir='ltr'><strong>ignosce</strong></span> <span class='ocrx_word' id='word_1_625' title='bbox 2153 2100 2271 2167; x_wconf 79' lang='lat' dir='ltr'><strong>illis,</strong></span> <span class='ocrx_word' id='word_1_626' title='bbox 2304 2103 2423 2173; x_wconf 83' lang='lat' dir='ltr'><strong>quia</strong></span> <span class='ocrx_word' id='word_1_627' title='bbox 2443 2105 2667 2159; x_wconf 88' lang='lat' dir='ltr'><strong>nesciunt</strong></span> <span class='ocrx_word' id='word_1_628' title='bbox 2689 2105 2810 2176; x_wconf 84' lang='lat' dir='ltr'><strong>quid</strong></span> <span class='ocrx_word' id='word_1_629' title='bbox 2829 2109 3036 2179; x_wconf 78' lang='lat' dir='ltr'><strong>faciunt.</strong></span> 
     </span>
    </p>
   </div>
   <div class='ocr_carea' id='block_1_82' title="bbox 1994 2189 3501 2271">
    <p class='ocr_par' dir='ltr' id='par_1_82' title="bbox 1994 2189 3501 2271">
     <span class='ocr_line' id='line_1_82' title="bbox 1994 2189 3501 2271; baseline 0.009 -26"><span class='ocrx_word' id='word_1_630' title='bbox 1994 2189 2220 2246; x_wconf 82' lang='lat' dir='ltr'><strong>CAPUT</strong></span> <span class='ocrx_word' id='word_1_631' title='bbox 2259 2190 2559 2249; x_wconf 77' lang='lat' dir='ltr'><strong>VL—Dicit</strong></span> <span class='ocrx_word' id='word_1_632' title='bbox 2592 2196 2691 2249; x_wconf 87' lang='lat' dir='ltr'><strong>sibi</strong></span> <span class='ocrx_word' id='word_1_633' title='bbox 2721 2196 2840 2252; x_wconf 89' lang='lat' dir='ltr'><strong>ille:</strong></span> <span class='ocrx_word' id='word_1_634' title='bbox 2866 2198 3252 2271; x_wconf 86' lang='lat' dir='ltr'><strong>llleoravitpro</strong></span> <span class='ocrx_word' id='word_1_635' title='bbox 3273 2203 3501 2260; x_wconf 91' lang='lat' dir='ltr'><strong>inimicis</strong></span> 
     </span>
    </p>
   </div>
   <div class='ocr_carea' id='block_1_83' title="bbox 1924 2281 3499 2365">
    <p class='ocr_par' dir='ltr' id='par_1_83' title="bbox 1924 2281 3499 2365">
     <span class='ocr_line' id='line_1_83' title="bbox 1924 2281 3499 2365; baseline 0.009 -29"><span class='ocrx_word' id='word_1_636' title='bbox 1924 2281 2055 2347; x_wconf 74' lang='lat' dir='ltr'><strong>Suis,</strong></span> <span class='ocrx_word' id='word_1_637' title='bbox 2085 2282 2204 2350; x_wconf 85' lang='lat' dir='ltr'><strong>quia</strong></span> <span class='ocrx_word' id='word_1_638' title='bbox 2230 2282 2493 2350; x_wconf 86' lang='lat' dir='ltr'><strong>Christus,</strong></span> <span class='ocrx_word' id='word_1_639' title='bbox 2525 2286 2647 2355; x_wconf 88' lang='lat' dir='ltr'><strong>quia</strong></span> <span class='ocrx_word' id='word_1_640' title='bbox 2692 2288 2849 2352; x_wconf 90' lang='lat' dir='ltr'><strong>Deus,</strong></span> <span class='ocrx_word' id='word_1_641' title='bbox 2877 2290 2997 2358; x_wconf 89' lang='lat' dir='ltr'><strong>quia</strong></span> <span class='ocrx_word' id='word_1_642' title='bbox 3027 2290 3250 2359; x_wconf 86' lang='lat' dir='ltr'><strong>Unicus;</strong></span> <span class='ocrx_word' id='word_1_643' title='bbox 3283 2288 3382 2364; x_wconf 79' lang='lat' dir='ltr'><strong>ego</strong></span> <span class='ocrx_word' id='word_1_644' title='bbox 3410 2298 3499 2365; x_wconf 88' lang='lat' dir='ltr'><strong>qui</strong></span> 
     </span>
    </p>
   </div>
   <div class='ocr_carea' id='block_1_84' title="bbox 1925 2374 3507 2443">
    <p class='ocr_par' dir='ltr' id='par_1_84' title="bbox 1925 2374 3507 2443">
     <span class='ocr_line' id='line_1_84' title="bbox 1925 2374 3507 2443; baseline 0.01 -17"><span class='ocrx_word' id='word_1_645' title='bbox 1925 2385 2065 2440; x_wconf 83' lang='lat' dir='ltr'><strong>sum,</strong></span> <span class='ocrx_word' id='word_1_646' title='bbox 2094 2375 2183 2443; x_wconf 92' lang='lat' dir='ltr'><strong>qui</strong></span> <span class='ocrx_word' id='word_1_647' title='bbox 2210 2374 2312 2429; x_wconf 89' lang='lat' dir='ltr'><strong>hoc</strong></span> <span class='ocrx_word' id='word_1_648' title='bbox 2336 2375 2572 2432; x_wconf 73' lang='lat' dir='ltr'><strong>faciam?</strong></span> <span class='ocrx_word' id='word_1_649' title='bbox 2608 2379 2664 2434; x_wconf 87' lang='lat' dir='ltr'><strong>Si</strong></span> <span class='ocrx_word' id='word_1_650' title='bbox 2694 2380 2917 2435; x_wconf 90' lang='lat' dir='ltr'><strong>multum</strong></span> <span class='ocrx_word' id='word_1_651' title='bbox 2944 2382 3114 2437; x_wconf 87' lang='lat' dir='ltr'><strong>estad</strong></span> <span class='ocrx_word' id='word_1_652' title='bbox 3163 2394 3214 2440; x_wconf 84' lang='lat' dir='ltr'><strong>te</strong></span> <span class='ocrx_word' id='word_1_653' title='bbox 3248 2384 3507 2441; x_wconf 81' lang='lat' dir='ltr'><strong>Dominus</strong></span> 
     </span>
    </p>
   </div>
   <div class='ocr_carea' id='block_1_85' title="bbox 1927 2465 3501 2538">
    <p class='ocr_par' dir='ltr' id='par_1_85' title="bbox 1927 2465 3501 2538">
     <span class='ocr_line' id='line_1_85' title="bbox 1927 2465 3501 2538; baseline 0.011 -23"><span class='ocrx_word' id='word_1_654' title='bbox 1927 2471 2069 2528; x_wconf 90' lang='lat' dir='ltr'><strong>tuus,</strong></span> <span class='ocrx_word' id='word_1_655' title='bbox 2094 2465 2269 2519; x_wconf 85' lang='lat' dir='ltr'><strong>nescis</strong></span> <span class='ocrx_word' id='word_1_656' title='bbox 2296 2466 2419 2535; x_wconf 86' lang='lat' dir='ltr'><strong>quia</strong></span> <span class='ocrx_word' id='word_1_657' title='bbox 2448 2467 2747 2538; x_wconf 86' lang='lat' dir='ltr'><strong>Stephanus</strong></span> <span class='ocrx_word' id='word_1_658' title='bbox 2772 2481 2853 2526; x_wconf 91' lang='lat' dir='ltr'><strong>est</strong></span> <span class='ocrx_word' id='word_1_659' title='bbox 2873 2486 3165 2529; x_wconf 89' lang='lat' dir='ltr'><strong>conservus</strong></span> <span class='ocrx_word' id='word_1_660' title='bbox 3205 2476 3363 2531; x_wconf 79' lang='lat' dir='ltr'><strong>tuus?</strong></span> <span class='ocrx_word' id='word_1_661' title='bbox 3398 2476 3501 2531; x_wconf 85' lang='lat' dir='ltr'><strong>Do-</strong></span> 
     </span>
    </p>
   </div>
   <div class='ocr_carea' id='block_1_86' title="bbox 1924 2554 3499 2645">
    <p class='ocr_par' dir='ltr' id='par_1_86' title="bbox 1924 2554 3499 2645">
     <span class='ocr_line' id='line_1_86' title="bbox 1924 2554 3499 2645; baseline 0.011 -35"><span class='ocrx_word' id='word_1_662' title='bbox 1924 2554 2036 2610; x_wconf 89' lang='lat' dir='ltr'><strong>cuit</strong></span> <span class='ocrx_word' id='word_1_663' title='bbox 2065 2555 2204 2615; x_wconf 89' lang='lat' dir='ltr'><strong>Deus</strong></span> <span class='ocrx_word' id='word_1_664' title='bbox 2242 2571 2336 2630; x_wconf 82' lang='lat' dir='ltr'><strong>per</strong></span> <span class='ocrx_word' id='word_1_665' title='bbox 2358 2558 2686 2633; x_wconf 76' lang='lat' dir='ltr'><strong>Stephanum</strong></span> <span class='ocrx_word' id='word_1_666' title='bbox 2734 2578 2838 2619; x_wconf 88' lang='lat' dir='ltr'><strong>non</strong></span> <span class='ocrx_word' id='word_1_667' title='bbox 2864 2563 3211 2624; x_wconf 77' lang='lat' dir='ltr'><strong>exinanitum.</strong></span> <span class='ocrx_word' id='word_1_668' title='bbox 3236 2566 3303 2624; x_wconf 90' lang='lat' dir='ltr'><strong>Si</strong></span> <span class='ocrx_word' id='word_1_669' title='bbox 3320 2568 3417 2645; x_wconf 68' lang='lat' dir='ltr'><strong>ista</strong></span> <span class='ocrx_word' id='word_1_670' title='bbox 3446 2570 3499 2627; x_wconf 89' lang='lat' dir='ltr'><strong>in</strong></span> 
     </span>
    </p>
   </div>
   <div class='ocr_carea' id='block_1_87' title="bbox 1928 2648 3500 2727">
    <p class='ocr_par' dir='ltr' id='par_1_87' title="bbox 1928 2648 3500 2727">
     <span class='ocr_line' id='line_1_87' title="bbox 1928 2648 3500 2727; baseline 0.01 -25"><span class='ocrx_word' id='word_1_671' title='bbox 1928 2648 2213 2720; x_wconf 74' lang='lat' dir='ltr'><strong>Evangelio</strong></span> <span class='ocrx_word' id='word_1_672' title='bbox 2239 2650 2575 2722; x_wconf 65' lang='lat' dir='ltr'><strong>prreeessisse</strong></span> <span class='ocrx_word' id='word_1_673' title='bbox 2601 2656 2810 2721; x_wconf 88' lang='lat' dir='ltr'><strong>videtis,</strong></span> <span class='ocrx_word' id='word_1_674' title='bbox 2854 2658 3047 2715; x_wconf 87' lang='lat' dir='ltr'><strong>fratres</strong></span> <span class='ocrx_word' id='word_1_675' title='bbox 3072 2662 3198 2727; x_wconf 90' lang='lat' dir='ltr'><strong>mei,</strong></span> <span class='ocrx_word' id='word_1_676' title='bbox 3227 2678 3385 2718; x_wconf 91' lang='lat' dir='ltr'><strong>nemo</strong></span> <span class='ocrx_word' id='word_1_677' title='bbox 3415 2664 3500 2718; x_wconf 85' lang='lat' dir='ltr'><strong>di-</strong></span> 
     </span>
    </p>
   </div>
   <div class='ocr_carea' id='block_1_88' title="bbox 1925 2739 3501 2824">
    <p class='ocr_par' dir='ltr' id='par_1_88' title="bbox 1925 2739 3501 2824">
     <span class='ocr_line' id='line_1_88' title="bbox 1925 2739 3501 2824; baseline 0.011 -32"><span class='ocrx_word' id='word_1_678' title='bbox 1925 2748 2013 2793; x_wconf 87' lang='lat' dir='ltr'><strong>cat</strong></span> <span class='ocrx_word' id='word_1_679' title='bbox 2037 2739 2091 2795; x_wconf 87' lang='lat' dir='ltr'><strong>in</strong></span> <span class='ocrx_word' id='word_1_680' title='bbox 2123 2742 2286 2798; x_wconf 75' lang='lat' dir='ltr'><strong>corde</strong></span> <span class='ocrx_word' id='word_1_681' title='bbox 2328 2756 2447 2813; x_wconf 88' lang='lat' dir='ltr'><strong>suo,</strong></span> <span class='ocrx_word' id='word_1_682' title='bbox 2501 2742 2629 2813; x_wconf 85' lang='lat' dir='ltr'><strong>Quis</strong></span> <span class='ocrx_word' id='word_1_683' title='bbox 2665 2747 2797 2803; x_wconf 86' lang='lat' dir='ltr'><strong>illud</strong></span> <span class='ocrx_word' id='word_1_684' title='bbox 2821 2749 2990 2805; x_wconf 77' lang='lat' dir='ltr'><strong>facit?</strong></span> <span class='ocrx_word' id='word_1_685' title='bbox 3034 2751 3173 2808; x_wconf 86' lang='lat' dir='ltr'><strong>Ecce</strong></span> <span class='ocrx_word' id='word_1_686' title='bbox 3199 2753 3501 2824; x_wconf 88' lang='lat' dir='ltr'><strong>Stephanus</strong></span> 
     </span>
    </p>
   </div>
   <div class='ocr_carea' id='block_1_89' title="bbox 1926 2830 3497 2901">
    <p class='ocr_par' dir='ltr' id='par_1_89' title="bbox 1926 2830 3497 2901">
     <span class='ocr_line' id='line_1_89' title="bbox 1926 2830 3497 2901; baseline 0.009 -16"><span class='ocrx_word' id='word_1_687' title='bbox 1926 2830 2051 2887; x_wconf 89' lang='lat' dir='ltr'><strong>fecit</strong></span> <span class='ocrx_word' id='word_1_688' title='bbox 2083 2833 2191 2889; x_wconf 87' lang='lat' dir='ltr'><strong>:de</strong></span> <span class='ocrx_word' id='word_1_689' title='bbox 2235 2835 2335 2890; x_wconf 74' lang='lat' dir='ltr'><strong>se?</strong></span> <span class='ocrx_word' id='word_1_690' title='bbox 2358 2836 2427 2892; x_wconf 88' lang='lat' dir='ltr'><strong>de</strong></span> <span class='ocrx_word' id='word_1_691' title='bbox 2453 2852 2551 2893; x_wconf 86' lang='lat' dir='ltr'><strong>suo</strong></span> <span class='ocrx_word' id='word_1_692' title='bbox 2597 2838 2765 2894; x_wconf 73' lang='lat' dir='ltr'><strong>fecit?</strong></span> <span class='ocrx_word' id='word_1_693' title='bbox 2814 2842 2871 2897; x_wconf 88' lang='lat' dir='ltr'><strong>Si</strong></span> <span class='ocrx_word' id='word_1_694' title='bbox 2920 2852 3095 2898; x_wconf 88' lang='lat' dir='ltr'><strong>autem</strong></span> <span class='ocrx_word' id='word_1_695' title='bbox 3136 2845 3202 2899; x_wconf 89' lang='lat' dir='ltr'><strong>de</strong></span> <span class='ocrx_word' id='word_1_696' title='bbox 3227 2845 3367 2900; x_wconf 89' lang='lat' dir='ltr'><strong>dono</strong></span> <span class='ocrx_word' id='word_1_697' title='bbox 3406 2848 3497 2901; x_wconf 89' lang='lat' dir='ltr'><strong>Dei</strong></span> 
     </span>
    </p>
   </div>
   <div class='ocr_carea' id='block_1_90' title="bbox 1928 2920 3500 3005">
    <p class='ocr_par' dir='ltr' id='par_1_90' title="bbox 1928 2920 3500 3005">
     <span class='ocr_line' id='line_1_90' title="bbox 1928 2920 3500 3005; baseline 0.009 -29"><span class='ocrx_word' id='word_1_698' title='bbox 1928 2920 2087 2989; x_wconf 89' lang='lat' dir='ltr'><strong>fecit;</strong></span> <span class='ocrx_word' id='word_1_699' title='bbox 2112 2926 2363 2996; x_wconf 89' lang='lat' dir='ltr'><strong>numquid</strong></span> <span class='ocrx_word' id='word_1_700' title='bbox 2393 2928 2625 2996; x_wconf 86' lang='lat' dir='ltr'><strong>intravit,</strong></span> <span class='ocrx_word' id='word_1_701' title='bbox 2649 2940 2702 2985; x_wconf 90' lang='lat' dir='ltr'><strong>et</strong></span> <span class='ocrx_word' id='word_1_702' title='bbox 2720 2940 2905 2987; x_wconf 90' lang='lat' dir='ltr'><strong>contra</strong></span> <span class='ocrx_word' id='word_1_703' title='bbox 2927 2942 2978 2988; x_wconf 88' lang='lat' dir='ltr'><strong>te</strong></span> <span class='ocrx_word' id='word_1_704' title='bbox 2993 2933 3218 2990; x_wconf 77' lang='lat' dir='ltr'><strong>clausit?</strong></span> <span class='ocrx_word' id='word_1_705' title='bbox 3237 2933 3500 3005; x_wconf 85' lang='lat' dir='ltr'><strong>Numquid</strong></span> 
     </span>
    </p>
   </div>
   <div class='ocr_carea' id='block_1_91' title="bbox 1928 3018 3500 3090">
    <p class='ocr_par' dir='ltr' id='par_1_91' title="bbox 1928 3018 3500 3090">
     <span class='ocr_line' id='line_1_91' title="bbox 1928 3018 3500 3090; baseline 0.01 -23"><span class='ocrx_word' id='word_1_706' title='bbox 1928 3024 2141 3083; x_wconf 89' lang='lat' dir='ltr'><strong>pontem</strong></span> <span class='ocrx_word' id='word_1_707' title='bbox 2174 3018 2434 3086; x_wconf 86' lang='lat' dir='ltr'><strong>transivit,</strong></span> <span class='ocrx_word' id='word_1_708' title='bbox 2481 3031 2535 3076; x_wconf 91' lang='lat' dir='ltr'><strong>et</strong></span> <span class='ocrx_word' id='word_1_709' title='bbox 2575 3022 2862 3090; x_wconf 69' lang='lat' dir='ltr'><strong>prmcidit?</strong></span> <span class='ocrx_word' id='word_1_710' title='bbox 2907 3025 3126 3081; x_wconf 80' lang='lat' dir='ltr'><strong>Multum</strong></span> <span class='ocrx_word' id='word_1_711' title='bbox 3181 3037 3264 3083; x_wconf 91' lang='lat' dir='ltr'><strong>est</strong></span> <span class='ocrx_word' id='word_1_712' title='bbox 3314 3027 3379 3082; x_wconf 91' lang='lat' dir='ltr'><strong>ad</strong></span> <span class='ocrx_word' id='word_1_713' title='bbox 3411 3029 3500 3083; x_wconf 71' lang='lat' dir='ltr'><strong>te?</strong></span> 
     </span>
    </p>
   </div>
   <div class='ocr_carea' id='block_1_92' title="bbox 1928 3103 3073 3176">
    <p class='ocr_par' dir='ltr' id='par_1_92' title="bbox 1928 3103 3073 3176">
     <span class='ocr_line' id='line_1_92' title="bbox 1928 3103 3073 3176; baseline 0.01 -19"><span class='ocrx_word' id='word_1_714' title='bbox 1928 3103 2055 3159; x_wconf 87' lang='lat' dir='ltr'><strong>Pete</strong></span> <span class='ocrx_word' id='word_1_715' title='bbox 2089 3115 2145 3160; x_wconf 91' lang='lat' dir='ltr'><strong>et</strong></span> <span class='ocrx_word' id='word_1_716' title='bbox 2182 3115 2256 3160; x_wconf 91' lang='lat' dir='ltr'><strong>tu.</strong></span> <span class='ocrx_word' id='word_1_717' title='bbox 2308 3107 2451 3163; x_wconf 85' lang='lat' dir='ltr'><strong>Fons</strong></span> <span class='ocrx_word' id='word_1_718' title='bbox 2487 3119 2684 3176; x_wconf 84' lang='lat' dir='ltr'><strong>manat,</strong></span> <span class='ocrx_word' id='word_1_719' title='bbox 2713 3116 2818 3167; x_wconf 88' lang='lat' dir='ltr'><strong>non</strong></span> <span class='ocrx_word' id='word_1_720' title='bbox 2839 3114 3073 3168; x_wconf 84' lang='lat' dir='ltr'><strong>siccavit.</strong></span> 
     </span>
    </p>
   </div>
   <div class='ocr_carea' id='block_1_93' title="bbox 1996 3194 3507 3276">
    <p class='ocr_par' dir='ltr' id='par_1_93' title="bbox 1996 3194 3507 3276">
     <span class='ocr_line' id='line_1_93' title="bbox 1996 3194 3507 3276; baseline 0.008 -25"><span class='ocrx_word' id='word_1_721' title='bbox 1996 3194 2050 3251; x_wconf 83' lang='lat'><strong>9.</strong></span> <span class='ocrx_word' id='word_1_722' title='bbox 2077 3194 2409 3253; x_wconf 80' lang='lat' dir='ltr'><strong>Mansuetudo</strong></span> <span class='ocrx_word' id='word_1_723' title='bbox 2435 3216 2555 3272; x_wconf 84' lang='lat' dir='ltr'><strong>erga</strong></span> <span class='ocrx_word' id='word_1_724' title='bbox 2582 3202 2829 3258; x_wconf 89' lang='lat' dir='ltr'><strong>inimicos.</strong></span> <span class='ocrx_word' id='word_1_725' title='bbox 2863 3202 2953 3258; x_wconf 91' lang='lat' dir='ltr'><strong>Ira</strong></span> <span class='ocrx_word' id='word_1_726' title='bbox 2970 3205 3166 3276; x_wconf 82' lang='lat' dir='ltr'><strong>scorpio</strong></span> <span class='ocrx_word' id='word_1_727' title='bbox 3185 3217 3275 3261; x_wconf 85' lang='lat' dir='ltr'><strong>est.</strong></span> <span class='ocrx_word' id='word_1_728' title='bbox 3304 3207 3395 3262; x_wconf 83' lang='lat' dir='ltr'><strong>Ira</strong></span> <span class='ocrx_word' id='word_1_729' title='bbox 3415 3209 3507 3263; x_wconf 45' lang='lat' dir='ltr'><strong>ini‘</strong></span> 
     </span>
    </p>
   </div>
   <div class='ocr_carea' id='block_1_94' title="bbox 1928 3288 3505 3362">
    <p class='ocr_par' dir='ltr' id='par_1_94' title="bbox 1928 3288 3505 3362">
     <span class='ocr_line' id='line_1_94' title="bbox 1928 3288 3505 3362; baseline 0.01 -21"><span class='ocrx_word' id='word_1_730' title='bbox 1928 3288 2078 3354; x_wconf 83' lang='lat' dir='ltr'><strong>mica,</strong></span> <span class='ocrx_word' id='word_1_731' title='bbox 2101 3298 2281 3359; x_wconf 82' lang='lat' dir='ltr'><strong>prwter</strong></span> <span class='ocrx_word' id='word_1_732' title='bbox 2298 3308 2448 3362; x_wconf 87' lang='lat' dir='ltr'><strong>quam</strong></span> <span class='ocrx_word' id='word_1_733' title='bbox 2471 3295 2636 3347; x_wconf 68' lang='lat' dir='ltr'><strong>caueri</strong></span> <span class='ocrx_word' id='word_1_734' title='bbox 2663 3295 2854 3349; x_wconf 86' lang='lat' dir='ltr'><strong>inimici</strong></span> <span class='ocrx_word' id='word_1_735' title='bbox 2873 3298 3075 3351; x_wconf 86' lang='lat' dir='ltr'><strong>minime</strong></span> <span class='ocrx_word' id='word_1_736' title='bbox 3098 3308 3293 3353; x_wconf 83' lang='lat' dir='ltr'><strong>nocent.</strong></span> <span class='ocrx_word' id='word_1_737' title='bbox 3317 3299 3387 3355; x_wconf 85' lang='lat' dir='ltr'><strong>Et</strong></span> <span class='ocrx_word' id='word_1_738' title='bbox 3418 3317 3505 3356; x_wconf 84' lang='lat' dir='ltr'><strong>vc-</strong></span> 
     </span>
    </p>
   </div>
   <div class='ocr_carea' id='block_1_95' title="bbox 1932 3379 3500 3456">
    <p class='ocr_par' dir='ltr' id='par_1_95' title="bbox 1932 3379 3500 3456">
     <span class='ocr_line' id='line_1_95' title="bbox 1932 3379 3500 3456; baseline 0.009 -26"><span class='ocrx_word' id='word_1_739' title='bbox 1932 3394 1990 3433; x_wconf 88' lang='lat' dir='ltr'><strong>re</strong></span> <span class='ocrx_word' id='word_1_740' title='bbox 2016 3379 2135 3434; x_wconf 90' lang='lat' dir='ltr'><strong>dico</strong></span> <span class='ocrx_word' id='word_1_741' title='bbox 2178 3379 2433 3435; x_wconf 86' lang='lat' dir='ltr'><strong>Charitati</strong></span> <span class='ocrx_word' id='word_1_742' title='bbox 2464 3393 2673 3449; x_wconf 61' lang='lat' dir='ltr'><strong>vestrae,</strong></span> <span class='ocrx_word' id='word_1_743' title='bbox 2704 3383 2896 3439; x_wconf 75' lang='lat' dir='ltr'><strong>fratres</strong></span> <span class='ocrx_word' id='word_1_744' title='bbox 2940 3388 3043 3441; x_wconf 90' lang='lat' dir='ltr'><strong>mei</strong></span> <span class='ocrx_word' id='word_1_745' title='bbox 3073 3405 3086 3440; x_wconf 92' lang='lat'><strong>:</strong></span> <span class='ocrx_word' id='word_1_746' title='bbox 3114 3398 3358 3443; x_wconf 84' lang='lat' dir='ltr'><strong>exercete</strong></span> <span class='ocrx_word' id='word_1_747' title='bbox 3386 3405 3500 3456; x_wconf 89' lang='lat' dir='ltr'><strong>vos,</strong></span> 
     </span>
    </p>
   </div>
   <div class='ocr_carea' id='block_1_96' title="bbox 1929 3470 3501 3542">
    <p class='ocr_par' dir='ltr' id='par_1_96' title="bbox 1929 3470 3501 3542">
     <span class='ocr_line' id='line_1_96' title="bbox 1929 3470 3501 3542; baseline 0.006 -23"><span class='ocrx_word' id='word_1_748' title='bbox 1929 3476 2185 3535; x_wconf 83' lang='lat' dir='ltr'><strong>quantum</strong></span> <span class='ocrx_word' id='word_1_749' title='bbox 2232 3470 2472 3537; x_wconf 87' lang='lat' dir='ltr'><strong>potestis,</strong></span> <span class='ocrx_word' id='word_1_750' title='bbox 2520 3470 2585 3523; x_wconf 89' lang='lat' dir='ltr'><strong>ad</strong></span> <span class='ocrx_word' id='word_1_751' title='bbox 2616 3472 2968 3527; x_wconf 84' lang='lat' dir='ltr'><strong>exhibendam</strong></span> <span class='ocrx_word' id='word_1_752' title='bbox 3018 3476 3501 3542; x_wconf 88' lang='lat' dir='ltr'><strong>mansuetudinem,</strong></span> 
     </span>
    </p>
   </div>
   <div class='ocr_carea' id='block_1_97' title="bbox 1930 3558 3503 3638">
    <p class='ocr_par' dir='ltr' id='par_1_97' title="bbox 1930 3558 3503 3638">
     <span class='ocr_line' id='line_1_97' title="bbox 1930 3558 3503 3638; baseline 0.006 -24"><span class='ocrx_word' id='word_1_753' title='bbox 1930 3561 2088 3614; x_wconf 87' lang='lat' dir='ltr'><strong>etiam</strong></span> <span class='ocrx_word' id='word_1_754' title='bbox 2115 3576 2239 3629; x_wconf 77' lang='lat' dir='ltr'><strong>erga</strong></span> <span class='ocrx_word' id='word_1_755' title='bbox 2263 3562 2504 3615; x_wconf 89' lang='lat' dir='ltr'><strong>inimicos</strong></span> <span class='ocrx_word' id='word_1_756' title='bbox 2545 3560 2769 3617; x_wconf 72' lang='lat' dir='ltr'><strong>vestros.</strong></span> <span class='ocrx_word' id='word_1_757' title='bbox 2822 3558 3050 3621; x_wconf 78' lang='lat' dir='ltr'><strong>Frenate</strong></span> <span class='ocrx_word' id='word_1_758' title='bbox 3075 3567 3225 3632; x_wconf 88' lang='lat' dir='ltr'><strong>iram,</strong></span> <span class='ocrx_word' id='word_1_759' title='bbox 3267 3584 3383 3638; x_wconf 72' lang='lat' dir='ltr'><strong>qua:</strong></span> <span class='ocrx_word' id='word_1_760' title='bbox 3409 3585 3503 3625; x_wconf 91' lang='lat' dir='ltr'><strong>vos</strong></span> 
     </span>
    </p>
   </div>
   <div class='ocr_carea' id='block_1_98' title="bbox 1930 3650 3517 3726">
    <p class='ocr_par' dir='ltr' id='par_1_98' title="bbox 1930 3650 3517 3726">
     <span class='ocr_line' id='line_1_98' title="bbox 1930 3650 3517 3726; baseline 0.006 -20"><span class='ocrx_word' id='word_1_761' title='bbox 1930 3650 2167 3706; x_wconf 88' lang='lat' dir='ltr'><strong>stimulat</strong></span> <span class='ocrx_word' id='word_1_762' title='bbox 2192 3650 2257 3705; x_wconf 90' lang='lat' dir='ltr'><strong>ad</strong></span> <span class='ocrx_word' id='word_1_763' title='bbox 2280 3651 2583 3708; x_wconf 82' lang='lat' dir='ltr'><strong>vindictam.</strong></span> <span class='ocrx_word' id='word_1_764' title='bbox 2616 3652 2697 3708; x_wconf 76' lang='lat' dir='ltr'><strong>ira</strong></span> <span class='ocrx_word' id='word_1_765' title='bbox 2712 3653 2852 3709; x_wconf 88' lang='lat' dir='ltr'><strong>enim</strong></span> <span class='ocrx_word' id='word_1_766' title='bbox 2872 3658 3086 3726; x_wconf 88' lang='lat' dir='ltr'><strong>scorpio</strong></span> <span class='ocrx_word' id='word_1_767' title='bbox 3109 3668 3209 3714; x_wconf 88' lang='lat' dir='ltr'><strong>est.</strong></span> <span class='ocrx_word' id='word_1_768' title='bbox 3237 3658 3299 3714; x_wconf 83' lang='lat' dir='ltr'><strong>Si</strong></span> <span class='ocrx_word' id='word_1_769' title='bbox 3325 3669 3376 3715; x_wconf 91' lang='lat' dir='ltr'><strong>te</strong></span> <span class='ocrx_word' id='word_1_770' title='bbox 3395 3653 3517 3717; x_wconf 72' lang='lat' dir='ltr'><strong>suis’</strong></span> 
     </span>
    </p>
   </div>
   <div class='ocr_carea' id='block_1_99' title="bbox 1932 3740 3503 3819">
    <p class='ocr_par' dir='ltr' id='par_1_99' title="bbox 1932 3740 3503 3819">
     <span class='ocr_line' id='line_1_99' title="bbox 1932 3740 3503 3819; baseline 0.005 -23"><span class='ocrx_word' id='word_1_771' title='bbox 1932 3742 2155 3796; x_wconf 86' lang='lat' dir='ltr'><strong>internis</strong></span> <span class='ocrx_word' id='word_1_772' title='bbox 2201 3740 2427 3797; x_wconf 89' lang='lat' dir='ltr'><strong>ﬁammis</strong></span> <span class='ocrx_word' id='word_1_773' title='bbox 2462 3744 2789 3810; x_wconf 84' lang='lat' dir='ltr'><strong>excitaverit,</strong></span> <span class='ocrx_word' id='word_1_774' title='bbox 2822 3760 3068 3816; x_wconf 74' lang='lat' dir='ltr'><strong>magnum</strong></span> <span class='ocrx_word' id='word_1_775' title='bbox 3103 3748 3300 3818; x_wconf 87' lang='lat' dir='ltr'><strong>aliquid</strong></span> <span class='ocrx_word' id='word_1_776' title='bbox 3333 3759 3503 3819; x_wconf 82' lang='lat' dir='ltr'><strong>putas.</strong></span> 
     </span>
    </p>
   </div>
   <div class='ocr_carea' id='block_1_100' title="bbox 1932 3833 3517 3897">
    <p class='ocr_par' dir='ltr' id='par_1_100' title="bbox 1932 3833 3517 3897">
     <span class='ocr_line' id='line_1_100' title="bbox 1932 3833 3517 3897; baseline 0.006 -9"><span class='ocrx_word' id='word_1_777' title='bbox 1932 3833 1977 3888; x_wconf 86' lang='lat' dir='ltr'><strong>si</strong></span> <span class='ocrx_word' id='word_1_778' title='bbox 1999 3840 2052 3889; x_wconf 90' lang='lat' dir='ltr'><strong>te</strong></span> <span class='ocrx_word' id='word_1_779' title='bbox 2076 3833 2143 3889; x_wconf 89' lang='lat' dir='ltr'><strong>de</strong></span> <span class='ocrx_word' id='word_1_780' title='bbox 2181 3835 2395 3889; x_wconf 88' lang='lat' dir='ltr'><strong>inimico</strong></span> <span class='ocrx_word' id='word_1_781' title='bbox 2449 3844 2542 3890; x_wconf 92' lang='lat' dir='ltr'><strong>tuo</strong></span> <span class='ocrx_word' id='word_1_782' title='bbox 2578 3836 2948 3892; x_wconf 73' lang='lat' dir='ltr'><strong>vindicaretis.</strong></span> <span class='ocrx_word' id='word_1_783' title='bbox 2976 3836 3031 3894; x_wconf 88' lang='lat' dir='ltr'><strong>Si</strong></span> <span class='ocrx_word' id='word_1_784' title='bbox 3058 3840 3324 3896; x_wconf 83' lang='lat' dir='ltr'><strong>vindicare</strong></span> <span class='ocrx_word' id='word_1_785' title='bbox 3352 3849 3402 3896; x_wconf 90' lang='lat' dir='ltr'><strong>te</strong></span> <span class='ocrx_word' id='word_1_786' title='bbox 3428 3838 3517 3897; x_wconf 69' lang='lat' dir='ltr'><strong>vis&#39;</strong></span> 
     </span>
    </p>
   </div>
   <div class='ocr_carea' id='block_1_101' title="bbox 1933 3925 3511 3997">
    <p class='ocr_par' dir='ltr' id='par_1_101' title="bbox 1933 3925 3511 3997">
     <span class='ocr_line' id='line_1_101' title="bbox 1933 3925 3511 3997; baseline 0.004 -16"><span class='ocrx_word' id='word_1_787' title='bbox 1933 3925 2001 3981; x_wconf 88' lang='lat' dir='ltr'><strong>de</strong></span> <span class='ocrx_word' id='word_1_788' title='bbox 2028 3926 2245 3981; x_wconf 89' lang='lat' dir='ltr'><strong>inimico</strong></span> <span class='ocrx_word' id='word_1_789' title='bbox 2290 3934 2401 3993; x_wconf 90' lang='lat' dir='ltr'><strong>tuo,</strong></span> <span class='ocrx_word' id='word_1_790' title='bbox 2454 3927 2521 3981; x_wconf 89' lang='lat' dir='ltr'><strong>ad</strong></span> <span class='ocrx_word' id='word_1_791' title='bbox 2553 3928 2719 3997; x_wconf 90' lang='lat' dir='ltr'><strong>ipsam</strong></span> <span class='ocrx_word' id='word_1_792' title='bbox 2760 3929 2893 3983; x_wconf 85' lang='lat' dir='ltr'><strong>iram</strong></span> <span class='ocrx_word' id='word_1_793' title='bbox 2923 3938 3068 3985; x_wconf 87' lang='lat' dir='ltr'><strong>tuam</strong></span> <span class='ocrx_word' id='word_1_794' title='bbox 3115 3941 3165 3986; x_wconf 89' lang='lat' dir='ltr'><strong>te</strong></span> <span class='ocrx_word' id='word_1_795' title='bbox 3207 3941 3459 3987; x_wconf 89' lang='lat' dir='ltr'><strong>converte</strong></span> <span class='ocrx_word' id='word_1_796' title='bbox 3486 3952 3511 3988; x_wconf 74' lang='grc' dir='ltr'><strong><em>τ</em></strong></span> 
     </span>
    </p>
   </div>
   <div class='ocr_carea' id='block_1_102' title="bbox 1934 4018 3503 4090">
    <p class='ocr_par' dir='ltr' id='par_1_102' title="bbox 1934 4018 3503 4090">
     <span class='ocr_line' id='line_1_102' title="bbox 1934 4018 3503 4090; baseline 0.006 -20"><span class='ocrx_word' id='word_1_797' title='bbox 1934 4018 2055 4087; x_wconf 90' lang='lat' dir='ltr'><strong>quia</strong></span> <span class='ocrx_word' id='word_1_798' title='bbox 2080 4018 2191 4087; x_wconf 88' lang='lat' dir='ltr'><strong>ipsa</strong></span> <span class='ocrx_word' id='word_1_799' title='bbox 2222 4027 2305 4072; x_wconf 77' lang='lat' dir='ltr'><strong>est</strong></span> <span class='ocrx_word' id='word_1_800' title='bbox 2330 4018 2541 4073; x_wconf 89' lang='lat' dir='ltr'><strong>inimica</strong></span> <span class='ocrx_word' id='word_1_801' title='bbox 2590 4028 2699 4085; x_wconf 91' lang='lat' dir='ltr'><strong>tua,</strong></span> <span class='ocrx_word' id='word_1_802' title='bbox 2722 4034 2839 4090; x_wconf 65' lang='lat' dir='ltr'><strong>qua:</strong></span> <span class='ocrx_word' id='word_1_803' title='bbox 2860 4022 3056 4077; x_wconf 87' lang='lat' dir='ltr'><strong>occidit</strong></span> <span class='ocrx_word' id='word_1_804' title='bbox 3079 4024 3307 4078; x_wconf 89' lang='lat' dir='ltr'><strong>animam</strong></span> <span class='ocrx_word' id='word_1_805' title='bbox 3339 4034 3503 4081; x_wconf 87' lang='lat' dir='ltr'><strong>tuam.</strong></span> 
     </span>
    </p>
   </div>
   <div class='ocr_carea' id='block_1_103' title="bbox 1935 4108 3510 4181">
    <p class='ocr_par' dir='ltr' id='par_1_103' title="bbox 1935 4108 3510 4181">
     <span class='ocr_line' id='line_1_103' title="bbox 1935 4108 3510 4181; baseline 0.004 -15"><span class='ocrx_word' id='word_1_806' title='bbox 1935 4108 1980 4166; x_wconf 89' lang='grc' dir='ltr'>Ο</span> <span class='ocrx_word' id='word_1_807' title='bbox 2002 4108 2163 4165; x_wconf 86' lang='lat' dir='ltr'><strong>homo</strong></span> <span class='ocrx_word' id='word_1_808' title='bbox 2185 4108 2325 4165; x_wconf 90' lang='lat' dir='ltr'><strong>bone</strong></span> <span class='ocrx_word' id='word_1_809' title='bbox 2352 4129 2364 4164; x_wconf 93' lang='lat'><strong>:</strong></span> <span class='ocrx_word' id='word_1_810' title='bbox 2397 4110 2520 4168; x_wconf 88' lang='lat' dir='ltr'><strong>nolo</strong></span> <span class='ocrx_word' id='word_1_811' title='bbox 2552 4110 2695 4166; x_wconf 86' lang='lat' dir='ltr'><strong>enim</strong></span> <span class='ocrx_word' id='word_1_812' title='bbox 2719 4111 2898 4168; x_wconf 88' lang='lat' dir='ltr'><strong>dicere</strong></span> <span class='ocrx_word' id='word_1_813' title='bbox 2917 4114 3079 4169; x_wconf 90' lang='lat' dir='ltr'><strong>homo</strong></span> <span class='ocrx_word' id='word_1_814' title='bbox 3111 4115 3286 4181; x_wconf 85' lang='lat' dir='ltr'><strong>male;</strong></span> <span class='ocrx_word' id='word_1_815' title='bbox 3318 4118 3510 4173; x_wconf 89' lang='lat' dir='ltr'><strong>melius</strong></span> 
     </span>
    </p>
   </div>
   <div class='ocr_carea' id='block_1_104' title="bbox 1936 4198 3511 4275">
    <p class='ocr_par' dir='ltr' id='par_1_104' title="bbox 1936 4198 3511 4275">
     <span class='ocr_line' id='line_1_104' title="bbox 1936 4198 3511 4275; baseline 0.004 -20"><span class='ocrx_word' id='word_1_816' title='bbox 1936 4198 2039 4255; x_wconf 87' lang='lat' dir='ltr'><strong>hoc</strong></span> <span class='ocrx_word' id='word_1_817' title='bbox 2063 4200 2183 4256; x_wconf 91' lang='lat' dir='ltr'><strong>dico</strong></span> <span class='ocrx_word' id='word_1_818' title='bbox 2222 4201 2362 4270; x_wconf 88' lang='lat' dir='ltr'><strong>quod</strong></span> <span class='ocrx_word' id='word_1_819' title='bbox 2421 4211 2471 4254; x_wconf 88' lang='lat' dir='ltr'><strong>te</strong></span> <span class='ocrx_word' id='word_1_820' title='bbox 2523 4216 2644 4256; x_wconf 89' lang='lat' dir='ltr'><strong>esse</strong></span> <span class='ocrx_word' id='word_1_821' title='bbox 2692 4203 2837 4269; x_wconf 86' lang='lat' dir='ltr'><strong>volo,</strong></span> <span class='ocrx_word' id='word_1_822' title='bbox 2867 4218 3026 4274; x_wconf 89' lang='lat' dir='ltr'><strong>quam</strong></span> <span class='ocrx_word' id='word_1_823' title='bbox 3057 4205 3197 4275; x_wconf 90' lang='lat' dir='ltr'><strong>quod</strong></span> <span class='ocrx_word' id='word_1_824' title='bbox 3223 4221 3282 4261; x_wconf 91' lang='lat' dir='ltr'><strong>es</strong></span> <span class='ocrx_word' id='word_1_825' title='bbox 3307 4224 3320 4260; x_wconf 92' lang='lat'>:</span> <span class='ocrx_word' id='word_1_826' title='bbox 3350 4206 3511 4262; x_wconf 92' lang='lat' dir='ltr'><strong>homo</strong></span> 
     </span>
    </p>
   </div>
   <div class='ocr_carea' id='block_1_105' title="bbox 1938 4292 3521 4368">
    <p class='ocr_par' dir='ltr' id='par_1_105' title="bbox 1938 4292 3521 4368">
     <span class='ocr_line' id='line_1_105' title="bbox 1938 4292 3521 4368; baseline 0.004 -21"><span class='ocrx_word' id='word_1_827' title='bbox 1938 4292 2097 4359; x_wconf 89' lang='lat' dir='ltr'><strong>boue,</strong></span> <span class='ocrx_word' id='word_1_828' title='bbox 2128 4294 2255 4363; x_wconf 90' lang='lat' dir='ltr'><strong>quid</strong></span> <span class='ocrx_word' id='word_1_829' title='bbox 2295 4293 2389 4347; x_wconf 90' lang='lat' dir='ltr'><strong>tibi</strong></span> <span class='ocrx_word' id='word_1_830' title='bbox 2438 4293 2673 4349; x_wconf 89' lang='lat' dir='ltr'><strong>facturus</strong></span> <span class='ocrx_word' id='word_1_831' title='bbox 2693 4304 2778 4349; x_wconf 89' lang='lat' dir='ltr'><strong>est</strong></span> <span class='ocrx_word' id='word_1_832' title='bbox 2803 4296 3047 4351; x_wconf 87' lang='lat' dir='ltr'><strong>inimicus</strong></span> <span class='ocrx_word' id='word_1_833' title='bbox 3074 4298 3380 4368; x_wconf 77' lang='lat' dir='ltr'><strong>tuus‘tquid</strong></span> <span class='ocrx_word' id='word_1_834' title='bbox 3431 4308 3521 4354; x_wconf 82' lang='lat' dir='ltr'><strong>est</strong></span> 
     </span>
    </p>
   </div>
   <div class='ocr_carea' id='block_1_106' title="bbox 1938 4383 3509 4452">
    <p class='ocr_par' dir='ltr' id='par_1_106' title="bbox 1938 4383 3509 4452">
     <span class='ocr_line' id='line_1_106' title="bbox 1938 4383 3509 4452; baseline 0.004 -16"><span class='ocrx_word' id='word_1_835' title='bbox 1938 4383 2190 4449; x_wconf 89' lang='lat' dir='ltr'><strong>facturus,</strong></span> <span class='ocrx_word' id='word_1_836' title='bbox 2212 4392 2272 4438; x_wconf 92' lang='lat' dir='ltr'><strong>ut</strong></span> <span class='ocrx_word' id='word_1_837' title='bbox 2313 4383 2533 4437; x_wconf 89' lang='lat' dir='ltr'><strong>multum</strong></span> <span class='ocrx_word' id='word_1_838' title='bbox 2587 4385 2786 4452; x_wconf 90' lang='lat' dir='ltr'><strong>possit;</strong></span> <span class='ocrx_word' id='word_1_839' title='bbox 2812 4394 2872 4439; x_wconf 90' lang='lat' dir='ltr'><strong>ut</strong></span> <span class='ocrx_word' id='word_1_840' title='bbox 2911 4386 3051 4441; x_wconf 89' lang='lat' dir='ltr'><strong>Dens</strong></span> <span class='ocrx_word' id='word_1_841' title='bbox 3080 4388 3224 4441; x_wconf 91' lang='lat' dir='ltr'><strong>illum</strong></span> <span class='ocrx_word' id='word_1_842' title='bbox 3251 4388 3317 4442; x_wconf 90' lang='lat' dir='ltr'><strong>ad</strong></span> <span class='ocrx_word' id='word_1_843' title='bbox 3344 4396 3509 4443; x_wconf 90' lang='lat' dir='ltr'><strong>totum</strong></span> 
     </span>
    </p>
   </div>
   <div class='ocr_carea' id='block_1_107' title="bbox 1939 4472 3511 4549">
    <p class='ocr_par' dir='ltr' id='par_1_107' title="bbox 1939 4472 3511 4549">
     <span class='ocr_line' id='line_1_107' title="bbox 1939 4472 3511 4549; baseline 0.003 -23"><span class='ocrx_word' id='word_1_844' title='bbox 1939 4472 2229 4541; x_wconf 86' lang='lat' dir='ltr'><strong>permittat,</strong></span> <span class='ocrx_word' id='word_1_845' title='bbox 2254 4472 2392 4542; x_wconf 90' lang='lat' dir='ltr'><strong>quod</strong></span> <span class='ocrx_word' id='word_1_846' title='bbox 2410 4474 2576 4542; x_wconf 86' lang='lat' dir='ltr'><strong>cupit?</strong></span> <span class='ocrx_word' id='word_1_847' title='bbox 2588 4472 2908 4544; x_wconf 73' lang='lat' dir='ltr'><strong>Sanguinem</strong></span> <span class='ocrx_word' id='word_1_848' title='bbox 2934 4484 3077 4532; x_wconf 91' lang='lat' dir='ltr'><strong>tuum</strong></span> <span class='ocrx_word' id='word_1_849' title='bbox 3104 4479 3247 4549; x_wconf 90' lang='lat' dir='ltr'><strong>cupit</strong></span> <span class='ocrx_word' id='word_1_850' title='bbox 3270 4477 3511 4533; x_wconf 90' lang='lat' dir='ltr'><strong>fundere.</strong></span> 
     </span>
    </p>
   </div>
   <div class='ocr_carea' id='block_1_108' title="bbox 1942 4563 3507 4639">
    <p class='ocr_par' dir='ltr' id='par_1_108' title="bbox 1942 4563 3507 4639">
     <span class='ocr_line' id='line_1_108' title="bbox 1942 4563 3507 4639; baseline 0.005 -21"><span class='ocrx_word' id='word_1_851' title='bbox 1942 4564 2165 4619; x_wconf 89' lang='lat' dir='ltr'><strong>Difﬁcile</strong></span> <span class='ocrx_word' id='word_1_852' title='bbox 2214 4574 2296 4619; x_wconf 89' lang='lat' dir='ltr'><strong>est</strong></span> <span class='ocrx_word' id='word_1_853' title='bbox 2338 4564 2572 4634; x_wconf 90' lang='lat' dir='ltr'><strong>quidem,</strong></span> <span class='ocrx_word' id='word_1_854' title='bbox 2623 4575 2677 4619; x_wconf 90' lang='lat' dir='ltr'><strong>et</strong></span> <span class='ocrx_word' id='word_1_855' title='bbox 2716 4567 2814 4635; x_wconf 91' lang='lat' dir='ltr'><strong>ipsi</strong></span> <span class='ocrx_word' id='word_1_856' title='bbox 2869 4568 2974 4622; x_wconf 90' lang='lat' dir='ltr'><strong>rari</strong></span> <span class='ocrx_word' id='word_1_857' title='bbox 3018 4568 3215 4622; x_wconf 89' lang='lat' dir='ltr'><strong>inimici</strong></span> <span class='ocrx_word' id='word_1_858' title='bbox 3248 4578 3388 4635; x_wconf 93' lang='lat' dir='ltr'><strong>sunt,</strong></span> <span class='ocrx_word' id='word_1_859' title='bbox 3419 4563 3507 4639; x_wconf 79' lang='grc' dir='ltr'>(ιιῐί</span> 
     </span>
    </p>
   </div>
   <div class='ocr_carea' id='block_1_109' title="bbox 1941 4654 3519 4730">
    <p class='ocr_par' dir='ltr' id='par_1_109' title="bbox 1941 4654 3519 4730">
     <span class='ocr_line' id='line_1_109' title="bbox 1941 4654 3519 4730; baseline 0.005 -22"><span class='ocrx_word' id='word_1_860' title='bbox 1941 4669 2109 4725; x_wconf 90' lang='lat' dir='ltr'><strong>usque</strong></span> <span class='ocrx_word' id='word_1_861' title='bbox 2122 4654 2186 4710; x_wconf 91' lang='lat' dir='ltr'><strong>ad</strong></span> <span class='ocrx_word' id='word_1_862' title='bbox 2205 4664 2430 4710; x_wconf 91' lang='lat' dir='ltr'><strong>mortem</strong></span> <span class='ocrx_word' id='word_1_863' title='bbox 2447 4655 2685 4711; x_wconf 61' lang='lat' dir='ltr'><strong>saeviant.</strong></span> <span class='ocrx_word' id='word_1_864' title='bbox 2699 4655 2883 4713; x_wconf 90' lang='lat' dir='ltr'><strong>Solent</strong></span> <span class='ocrx_word' id='word_1_865' title='bbox 2898 4668 2949 4714; x_wconf 93' lang='lat' dir='ltr'><strong>ct</strong></span> <span class='ocrx_word' id='word_1_866' title='bbox 2963 4659 3059 4729; x_wconf 89' lang='lat' dir='ltr'><strong>ipsi</strong></span> <span class='ocrx_word' id='word_1_867' title='bbox 3074 4657 3292 4723; x_wconf 88' lang='lat' dir='ltr'><strong>inimici,</strong></span> <span class='ocrx_word' id='word_1_868' title='bbox 3306 4659 3519 4730; x_wconf 89' lang='lat' dir='ltr'><strong>quando</strong></span> 
     </span>
    </p>
   </div>
   <div class='ocr_carea' id='block_1_110' title="bbox 1942 4745 3521 4820">
    <p class='ocr_par' dir='ltr' id='par_1_110' title="bbox 1942 4745 3521 4820">
     <span class='ocr_line' id='line_1_110' title="bbox 1942 4745 3521 4820; baseline 0.004 -19"><span class='ocrx_word' id='word_1_869' title='bbox 1942 4745 2171 4801; x_wconf 89' lang='lat' dir='ltr'><strong>viderint</strong></span> <span class='ocrx_word' id='word_1_870' title='bbox 2211 4761 2305 4803; x_wconf 90' lang='lat' dir='ltr'><strong>eos</strong></span> <span class='ocrx_word' id='word_1_871' title='bbox 2342 4763 2475 4817; x_wconf 88' lang='lat' dir='ltr'><strong>quos</strong></span> <span class='ocrx_word' id='word_1_872' title='bbox 2518 4760 2905 4820; x_wconf 88' lang='lat' dir='ltr'><strong>persequuntur</strong></span> <span class='ocrx_word' id='word_1_873' title='bbox 2958 4749 3151 4819; x_wconf 81' lang='lat' dir='ltr'><strong>affligi,</strong></span> <span class='ocrx_word' id='word_1_874' title='bbox 3209 4760 3521 4809; x_wconf 86' lang='lat' dir='ltr'><strong>convertere</strong></span> 
     </span>
    </p>
   </div>
   <div class='ocr_carea' id='block_1_111' title="bbox 1945 4840 3521 4914">
    <p class='ocr_par' dir='ltr' id='par_1_111' title="bbox 1945 4840 3521 4914">
     <span class='ocr_line' id='line_1_111' title="bbox 1945 4840 3521 4914; baseline 0.003 -20"><span class='ocrx_word' id='word_1_875' title='bbox 1945 4840 2076 4894; x_wconf 89' lang='lat' dir='ltr'><strong>iram</strong></span> <span class='ocrx_word' id='word_1_876' title='bbox 2100 4840 2151 4893; x_wconf 93' lang='lat' dir='ltr'><strong>in</strong></span> <span class='ocrx_word' id='word_1_877' title='bbox 2184 4840 2621 4896; x_wconf 88' lang='lat' dir='ltr'><strong>misericordiam.</strong></span> <span class='ocrx_word' id='word_1_878' title='bbox 2648 4841 2868 4896; x_wconf 83' lang='lat' dir='ltr'><strong>Difficile</strong></span> <span class='ocrx_word' id='word_1_879' title='bbox 2896 4842 3099 4896; x_wconf 89' lang='lat' dir='ltr'><strong>invenis</strong></span> <span class='ocrx_word' id='word_1_880' title='bbox 3130 4842 3399 4897; x_wconf 90' lang='lat' dir='ltr'><strong>inimicum</strong></span> <span class='ocrx_word' id='word_1_881' title='bbox 3430 4847 3521 4914; x_wconf 91' lang='lat' dir='ltr'><strong>qui</strong></span> 
     </span>
    </p>
   </div>
   <div class='ocr_carea' id='block_1_112' title="bbox 1945 4932 3520 5001">
    <p class='ocr_par' dir='ltr' id='par_1_112' title="bbox 1945 4932 3520 5001">
     <span class='ocr_line' id='line_1_112' title="bbox 1945 4932 3520 5001; baseline 0.004 -18"><span class='ocrx_word' id='word_1_882' title='bbox 1945 4932 2129 4985; x_wconf 66' lang='lat' dir='ltr'><strong>saeviat</strong></span> <span class='ocrx_word' id='word_1_883' title='bbox 2153 4946 2320 5001; x_wconf 89' lang='lat' dir='ltr'><strong>usque</strong></span> <span class='ocrx_word' id='word_1_884' title='bbox 2339 4932 2406 4986; x_wconf 89' lang='lat' dir='ltr'><strong>ad</strong></span> <span class='ocrx_word' id='word_1_885' title='bbox 2430 4942 2674 4987; x_wconf 88' lang='lat' dir='ltr'><strong>mortem.</strong></span> <span class='ocrx_word' id='word_1_886' title='bbox 2705 4932 2811 4987; x_wconf 89' lang='lat' dir='ltr'><strong>Sed</strong></span> <span class='ocrx_word' id='word_1_887' title='bbox 2839 4932 2938 4997; x_wconf 88' lang='lat' dir='ltr'><strong>fac,</strong></span> <span class='ocrx_word' id='word_1_888' title='bbox 2975 4945 3144 5001; x_wconf 90' lang='lat' dir='ltr'><strong>usque</strong></span> <span class='ocrx_word' id='word_1_889' title='bbox 3171 4934 3237 4987; x_wconf 88' lang='lat' dir='ltr'><strong>ad</strong></span> <span class='ocrx_word' id='word_1_890' title='bbox 3268 4942 3520 4989; x_wconf 89' lang='lat' dir='ltr'><strong>mortem.</strong></span> 
     </span>
    </p>
   </div>
   <div class='ocr_carea' id='block_1_113' title="bbox 1948 5020 3525 5093">
    <p class='ocr_par' dir='ltr' id='par_1_113' title="bbox 1948 5020 3525 5093">
     <span class='ocr_line' id='line_1_113' title="bbox 1948 5020 3525 5093; baseline 0.003 -19"><span class='ocrx_word' id='word_1_891' title='bbox 1948 5020 2131 5075; x_wconf 90' lang='lat' dir='ltr'><strong>Talem</strong></span> <span class='ocrx_word' id='word_1_892' title='bbox 2161 5036 2299 5090; x_wconf 91' lang='lat' dir='ltr'><strong>pone</strong></span> <span class='ocrx_word' id='word_1_893' title='bbox 2334 5023 2426 5077; x_wconf 87' lang='lat' dir='ltr'><strong>tibi</strong></span> <span class='ocrx_word' id='word_1_894' title='bbox 2456 5023 2724 5077; x_wconf 90' lang='lat' dir='ltr'><strong>inimicum</strong></span> <span class='ocrx_word' id='word_1_895' title='bbox 2752 5022 2841 5091; x_wconf 91' lang='lat' dir='ltr'><strong>qui</strong></span> <span class='ocrx_word' id='word_1_896' title='bbox 2874 5022 3055 5077; x_wconf 68' lang='lat' dir='ltr'><strong>satviat</strong></span> <span class='ocrx_word' id='word_1_897' title='bbox 3080 5037 3245 5093; x_wconf 88' lang='lat' dir='ltr'><strong>usque</strong></span> <span class='ocrx_word' id='word_1_898' title='bbox 3285 5023 3350 5079; x_wconf 87' lang='lat' dir='ltr'><strong>ad</strong></span> <span class='ocrx_word' id='word_1_899' title='bbox 3379 5038 3525 5078; x_wconf 61' lang='lat' dir='ltr'><strong>moro</strong></span> 
     </span>
    </p>
   </div>
   <div class='ocr_carea' id='block_1_114' title="bbox 1949 5110 3526 5184">
    <p class='ocr_par' dir='ltr' id='par_1_114' title="bbox 1949 5110 3526 5184">
     <span class='ocr_line' id='line_1_114' title="bbox 1949 5110 3526 5184; baseline 0.001 -20"><span class='ocrx_word' id='word_1_900' title='bbox 1949 5118 2074 5165; x_wconf 91' lang='lat' dir='ltr'><strong>tem.</strong></span> <span class='ocrx_word' id='word_1_901' title='bbox 2099 5110 2233 5176; x_wconf 91' lang='lat' dir='ltr'><strong>Quid</strong></span> <span class='ocrx_word' id='word_1_902' title='bbox 2263 5110 2494 5168; x_wconf 82' lang='lat' dir='ltr'><strong>facturus</strong></span> <span class='ocrx_word' id='word_1_903' title='bbox 2512 5122 2595 5167; x_wconf 83' lang='lat' dir='ltr'><strong>est</strong></span> <span class='ocrx_word' id='word_1_904' title='bbox 2623 5113 2647 5164; x_wconf 75' lang='lat' dir='ltr'><strong>t</strong></span> <span class='ocrx_word' id='word_1_905' title='bbox 2688 5110 2841 5177; x_wconf 88' lang='lat' dir='ltr'><strong>Quod</strong></span> <span class='ocrx_word' id='word_1_906' title='bbox 2869 5110 3038 5167; x_wconf 67' lang='lat' dir='ltr'><strong>Judaei</strong></span> <span class='ocrx_word' id='word_1_907' title='bbox 3078 5113 3349 5184; x_wconf 86' lang='lat' dir='ltr'><strong>Stephano</strong></span> <span class='ocrx_word' id='word_1_908' title='bbox 3378 5130 3391 5166; x_wconf 92' lang='lat'><strong>:</strong></span> <span class='ocrx_word' id='word_1_909' title='bbox 3425 5114 3526 5167; x_wconf 89' lang='lat' dir='ltr'><strong>sib-</strong></span> 
     </span>
    </p>
   </div>
   <div class='ocr_carea' id='block_1_115' title="bbox 1952 5203 3503 5275">
    <p class='ocr_par' dir='ltr' id='par_1_115' title="bbox 1952 5203 3503 5275">
     <span class='ocr_line' id='line_1_115' title="bbox 1952 5203 3503 5275; baseline -0.002 -14"><span class='ocrx_word' id='word_1_910' title='bbox 1952 5220 2182 5275; x_wconf 72' lang='lat' dir='ltr'><strong>pmnam,</strong></span> <span class='ocrx_word' id='word_1_911' title='bbox 2206 5204 2281 5261; x_wconf 89' lang='lat' dir='ltr'><strong>illi</strong></span> <span class='ocrx_word' id='word_1_912' title='bbox 2306 5220 2577 5262; x_wconf 88' lang='lat' dir='ltr'><strong>coronam.</strong></span> <span class='ocrx_word' id='word_1_913' title='bbox 2606 5204 2891 5260; x_wconf 88' lang='lat' dir='ltr'><strong>Occisurus</strong></span> <span class='ocrx_word' id='word_1_914' title='bbox 2917 5215 3000 5260; x_wconf 89' lang='lat' dir='ltr'><strong>est</strong></span> <span class='ocrx_word' id='word_1_915' title='bbox 3030 5214 3083 5259; x_wconf 91' lang='lat' dir='ltr'><strong>te</strong></span> <span class='ocrx_word' id='word_1_916' title='bbox 3109 5203 3354 5260; x_wconf 86' lang='lat' dir='ltr'><strong>inimicus</strong></span> <span class='ocrx_word' id='word_1_917' title='bbox 3383 5214 3503 5259; x_wconf 88' lang='lat' dir='ltr'><strong>tuus</strong></span> 
     </span>
    </p>
   </div>
   <div class='ocr_carea' id='block_1_116' title="bbox 1951 5297 3531 5367">
    <p class='ocr_par' dir='ltr' id='par_1_116' title="bbox 1951 5297 3531 5367">
     <span class='ocr_line' id='line_1_116' title="bbox 1951 5297 3531 5367; baseline 0.002 -20"><span class='ocrx_word' id='word_1_918' title='bbox 1951 5298 2100 5366; x_wconf 90' lang='lat' dir='ltr'><strong>quasi</strong></span> <span class='ocrx_word' id='word_1_919' title='bbox 2127 5313 2231 5351; x_wconf 80' lang='lat' dir='ltr'><strong>non</strong></span> <span class='ocrx_word' id='word_1_920' title='bbox 2263 5298 2597 5361; x_wconf 89' lang='lat' dir='ltr'><strong>moriturum,</strong></span> <span class='ocrx_word' id='word_1_921' title='bbox 2644 5298 2794 5366; x_wconf 83' lang='lat' dir='ltr'><strong>quasi</strong></span> <span class='ocrx_word' id='word_1_922' title='bbox 2819 5310 3033 5367; x_wconf 88' lang='lat' dir='ltr'><strong>semper</strong></span> <span class='ocrx_word' id='word_1_923' title='bbox 3066 5297 3369 5351; x_wconf 80' lang='lat' dir='ltr'><strong>\icturum?</strong></span> <span class='ocrx_word' id='word_1_924' title='bbox 3422 5297 3531 5350; x_wconf 83' lang='lat' dir='ltr'><strong>Iloc</strong></span> 
     </span>
    </p>
   </div>
   <div class='ocr_carea' id='block_1_117' title="bbox 1957 5387 3530 5459">
    <p class='ocr_par' dir='ltr' id='par_1_117' title="bbox 1957 5387 3530 5459">
     <span class='ocr_line' id='line_1_117' title="bbox 1957 5387 3530 5459; baseline 0.004 -18"><span class='ocrx_word' id='word_1_925' title='bbox 1957 5389 2046 5442; x_wconf 88' lang='lat' dir='ltr'><strong>tibi</strong></span> <span class='ocrx_word' id='word_1_926' title='bbox 2091 5389 2320 5443; x_wconf 87' lang='lat' dir='ltr'><strong>facturus</strong></span> <span class='ocrx_word' id='word_1_927' title='bbox 2359 5396 2442 5443; x_wconf 87' lang='lat' dir='ltr'><strong>est</strong></span> <span class='ocrx_word' id='word_1_928' title='bbox 2483 5387 2749 5454; x_wconf 87' lang='lat' dir='ltr'><strong>inimicus,</strong></span> <span class='ocrx_word' id='word_1_929' title='bbox 2779 5388 2920 5459; x_wconf 89' lang='lat' dir='ltr'><strong>quod</strong></span> <span class='ocrx_word' id='word_1_930' title='bbox 2957 5388 3278 5459; x_wconf 86' lang='lat' dir='ltr'><strong>quandoque</strong></span> <span class='ocrx_word' id='word_1_931' title='bbox 3328 5388 3530 5447; x_wconf 77' lang='lat' dir='ltr'><strong>factura</strong></span> 
     </span>
    </p>
   </div>
   <div class='ocr_carea' id='block_1_118' title="bbox 1955 5480 3527 5543">
    <p class='ocr_par' dir='ltr' id='par_1_118' title="bbox 1955 5480 3527 5543">
     <span class='ocr_line' id='line_1_118' title="bbox 1955 5480 3527 5543; baseline 0.003 -8"><span class='ocrx_word' id='word_1_932' title='bbox 1955 5491 2070 5535; x_wconf 91' lang='lat' dir='ltr'><strong>erat</strong></span> <span class='ocrx_word' id='word_1_933' title='bbox 2096 5480 2254 5536; x_wconf 89' lang='lat' dir='ltr'><strong>febris</strong></span> <span class='ocrx_word' id='word_1_934' title='bbox 2278 5498 2291 5534; x_wconf 93' lang='lat'><strong>:</strong></span> <span class='ocrx_word' id='word_1_935' title='bbox 2314 5480 2357 5533; x_wconf 91' lang='lat' dir='ltr'><strong>si</strong></span> <span class='ocrx_word' id='word_1_936' title='bbox 2392 5488 2442 5535; x_wconf 89' lang='lat' dir='ltr'><strong>te</strong></span> <span class='ocrx_word' id='word_1_937' title='bbox 2469 5480 2739 5543; x_wconf 83' lang='lat' dir='ltr'><strong>occiderit,</strong></span> <span class='ocrx_word' id='word_1_938' title='bbox 2765 5480 2898 5535; x_wconf 85' lang='lat' dir='ltr'><strong>febri</strong></span> <span class='ocrx_word' id='word_1_939' title='bbox 2926 5490 3030 5536; x_wconf 68' lang='lat' dir='ltr'><strong>tua:</strong></span> <span class='ocrx_word' id='word_1_940' title='bbox 3051 5481 3240 5537; x_wconf 89' lang='lat' dir='ltr'><strong>similis</strong></span> <span class='ocrx_word' id='word_1_941' title='bbox 3258 5481 3379 5537; x_wconf 90' lang='lat' dir='ltr'><strong>erit.</strong></span> <span class='ocrx_word' id='word_1_942' title='bbox 3403 5482 3527 5539; x_wconf 83' lang='lat' dir='ltr'><strong>Tibi</strong></span> 
     </span>
    </p>
   </div>
   <div class='ocr_carea' id='block_1_119' title="bbox 1956 5572 3530 5644">
    <p class='ocr_par' dir='ltr' id='par_1_119' title="bbox 1956 5572 3530 5644">
     <span class='ocr_line' id='line_1_119' title="bbox 1956 5572 3530 5644; baseline 0.003 -17"><span class='ocrx_word' id='word_1_943' title='bbox 1956 5588 2082 5644; x_wconf 81' lang='lat' dir='ltr'><strong>ergo</strong></span> <span class='ocrx_word' id='word_1_944' title='bbox 2106 5572 2396 5627; x_wconf 89' lang='lat' dir='ltr'><strong>occidendo</strong></span> <span class='ocrx_word' id='word_1_945' title='bbox 2418 5581 2491 5640; x_wconf 92' lang='lat' dir='ltr'><strong>te,</strong></span> <span class='ocrx_word' id='word_1_946' title='bbox 2520 5574 2621 5627; x_wconf 89' lang='lat' dir='ltr'><strong>erit</strong></span> <span class='ocrx_word' id='word_1_947' title='bbox 2648 5574 2920 5629; x_wconf 87' lang='lat' dir='ltr'><strong>nociturus</strong></span> <span class='ocrx_word' id='word_1_948' title='bbox 2942 5573 2967 5624; x_wconf 68' lang='grc' dir='ltr'><em>ἲ</em></span> <span class='ocrx_word' id='word_1_949' title='bbox 3012 5574 3125 5629; x_wconf 85' lang='grc' dir='ltr'>Νοιι</span> <span class='ocrx_word' id='word_1_950' title='bbox 3152 5592 3167 5630; x_wconf 90' lang='lat'><strong>:</strong></span> <span class='ocrx_word' id='word_1_951' title='bbox 3209 5574 3318 5631; x_wconf 92' lang='lat' dir='ltr'><strong>imo</strong></span> <span class='ocrx_word' id='word_1_952' title='bbox 3348 5576 3459 5641; x_wconf 90' lang='lat' dir='ltr'><strong>tibi,</strong></span> <span class='ocrx_word' id='word_1_953' title='bbox 3484 5579 3530 5631; x_wconf 90' lang='lat' dir='ltr'><strong>si</strong></span> 
     </span>
    </p>
   </div>
   <div class='ocr_carea' id='block_1_120' title="bbox 1958 5663 3533 5733">
    <p class='ocr_par' dir='ltr' id='par_1_120' title="bbox 1958 5663 3533 5733">
     <span class='ocr_line' id='line_1_120' title="bbox 1958 5663 3533 5733; baseline 0.004 -16"><span class='ocrx_word' id='word_1_954' title='bbox 1958 5664 2092 5718; x_wconf 88' lang='lat' dir='ltr'><strong>bene</strong></span> <span class='ocrx_word' id='word_1_955' title='bbox 2134 5671 2373 5716; x_wconf 87' lang='lat' dir='ltr'><strong>mortuus</strong></span> <span class='ocrx_word' id='word_1_956' title='bbox 2400 5663 2561 5718; x_wconf 87' lang='lat' dir='ltr'><strong>fueris</strong></span> <span class='ocrx_word' id='word_1_957' title='bbox 2580 5705 2593 5723; x_wconf 91' lang='lat'><strong>.</strong></span> <span class='ocrx_word' id='word_1_958' title='bbox 2622 5679 2848 5733; x_wconf 89' lang='lat' dir='ltr'><strong>eumque</strong></span> <span class='ocrx_word' id='word_1_959' title='bbox 2874 5663 3145 5729; x_wconf 75' lang='lat' dir='ltr'><strong>dilexeris,</strong></span> <span class='ocrx_word' id='word_1_960' title='bbox 3194 5665 3260 5719; x_wconf 89' lang='lat' dir='ltr'><strong>ad</strong></span> <span class='ocrx_word' id='word_1_961' title='bbox 3309 5665 3533 5723; x_wconf 86' lang='lat' dir='ltr'><strong>caeleste</strong></span> 
     </span>
    </p>
   </div>
   <div class='ocr_carea' id='block_1_121' title="bbox 1960 5754 3534 5827">
    <p class='ocr_par' dir='ltr' id='par_1_121' title="bbox 1960 5754 3534 5827">
     <span class='ocr_line' id='line_1_121' title="bbox 1960 5754 3534 5827; baseline 0 -15"><span class='ocrx_word' id='word_1_962' title='bbox 1960 5756 2231 5827; x_wconf 52' lang='lat' dir='ltr'><strong>praemium</strong></span> <span class='ocrx_word' id='word_1_963' title='bbox 2280 5755 2476 5827; x_wconf 89' lang='lat' dir='ltr'><strong>aliquid</strong></span> <span class='ocrx_word' id='word_1_964' title='bbox 2505 5754 2796 5811; x_wconf 84' lang='lat' dir='ltr'><strong>additurus.</strong></span> <span class='ocrx_word' id='word_1_965' title='bbox 2834 5754 3016 5811; x_wconf 81' lang='lat' dir='ltr'><strong>Nescis</strong></span> <span class='ocrx_word' id='word_1_966' title='bbox 3042 5766 3292 5825; x_wconf 89' lang='lat' dir='ltr'><strong>quantum</strong></span> <span class='ocrx_word' id='word_1_967' title='bbox 3320 5760 3534 5827; x_wconf 61' lang='lat' dir='ltr'><strong>praestla</strong></span> 
     </span>
    </p>
   </div>
  </div>
