4108 6326
539 261 562 323 1
574 260 668 328 alii

482 412 488 425 .
536 377 700 433 Ieriut
749 375 831 434 isti
869 376 1186 448 lapidatores
1241 387 1425 433 sancto
1474 379 1780 450 Stephano?
1848 376 2109 448 Numquid

534 469 791 533 sciebant,
816 468 889 524 illi
913 485 1008 538 pro
1034 470 1271 526 bonitate
1311 472 1633 528 reddendam
1664 490 1784 531 esse
1832 490 2113 544 coronam,-

534 560 638 616 illis
670 576 765 630 pro
808 560 1007 617 malitia
1038 563 1359 619 reddendam
1390 581 1508 621 esse
1561 569 1812 637 ptenam?
1864 570 2111 626 Diabolus

530 660 724 720 quanta
745 653 1024 725 prmstitit?
1045 652 1241 728 omnes
1260 667 1520 728 martyres
1535 659 1648 728 ipse
1672 660 1824 715 nobis
1846 661 1986 716 fecit.
2005 661 2110 718 Sed

530 743 787 815 numquid
813 743 937 805 hinc
982 747 1152 802 iturus
1183 757 1265 804 est
1294 746 1408 819 (a)?
1445 750 1551 806 Sed
1577 751 1642 807 de
1667 751 1940 811 beneﬁciis
1968 755 2107 821 suis,

528 835 670 903 quod
701 836 945 905 nolebat,
996 839 1067 903 illi
1097 840 1440 909 imputabitur
1492 844 1633 912 quod
1672 844 1785 914 ipse
1827 846 2106 914 cupiebat,

529 942 635 990 non
664 928 805 999 quod
835 928 901 984 de
931 929 1023 989 illo
1054 932 1191 987 Deus
1218 930 1459 991 faciebat.
1512 934 1652 1005 Ergo
1701 936 1948 992 inimicus
1987 946 2109 992 tuus
2134 978 2139 983 ν

526 1019 848 1092 quicumque
903 1020 1061 1077 fuerit
1122 1038 1289 1093 usque
1335 1023 1401 1083 ad
1436 1032 1682 1093 mortem,
1731 1026 1862 1082 nihil
1892 1027 1985 1083 tibi
2013 1042 2107 1084 no-

523 1105 684 1193 ceblt.

538 1196 545 1203 ’
572 1198 821 1273 CAPUT
838 1202 1148 1266 ν11.-10.1
1152 1223 1212 1260 ra
1226 1206 1431 1271 inimica
1448 1221 1638 1272 nostra,
1657 1219 1897 1278 quantum
1910 1219 2103 1264 noceat.

525 1280 618 1351 Ira
648 1280 763 1349 abn'
789 1305 949 1365 potest
975 1297 1213 1364 interimi,
1254 1298 1344 1352 sed
1371 1300 1578 1371 reprimi
1633 1309 1812 1370 potest.
1863 1300 1943 1356 Ira
1986 1301 2107 1361 vide

525 1385 654 1455 quid
684 1397 893 1448 noceat.
937 1389 1182 1460 Agnosce
1210 1389 1475 1449 inimicam
1504 1400 1646 1446 tuam
1674 1409 1939 1464 :agnosce
1984 1409 2105 1450 cum

525 1491 628 1547 qua
653 1492 855 1549 pugnas
898 1479 949 1543 in
980 1480 1187 1536 theatro
1212 1483 1442 1551 pectoris
1485 1485 1582 1545 tui.
1610 1486 1905 1557 Augustum
1956 1489 2106 1543 thea-

526 1578 705 1636 trum;
760 1572 855 1627 sed
900 1572 1040 1637 Deus
1068 1584 1312 1644 spectat:
1341 1576 1412 1631 ibi
1435 1577 1590 1638 doma
1631 1579 1896 1639 inimicam
1937 1593 2100 1636 tuam.

523 1659 616 1725 Vis
640 1662 821 1719 videre
849 1680 1005 1736 quam
1032 1668 1101 1721 sit
1121 1668 1220 1729 ista
1246 1684 1371 1725 vera
1390 1677 1475 1733 tua
1494 1670 1741 1730 inimica?
1762 1672 1915 1727 Modo
1931 1682 2106 1731 osten-

519 1753 611 1816 do.
635 1754 893 1812 Oraturus
929 1772 1002 1817 es
1020 1758 1187 1814 Deum
1226 1778 1240 1815 :
1272 1771 1493 1820 ventura
1540 1770 1626 1819 est
1668 1764 1797 1820 hora
1829 1775 1886 1820 ut
1932 1768 2101 1836 dicas,

520 1844 683 1911 Pater
729 1860 916 1913 noster,
948 1852 1035 1922 qui
1082 1868 1134 1907 es
1161 1853 1214 1909 in
1266 1855 1423 1909 cretis.
1474 1855 1737 1913 Venturus
1770 1874 1829 1914 es
1859 1859 1925 1914 ad
1954 1860 2099 1915 illum

519 1952 758 2005 versum,
787 1938 998 2007 Dimitte
1040 1942 1183 1997 nobis
1222 1945 1388 1999 debita
1424 1958 1625 2008 nostra.
1643 1948 1780 2017 Quid
1820 1953 2102 2021 sequitur?

518 2028 668 2083 Sicut
692 2039 740 2083 et
774 2047 864 2084 nos
884 2032 1179 2089 dimittimus
1206 2035 1507 2092 debitoribus
1554 2041 1736 2094 nostris
1773 2041 1988 2111 (Matth.
2022 2060 2096 2113 vt,

518 2119 577 2187 9,
609 2119 717 2194 12).
750 2121 823 2177 lbi
851 2123 937 2179 illa
977 2125 1186 2187 inimica
1207 2137 1310 2183 stat
1334 2139 1517 2185 contra
1547 2140 1618 2187 te.
1649 2133 1797 2203 Sepit
1817 2138 1952 2192 viam
1980 2152 2103 2193 ora-

516 2211 678 2277 tionis
724 2219 866 2269 tute:
898 2232 1107 2272 murum
1140 2219 1313 2291 erigit,
1356 2230 1412 2276 et
1441 2238 1544 2278 non
1579 2234 1661 2280 est
1700 2241 1802 2297 qua
1836 2238 2111 2286 transeas.~

516 2303 665 2371 Bene
696 2314 861 2363 totum
905 2308 1085 2371 dixisti
1115 2329 1127 2366 :
1157 2311 1315 2368 Pater
1350 2326 1536 2372 noster.
1574 2318 1819 2376 Cucurrit
1846 2338 1860 2375 :
1892 2322 2111 2378 Dimitte

516 2396 660 2458 nobis
680 2397 843 2452 debita
863 2410 1054 2466 nostra.
1083 2403 1149 2457 Et
1176 2404 1301 2473 quid
1325 2416 1505 2474 postea
1527 2408 1551 2462 ?
1577 2408 1725 2465 Sicut
1750 2421 1797 2465 et
1823 2429 1915 2467 nos
1936 2414 2100 2469 dimit-

515 2483 667 2565 timus
694 2486 998 2545 debitoribus
1022 2493 1225 2547 nostris.
1255 2494 1333 2549 En
1361 2495 1472 2565 ipsa
1497 2498 1799 2555 adversaria
1825 2505 2098 2559 contradi-

514 2564 620 2643 cit;
652 2591 753 2633 nec
801 2587 925 2642 ante
968 2581 1167 2648 velum,
1208 2585 1302 2640 Sed
1349 2564 1489 2643 intus
1514 2605 1527 2641 :
1553 2589 1604 2643 in
1649 2590 1766 2660 ipso
1808 2596 2098 2649 secretario

514 2666 692 2730 cordis
721 2670 816 2739 tui,
846 2671 918 2734 ibi
941 2673 1032 2729 tibi
1058 2675 1272 2745 clamat,
1296 2681 1629 2751 contradicit.
1650 2683 1833 2751 Qualis
1860 2688 2093 2757 inimica,

515 2757 729 2827 fratres,
753 2778 871 2834 qua:
891 2769 1253 2826 contradicit?
1278 2771 1427 2827 Sicut
1450 2784 1498 2829 et
1524 2792 1615 2831 nos
1637 2777 1954 2835 dimittimus.
1976 2781 2094 2838 Non

512 2852 840 2920 permittitur
860 2865 915 2911 ut
940 2860 1129 2916 saevias
1148 2873 1335 2920 contra
1356 2866 1635 2925 inimicum
1652 2879 1793 2933 tuum
1820 2891 1834 2926 :
1866 2874 1917 2927 in
1942 2875 2095 2930 istam

514 2943 723 3000 ﬂuvias.
749 2944 935 3013 Melior
954 2959 1028 3004 est
1055 2952 1140 3022 qui
1164 2954 1315 3009 vincit
1340 2957 1490 3025 irant,
1522 2977 1672 3030 quam
1698 2964 1785 3033 qui
1813 2966 1950 3035 capit
1974 2968 2097 3020 civi-

515 3040 686 3099 tatem,
719 3034 992 3107 Scriptura
1040 3041 1170 3097 dicit
1223 3045 1407 3109 (Prov.
1453 3064 1562 3116 xvr,
1621 3050 1732 3123 52).
1782 3034 1934 3121 Quod
1982 3055 2097 3112 dixi

512 3123 696 3191 modo,
728 3128 983 3199 scriptum
1012 3141 1093 3187 est
1123 3151 1137 3186 :
1170 3133 1356 3199 Melior
1380 3146 1453 3192 est
1472 3135 1561 3209 qui
1582 3140 1731 3195 vincit
1752 3143 1914 3211 iram,
1944 3164 2095 3217 quam

511 3216 601 3284 qui
632 3219 766 3289 capit
814 3220 1079 3280 civitatem.
1110 3223 1378 3297 Numquid
1413 3245 1519 3285 non
1561 3232 1782 3289 bellator
1806 3216 2097 3307 imperator

513 3309 725 3386 quando
754 3312 895 3374 venit
922 3314 988 3369 ad
1015 3315 1223 3387 aliquos
1262 3317 1462 3386 hostes,
1493 3331 1547 3377 et
1589 3324 1790 3381 invenit
1824 3328 2092 3385 civitatem

509 3399 790 3466 munitam,
813 3405 1031 3459 armatis
1061 3406 1393 3477 instructam,
1424 3413 1699 3483 optimam,
1722 3417 2092 3475 adversantem

509 3488 635 3559 sibi,
660 3491 706 3547 si
731 3492 871 3549 illam
898 3498 1120 3566 ceperit,
1155 3500 1199 3554 si
1230 3499 1372 3556 illam
1393 3504 1598 3571 vicerit,
1628 3508 1672 3561 si
1704 3507 1848 3564 illam
1887 3521 2095 3567 everte-

507 3580 601 3651 rit,
635 3584 932 3655 triumphos
958 3591 1189 3659 quaerit?
1217 3592 1366 3650 Sicut
1383 3605 1559 3651 autem
1586 3610 1766 3654 narrat
1796 3601 2088 3673 Scriptura,

508 3670 699 3728 Melior
726 3685 799 3737 est
824 3680 911 3745 qui
938 3680 1090 3735 uincit
1110 3682 1259 3749 iram,
1289 3702 1440 3755 quam
1468 3689 1553 3759 qui
1571 3692 1705 3761 capit
1729 3670 1998 3749 civitatem.
2029 3670 2088 3751 In

507 3776 669 3827 manu
721 3774 807 3821 tua
859 3776 959 3822 est.
1000 3769 1115 3825 Non
1161 3784 1313 3843 potes
1366 3776 1512 3832 illam
1557 3780 1882 3851 interimere,
1938 3791 2102 3856 potes‘

510 3855 655 3911 illam
688 3859 1001 3928 reprimere.
1050 3861 1104 3918 Si
1130 3862 1285 3921 fortis
1321 3882 1401 3933 es,
1426 3870 1557 3924 iram
1586 3872 1737 3927 vince
1770 3891 1781 3926 :
1813 3885 1866 3929 et
1890 3855 2089 3931 civitati

507 3962 689 4018 parce.
721 3949 885 4007 Video
910 3967 1004 4009 vos
1031 3965 1282 4025 attentos,
1311 3961 1422 4016 scio
1442 3977 1599 4032 quam
1628 3964 1763 4022 bene
1788 3970 2086 4039 accepistis.

418 4048 421 4053 '
507 4039 650 4107 Deus
678 4042 817 4099 adsit
848 4049 1228 4106 certaminibus
1254 4054 1464 4119 vestris,
1495 4066 1552 4111 ut
1581 4060 1750 4127 prosit
1777 4063 1926 4117 vobis
1945 4064 2087 4134 quod

505 4131 642 4193 tanti
666 4132 913 4205 Martyris
939 4152 1161 4208 agonem
1195 4146 1512 4212 spectastis;
1561 4158 1617 4202 ut
1646 4152 1915 4219 quomodo
1962 4131 2085 4208 vin.

505 4230 715 4276 eentem
746 4224 953 4281 vidistis
978 4235 1031 4284 et
1048 4230 1281 4290 vincenti
1307 4232 1530 4304 favistis,
1555 4239 1632 4294 sic
1660 4250 1712 4294 et
1730 4258 1823 4297 vos
1849 4243 1900 4303 in
1922 4245 2084 4300 corde

504 4321 686 4373 vestro
714 4314 954 4378 vincatis.

951 4451 1181 4510 SERMO
1218 4454 1462 4513 cccxv:
1494 4463 1512 4483 α
1542 4460 1637 4531 (b).

812 4567 861 4615 ln
883 4562 1191 4616 solemnitate
1211 4568 1435 4636 Stephani
1453 4575 1687 4636 martyris,
1709 4590 1772 4634 ru,

573 4682 799 4744 CAPUT
836 4686 1120 4751 PRIMUM.
1156 4692 1304 4746 -1.
1344 4693 1634 4763 Stephanus
1670 4700 1800 4753 inter
1841 4700 2081 4757 diaconos

497 4776 713 4843 primus.
760 4775 1004 4851 Prodigia
1044 4798 1077 4835 a
1120 4780 1381 4871 διεμφαηο
1427 4785 1592 4855 facta,
1641 4789 1731 4842 sed
1770 4808 1859 4860 per
1901 4809 2083 4849 nomen

502 4864 709 4931 Christi.
741 4868 1082 4928 Beatissimus
1111 4864 1242 4929 etin
1268 4874 1482 4931 Christo
1504 4878 1915 4948 gloriosissimus
1940 4901 2082 4941 mar-

501 4969 586 5030 tyr
622 4960 921 5030 Stephanus
955 4964 1064 5033 jam
1105 4982 1353 5023 sermone
1390 4984 1490 5024 suo
1525 4972 1782 5041 saginavit
1818 4992 1952 5033 nos:
1984 4981 2079 5036 sed

501 5057 620 5120 post
656 5050 800 5106 illam
837 5054 1073 5124 saginam
1108 5072 1317 5127 appono
1346 5060 1494 5117 vobis
1537 5062 1604 5118 de
1638 5078 1884 5124 sermone
1926 5072 2081 5127 mini-

497 5142 645 5197 sterii
685 5143 790 5200 mei
826 5146 977 5216 quasi
1006 5149 1292 5206 secundam
1324 5169 1583 5210 mensam.
1616 5158 1683 5212 Et
1706 5162 1831 5229 quid
1870 5163 2076 5223 dulcius

497 5230 711 5289 invenio
746 5235 889 5305 quod
917 5236 967 5293 in
997 5253 1060 5295 ea
1083 5255 1298 5311 ponam,
1326 5258 1483 5315 quam
1509 5247 1775 5306 Christum
1803 5262 1858 5309 et
1878 5254 2075 5329 Marty-

496 5336 611 5378 rem
638 5322 849 5395 ipsum?
871 5325 963 5383 ille
981 5330 1125 5385 enim
1154 5332 1427 5402 Dominus,
1458 5339 1556 5395 iste
1585 5355 1771 5401 servus
1796 5363 1808 5398 :
1840 5347 1934 5402 sed
1954 5322 2075 5406 Ste-

493 5412 707 5484 plutius
725 5416 795 5475 de
812 5434 968 5477 servo
992 5422 1211 5479 amicus.
1240 5424 1349 5482 Nos
1367 5437 1545 5487 autem
1568 5433 1682 5491 sine
1707 5436 1866 5494 dubio
1894 5442 2031 5497 servi
2059 5460 2070 5497 :

561 5546 959 5620 jumendatns‘in
982 5566 1057 5617 gr.
1083 5568 1157 5620 pr.
1191 5570 1233 5608 r.
1260 5567 1311 5612 et
1336 5562 1381 5612 in
1429 5569 1536 5618 Lov.

555 5606 634 5734 iii

1766 265 1821 323 S.
1863 262 2222 321 AUGUSTINI
2266 267 2563 330 EPISCOPI

3669 296 3809 351 1532

2223 377 2312 438 ille
2343 395 2556 453 prmstet
2588 397 2642 443 ut
2667 390 2830 447 simus
2855 402 2908 449 et
2946 397 3121 451 amici.
3170 399 3368 456 Tamen
3408 404 3596 472 quales
3617 410 3805 463 servi?

2221 473 2375 529 Tales
2403 478 2489 546 qui
2520 482 2783 548 possimus
2813 484 2956 539 salva
2986 492 3326 547 conscientia:
3352 493 3532 551 fronte
3560 509 3801 564 cantare,

2222 563 2353 617 Mihi
2394 570 2561 621 autem
2612 573 2756 626 valde
2796 575 3117 644 honoriﬁcati
3156 592 3272 637 sunt
3318 586 3471 640 amici
3509 588 3612 655 tui,
3664 563 3807 646 Deus

2220 655 2238 724 (
2258 654 2401 712 Psal.
2435 675 2705 729 cxxxvrn,
2739 666 2853 736 l7).
2884 669 3183 741 Antequam
3210 676 3547 734 occideretur
3585 654 3808 738 Sanctus

2217 747 2521 820 Stephanus
2566 756 2617 809 in
2647 769 2853 827 aperto,
2882 770 2937 816 et
2978 763 3028 817 in
3056 766 3265 822 occulto
3302 781 3671 834 coronaretur.
3700 790 3805 829 au-

2216 841 2368 898 distis
2408 847 2579 915 qualis
2606 848 2764 906 fuerit
2801 853 3002 911 electus
3029 857 3098 911 ab
3124 860 3412 929 Apostolis.
3444 864 3589 920 Inter
3615 867 3805 923 diaeoo

2216 949 2314 990 nos
2338 937 2455 993 illos
2484 943 2786 1003 nominatur
2809 946 3032 1015 primus,
3063 950 3199 1006 sicut
3226 952 3364 1008 inter
3384 956 3671 1026 Apostolos
3702 958 3805 1013 Pe-

2216 1035 2347 1082 trus.
2376 1029 2516 1100 Ergo
2543 1047 2663 1087 cum
2690 1045 2831 1090 esset
2854 1038 2922 1093 ab
2943 1041 3210 1109 Apostolis
3237 1044 3535 1112 ordinatus,
3566 1048 3800 1104 inhrevi

2213 1120 2279 1175 ad
2323 1125 2622 1191 passionem
2651 1132 2926 1197 praecessit
2962 1134 3296 1192 erdinatores
3323 1155 3448 1195 suos
3473 1159 3487 1196 :
3517 1141 3585 1196 ab
3612 1143 3691 1198 eis
3715 1151 3804 1198 ωι

2212 1211 2512 1281 ordinatus,
2546 1217 2641 1272 sed
2686 1221 2831 1288 prior
2856 1230 2938 1278 est
2966 1236 3272 1282 coronatus.
3303 1229 3439 1299 Quid
3475 1247 3605 1302 ergo
3640 1234 3802 1288 audi.

2211 1302 2341 1370 stis,
2388 1320 2512 1360 cum
2558 1307 2673 1377 ejus
2720 1313 2898 1380 passio
2942 1314 3243 1386 legeretur?
3293 1320 3588 1391 Stephanus
3631 1333 3803 1378 autem

2211 1392 2390 1462 plenus
2424 1398 2589 1465 gratia
2617 1409 2664 1455 et
2699 1401 2898 1471 Spiritu
2921 1416 3116 1472 sancto,
3146 1410 3363 1479 faciebat
3390 1414 3623 1485 prodigia
3647 1425 3697 1469 et
3719 1417 3801 1469 si-

2207 1500 2309 1555 gna
2344 1502 2528 1558 magna
2566 1490 2618 1545 in
2648 1490 2821 1560 plebe,
2854 1512 2945 1565 per
2983 1514 3162 1555 nomen
3202 1499 3411 1556 Domini
3447 1503 3572 1559 Jesu
3607 1504 3801 1560 Christi

2210 1573 2349 1644 (Act.
2381 1592 2463 1643 v1,
2492 1579 2570 1648 8).
2602 1580 2884 1653 intelligite
2912 1587 3066 1656 quis,
3105 1604 3202 1659 per
3241 1591 3392 1661 cujus
3436 1609 3651 1650 nomen.
3693 1597 3797 1665 Qui

2208 1669 2377 1723 nostis
2404 1684 2582 1728 amare
2601 1671 2951 1745 Stephanum,
2977 1678 3030 1734 in
3057 1679 3268 1737 Christo
3286 1694 3483 1741 amate.
3512 1687 3625 1744 lloe
3647 1690 3797 1743 enim

2207 1756 2339 1822 vult,
2371 1758 2475 1815 hoc
2499 1761 2573 1816 illi
2594 1776 2801 1833 gratum
2825 1778 2944 1823 est:
2978 1768 3102 1827 inde
3127 1773 3353 1841 gaudet,
3386 1774 3488 1831 hoc
3512 1788 3797 1846 acceptum

2206 1845 2385 1908 habet.
2416 1850 2529 1906 Non
2557 1855 2698 1909 enim
2725 1872 2918 1914 nomen
2949 1874 3105 1916 suum
3134 1864 3302 1919 voluit
3323 1866 3525 1935 jactare
3550 1845 3691 1939 apud
3717 1872 3799 1925 ia-

2205 1941 2476 2011 pidatores
2501 1960 2646 2002 suos.
2690 1949 2961 2007 Attendite
2993 1969 3151 2023 quem
3181 1957 3551 2022 conﬁtebatur.
3580 1963 3799 2032 quando

2206 2032 2566 2104 lapidabatur;
2596 2054 2755 2108 quem
2781 2042 3134 2100 conﬁtebatur
3170 2047 3221 2101 in
3254 2056 3429 2118 terra,
3456 2066 3612 2121 quem
3640 2054 3797 2109 vide-

2204 2122 2294 2185 bat
2332 2124 2385 2189 in
2424 2125 2597 2194 cmlo;
2643 2144 2739 2199 pro
2779 2146 2887 2199 quo
2930 2134 3171 2195 tradebat
3211 2153 3427 2195 carnem
3474 2158 3662 2207 suam,
3703 2144 3796 2199 cui

2202 2215 2607 2272 commendabat
2630 2220 2862 2276 animam
2888 2238 3058 2279 suam.
3088 2225 3357 2299 Numquid
3374 2232 3515 2286 enim
3539 2232 3790 2304 legimus.

2202 2316 2293 2361 aut
2314 2308 2369 2362 in
2398 2309 2637 2366 doctrina
2669 2328 2796 2369 sana
2817 2316 3010 2371 alicubi
3032 2318 3210 2388 legere
3238 2337 3541 2391 possumus,
3571 2326 3694 2395 quia
3722 2326 3795 2380 fa-

2201 2399 2375 2455 ciebat
2416 2410 2507 2457 aut
2552 2402 2674 2459 facit
2713 2405 2863 2476 signa
2911 2407 3066 2465 Jesus
3113 2427 3209 2479 per
3245 2428 3439 2469 nomen
3491 2416 3795 2487 Stephani?

2202 2488 2351 2545 Fecit
2377 2490 2711 2562 Stephanus;
2730 2496 2823 2552 sed
2852 2513 2947 2566 per
2973 2516 3166 2557 nomen
3194 2502 3410 2559 Christi.
3446 2507 3555 2562 lloc
3588 2508 3712 2563 facit
3733 2518 3796 2566 et

2200 2582 2402 2638 modo:
2435 2584 2689 2656 quidquid
2724 2588 2914 2646 videtis
2950 2593 3076 2663 quia
3106 2594 3166 2648 lit
3203 2610 3300 2665 per
3325 2601 3632 2655 memoriam
3661 2600 3791 2657 Ste-

2200 2673 2358 2744 phani
2378 2718 2393 2742 ,
2427 2677 2479 2731 in
2507 2680 2721 2735 nomine
2740 2679 2935 2739 Chrisu
2966 2684 3063 2750 ﬁt;
3093 2694 3152 2741 ut
3174 2687 3418 2744 Christus
3438 2694 3789 2749 commende-

2202 2774 2304 2833 tur,
2334 2767 2577 2833 Christus
2601 2772 2871 2841 adoretur,
2900 2775 3144 2832 Christus
3168 2784 3685 2852 exspecteturjudex
3707 2787 3791 2840 vi-

2199 2875 2387 2915 verum
2411 2871 2465 2917 et
2491 2872 2851 2933 mortuorum,
2894 2876 2949 2923 et
2974 2870 3040 2925 ab
3065 2871 3143 2925 eis
3167 2872 3259 2941 qui
3287 2873 3435 2927 illum
3465 2875 3697 2945 diligunt
3712 2877 3785 2932 ad

2199 2950 2473 3008 dexteram
2515 2962 2702 3009 stetur.
2745 2956 2966 3024 Quando
3005 2960 3148 3017 enim
3185 2963 3419 3029 venerit,
3461 2966 3676 3020 stabunt
3713 2967 3783 3022 ad

2199 3041 2499 3115 dexteram,
2522 3047 2744 3121 stabunt
2758 3048 2823 3103 ad
2846 3050 3149 3105 sinistram:
3181 3052 3352 3122 beati,
3382 3056 3471 3126 qui
3496 3056 3564 3111 ad
3590 3058 3782 3113 dexte-

2199 3146 2346 3199 ram;
2378 3135 2580 3203 miseri,
2611 3138 2698 3206 qui
2721 3137 2785 3192 ad
2812 3138 3103 3196 sinistram.

2269 3223 2495 3281 CAPUT
2533 3227 2598 3282 Il.
2624 3258 2696 3268 ——
2719 3228 2772 3283 2.
2803 3229 2935 3285 Duri
2956 3232 2988 3285 .1
2997 3234 3126 3287 udtei
3151 3235 3204 3288 in
3232 3237 3567 3305 Stephanum.
3595 3237 3782 3295 Imite-

2200 3321 2285 3368 tur
2330 3323 2506 3371 tamen
2550 3317 2833 3374 Dominum
2875 3337 3029 3377 suum
3069 3324 3409 3382 beatissimus
3453 3329 3776 3398 Stephanus.

2199 3404 2332 3462 Miro
2356 3407 2516 3463 modo
2542 3408 2679 3465 inter
2707 3411 2910 3481 lapides
2937 3414 3232 3483 patiebatur
3253 3418 3415 3474 duros
3434 3460 3449 3485 ,
3480 3422 3777 3488 mittentes,

2197 3496 2343 3566 quid,
2376 3498 2478 3555 nisi
2502 3500 2644 3569 quod
2673 3503 2862 3557 erant?
2888 3503 2958 3559 Ut
2984 3505 3162 3561 sciatis
3187 3507 3309 3578 quia
3337 3509 3501 3565 duros
3533 3512 3781 3580 patieba‘

2198 3595 2313 3653 tur;
2362 3589 2465 3644 hoc
2505 3590 2610 3647 illis
2648 3592 2815 3649 dixit:
2845 3594 2990 3650 Dura
3028 3600 3241 3666 cervice,
3273 3611 3321 3654 et
3351 3618 3451 3655 non
3496 3604 3783 3660 circumcisi

2198 3683 2347 3740 corde
2371 3691 2414 3735 et
2445 3683 2649 3738 auribus
2669 3726 2682 3749 ,
2711 3701 2796 3740 vos
2822 3704 3015 3757 semper
3043 3690 3263 3760 Spiritui
3300 3706 3474 3749 sancto
3503 3699 3773 3754 restitistis.

2197 3772 2326 3830 Mori
2358 3774 2465 3838 vis,
2495 3775 2714 3830 festinas
2741 3777 2960 3847 lapidari
2982 3821 2997 3843 ,
3039 3780 3195 3836 ardes
3223 3787 3488 3839 coronari.
3529 3787 3625 3842 Vos
3646 3800 3779 3844 sem.

2197 3881 2284 3933 per
2318 3865 2534 3936 Spiritui
2560 3877 2733 3922 sancto
2766 3872 3033 3925 restitistis.
3062 3873 3206 3928 Talia
3242 3890 3363 3931 cum
3408 3879 3634 3943 diceret,
3669 3880 3774 3938 fre-

2195 3957 2412 4011 mebant
2440 3957 2548 4022 illi,
2589 3966 2644 4014 et
2670 3959 2964 4016 stridebant
2990 3962 3240 4021 dentibus
3276 3968 3405 4022 suis.
3439 3968 3620 4035 Adde,
3649 3970 3772 4026 Ste-

2194 4048 2399 4117 pbane,
2442 4051 2578 4106 adde
2603 4053 2745 4122 quod
2774 4069 2880 4108 non
2919 4054 3126 4123 ferant,
3159 4058 3295 4114 adde
3322 4061 3463 4130 quod
3507 4064 3775 4120 sustinere

2193 4155 2297 4193 non
2324 4142 2566 4211 possint:
2596 4144 2734 4199 adde
2770 4144 2908 4199 unde
2935 4154 2985 4201 te
3009 4149 3213 4218 possint
3238 4150 3506 4220 lapidare,
3536 4163 3592 4207 ut
3626 4154 3773 4211 inve-

2192 4232 2398 4286 niamus
2421 4232 2561 4301 quod
2580 4234 2870 4291 celebrare.
2894 4237 3074 4305 Aperti
3095 4250 3218 4294 sunt
3236 4240 3355 4296 cteli
3380 4259 3393 4294 :
3422 4242 3552 4298 vidit
3576 4244 3773 4315 Μαι-ιμ’

2180 4333 2479 4394 martyrum
2508 4335 2699 4394 caput;
2728 4327 2859 4381 vidit
2894 4328 3075 4383 Jesum
3119 4340 3345 4386 stantem
3388 4332 3456 4387 ad
3496 4335 3770 4390 dexteram

2190 4413 2360 4469 Patris
2385 4432 2397 4469 :
2428 4416 2579 4482 vidit,
2606 4426 2661 4472 ut
2688 4434 2791 4472 non
2822 4428 3022 4476 taceret
3051 4424 3089 4475 ¹.
3119 4422 3235 4477 Νοη
3266 4425 3340 4478 illi
3370 4425 3646 4492 videbant,
3676 4429 3777 4483 sed

2191 4504 2527 4571 invidebant;
2557 4518 2611 4562 et
2638 4508 2757 4563 idco
2797 4526 2901 4563 non
2943 4512 3226 4581 videbant,
3276 4517 3399 4584 quia
3439 4516 3768 4573 invidebant.

2187 4596 2300 4650 Non
2332 4599 2490 4652 tacuit
2514 4599 2601 4653 ille
2623 4600 2763 4669 quod
2792 4602 2941 4666 vidit,
2967 4615 3019 4657 ut
3045 4606 3345 4673 perveniret
3369 4607 3435 4661 ad
3464 4623 3585 4662 eum
3607 4625 3769 4678 quem

2187 4687 2334 4741 vidit.
2366 4687 2515 4754 Ecce,
2545 4689 2731 4758 inquit,
2758 4691 2898 4746 uideo
2924 4692 3073 4747 catos
3096 4704 3294 4764 apertos
3314 4738 3328 4763 ,
3360 4707 3409 4751 et
3450 4696 3644 4751 Filium
3672 4701 3771 4753 ho-

2188 4778 2335 4833 minis
2360 4788 2577 4835 stantem
2602 4781 2670 4833 ad
2694 4782 2947 4836 dexteram
2973 4786 3269 4854 majestatis.
3295 4786 3371 4842 Illi
3394 4789 3772 4844 continuerunt

2186 4887 2343 4927 aures
2385 4887 2543 4939 suas,
2586 4874 2734 4943 quasi
2781 4885 2965 4929 contra
3008 4876 3415 4948 blasphemiam.
3464 4882 3769 4951 Ag-noscitis

2188 4963 2306 5017 illos
2330 4964 2383 5017 in
2413 4963 2660 5017 Psalmo:
2695 4964 2841 5019 Sicut
2868 4967 3060 5037 aspidis
3079 5009 3093 5033 ,
3123 4969 3319 5039 inquit,
3357 4971 3529 5025 surdas
3549 4981 3597 5025 et
3623 4972 3770 5025 obtu-

2186 5054 2343 5108 rantis
2361 5070 2506 5107 aures
2521 5070 2659 5120 suas,
2679 5070 2738 5108 ne
2752 5056 2927 5109 audiat
2950 5074 3116 5111 vocem
3141 5060 3462 5126 incantantis,
3477 5071 3525 5115 et
3548 5063 3771 5115 medica-

2186 5154 2404 5196 mentum
2428 5143 2727 5197 medicatum
2751 5162 2783 5197 a
2808 5148 3031 5215 sapiente
3058 5149 3076 5215 (
3100 5147 3244 5202 Psal.
3275 5156 3400 5216 Lvtt,
3433 5151 3486 5216 5.
3509 5152 3585 5221 6).
3616 5152 3769 5208 Sicut

2186 5234 2328 5287 enim
2357 5232 2606 5291 dicuntur
2636 5235 2848 5304 aspides
2867 5278 2881 5303 ,
2924 5238 3136 5307 quando
3180 5240 3540 5307 inmutantur,
3567 5252 3629 5298 ut
3658 5259 3767 5299 non

2186 5333 2532 5395 prorumpant
2577 5336 2629 5382 et
2672 5336 2862 5382 exeant
2904 5328 2974 5384 de
3021 5332 3267 5387 cavernis
3310 5334 3458 5400 suis,
3516 5350 3767 5405 premere

2187 5431 2343 5469 unam
2373 5431 2553 5471 aurem
2579 5416 2645 5470 ad
2677 5427 2892 5483 terram,
2923 5419 3068 5474 etde
3092 5421 3257 5476 cauda
3284 5424 3388 5481 sibi
3411 5425 3634 5480 alteram
3664 5428 3766 5482 oh-

2186 5512 2382 5568 turare,
2409 5514 2463 5559 et
2491 5515 2665 5560 tamen
2693 5507 2991 5564 incantator
3015 5511 3256 5580 producit
3293 5514 3447 5571 illas:
3479 5516 3557 5571 sic
3592 5528 3647 5571 et
3672 5518 3762 5573 isti

2187 5594 2357 5654 adhuc
2386 5596 2439 5650 in
2464 5598 2704 5653 cavernis
2724 5599 2834 5655 suis
2859 5600 3169 5669 stridebant,
3194 5606 3405 5677 quando
3433 5608 3484 5664 in
3508 5609 3618 5665 suis
3638 5624 3760 5665 eor-

2249 5710 3339 5787 tuas.sr.etpr.,otdit,tacerempotuu.
