4108 6326
294 266 299 269 ’
362 286 497 347 uss

351 390 509 465 'dibus
546 407 856 464 :estnabant.
892 407 1134 464 Nondum
1164 405 1611 477 prorumpebant:
1648 401 1924 456 obturaveo

357 514 481 556 runt
519 515 675 557 aures
722 516 865 556 suas.
910 501 1027 556 Jam
1077 507 1457 569 prorumpunt,
1512 502 1800 565 appareant
1841 492 1928 561 qui

336 586 499 646 'sint:
531 592 597 645 ad
629 592 827 660 lapides
859 600 1091 645 currant.
1131 589 1512 653 Cucurrerunt,
1544 586 1925 656 lapidaverunt.

426 680 650 741 CAPUT
689 681 776 736 ΙΙΙ.
817 711 892 721 —
938 682 990 736 5.
1040 680 1311 741 Dominum
1360 679 1648 749 Stephanus
1714 676 1930 731 moriens

356 774 603 838 imitatur,
634 772 1028 831 commendando
1056 772 1289 841 spiritum
1334 786 1482 824 suum
1519 780 1568 823 et
1608 766 1800 822 orando
1840 783 1931 836 pro

354 864 753 935 interfectoribus
792 864 918 919 suis.
950 862 1086 931 Quid
1112 860 1445 931 Stephanus?
1475 858 1639 930 quid?
1666 858 1932 914 Attendite

356 954 502 1025 prius
525 954 697 1020 illum,
724 968 882 1023 quem
918 954 1089 1010 bonus
1107 953 1307 1007 amicus
1328 952 1649 1005 imitabatur.
1680 948 1931 1003 Dominus

352 1045 511 1100 Jesus
536 1044 796 1111 Christus,
826 1059 946 1098 cum
975 1042 1229 1114 penderet
1257 1042 1309 1098 in
1334 1057 1492 1097 cruce
1512 1082 1527 1107 ,
1554 1041 1684 1094 dixit
1708 1058 1720 1093 :
1752 1038 1928 1105 Pater,

352 1135 406 1188 in
419 1152 595 1189 manus
609 1144 719 1188 tuas
733 1136 1024 1188 commendo
1036 1135 1268 1205 spiritum
1280 1149 1458 1187 meum.
1476 1133 1586 1186 lloc
1600 1132 1735 1190 sicut
1749 1131 1929 1196 homo,

353 1226 489 1280 sicut
515 1225 831 1293 cruciﬁxus,
876 1225 1018 1281 sicut
1043 1236 1197 1279 natus
1235 1241 1301 1279 ex
1332 1224 1525 1279 femina
1548 1266 1562 1289 ,
1593 1223 1729 1278 sicut
1770 1238 1931 1278 carne

353 1316 597 1386 indutus;
629 1316 766 1372 sicut
792 1333 887 1386 pro
918 1316 1070 1372 nobis
1100 1316 1417 1383 moriturus,
1444 1316 1580 1370 sicut
1601 1316 1653 1370 in
1683 1316 1929 1385 sepulcro

353 1410 579 1477 futurus,
608 1411 744 1464 sicut
774 1410 928 1463 tertio
956 1410 1042 1464 die
1067 1418 1484 1473 resurrecturus,
1515 1409 1654 1463 sicut
1675 1408 1726 1461 in
1757 1408 1925 1463 caelos

351 1517 691 1569 ascensurus.
721 1502 908 1558 Omnia
929 1502 1072 1565 enim
1104 1502 1203 1556 ista
1235 1501 1287 1555 in
1308 1500 1545 1567 homine.
1572 1501 1741 1557 llomo
1762 1515 1889 1569 ergo
1914 1518 1927 1554 :

353 1592 529 1661 Pater,
558 1595 612 1648 in
654 1610 836 1651 manus
879 1602 991 1647 tuas
1028 1592 1321 1651 commendo
1360 1592 1591 1663 spiritum
1623 1607 1806 1647 meum.
1838 1590 1932 1646 llle

352 1684 506 1752 dixit,
541 1683 737 1739 Pater:
766 1683 1087 1754 Stephanus,
1118 1683 1330 1743 Domine
1363 1681 1510 1739 Iesu.
1538 1682 1674 1752 Quid
1701 1691 1753 1737 et
1781 1682 1933 1751 ipse?

352 1775 536 1845 Accipe
559 1775 793 1845 spiritum
818 1792 1002 1829 meum.
1032 1775 1111 1832 Tu
1136 1775 1315 1833 dixisti
1345 1774 1484 1828 Patri
1503 1815 1517 1839 ,
1544 1790 1643 1844 ego
1676 1774 1786 1829 tibi.
1818 1772 1931 1827 Mc-

352 1862 610 1919 diatorem
650 1880 902 1935 agnosco.
934 1863 1138 1927 Yenisti
1164 1864 1431 1933 jaecntcm
1461 1865 1640 1919 levare
1666 1882 1679 1920 :
1713 1878 1816 1916 non
1844 1877 1933 1918 cc-

351 1956 523 2011 cidisti
563 1972 790 2012 mecum.
832 1956 1043 2027 Accipe,
1090 1958 1288 2027 inquit,
1332 1956 1563 2026 spiritum
1603 1971 1784 2009 meum.
1821 1953 1933 2007 lloc

352 2061 448 2116 pro
473 2063 531 2103 se
555 2046 741 2102 orabat
765 2066 777 2103 :
804 2048 947 2104 venit
969 2049 1045 2103 illi
1068 2048 1119 2103 in
1148 2058 1379 2105 mentem
1405 2046 1567 2111 aliud,
1591 2045 1729 2099 unde
1754 2044 1932 2099 imita-

352 2151 497 2197 retur
518 2141 794 2207 Dominum
822 2156 996 2195 suum.
1026 2140 1261 2203 Recolite
1286 2137 1564 2209 pendentis
1591 2136 1751 2191 verba
1783 2136 1833 2189 in
1864 2135 1930 2188 li-

350 2245 471 2301 gno,
505 2240 559 2287 et
600 2231 856 2288 intendite
885 2231 1043 2286 verba
1068 2232 1083 2261 ¹
1112 2230 1228 2299 ejus
1257 2228 1347 2299 qui
1390 2227 1725 2297 lapidabatur
1759 2226 1932 2281 conli-

351 2304 532 2375 tentis.
575 2320 712 2391 Quid
751 2321 874 2381 ille?
911 2320 1085 2387 Pater,
1128 2321 1329 2391 ignosce
1370 2319 1505 2384 illis,
1548 2318 1667 2386 quia
1708 2316 1933 2369 nesciunt

350 2412 472 2485 quid
510 2413 706 2482 faciunt
736 2410 883 2482 (Luc.
922 2428 1072 2477 mn,
1104 2411 1193 2474 46,
1223 2408 1335 2479 54).
1367 2409 1527 2467 Forte
1571 2409 1623 2461 in
1666 2408 1795 2477 ipsis
1819 2415 1936 2461 erat

353 2511 477 2555 tunc
503 2501 827 2572 Stephanus,
868 2504 956 2571 qui
980 2502 1285 2557 nesciebant
1313 2500 1437 2571 quid
1466 2500 1749 2555 iaciebant.
1782 2500 1932 2556 Multi

351 2592 493 2646 enim
525 2602 706 2662 postea
732 2592 1097 2648 crediderunt.
1128 2592 1193 2647 Et
1218 2594 1478 2648 incertum
1508 2601 1589 2647 est
1620 2591 1771 2646 nobis
1794 2591 1933 2647 unde

353 2684 507 2739 t‘ucrit
532 2684 868 2739 beatissimus
894 2684 1215 2755 Stephanus,
1241 2694 1416 2740 utrum
1447 2701 1511 2741 ex
1539 2686 1643 2741 illis
1668 2686 1760 2756 qui
1787 2687 1933 2755 prius

353 2774 404 2827 in
435 2773 698 2828 Christum
725 2774 1080 2839 crediderant,
1104 2776 1241 2830 sicut
1265 2775 1583 2831 Nicodcmus
1611 2778 1699 2846 qui
1721 2777 1786 2830 ad
1808 2792 1931 2832 eum

352 2864 496 2919 venit
522 2874 674 2920 nocte
715 2864 904 2937 (Joan.
938 2882 1011 2930 in,
1043 2865 1123 2937 2),
1152 2866 1240 2936 qui
1283 2866 1353 2925 ibi
1383 2867 1597 2937 sepeliri
1628 2868 1820 2922 meruit
1846 2868 1933 2923 ubi

351 2966 406 3010 et
445 2957 565 3021 iste,
596 2958 717 3027 quia
756 2973 850 3032 per
885 2958 1029 3019 illum
1056 2968 1109 3012 et
1153 2958 1253 3017 iste
1294 2958 1539 3013 iuventus
1568 2960 1689 3013 est’
1716 2978 1730 3013 :
1759 2969 1933 3013 utrum

352 3062 477 3117 ergo
503 3048 553 3101 in
583 3047 665 3102 his
694 3047 872 3113 fuerit,
917 3064 983 3103 an
1013 3050 1148 3104 lorte
1182 3050 1234 3109 in
1266 3049 1367 3113 illis
1391 3050 1481 3119 qui
1510 3060 1628 3120 post
1654 3066 1931 3107 ascensum

353 3138 561 3194 Domini
588 3140 831 3195 veniente
861 3140 1060 3210 Spiritu
1089 3150 1274 3196 sancto
1293 3182 1307 3207 ,
1335 3142 1544 3213 quando
1575 3143 1779 3212 impleti
1809 3150 1935 3197 sunt

349 3232 628 3305 discipuli,
670 3242 722 3292 et
752 3232 1105 3307 loquebantur
1144 3235 1337 3304 linguis
1378 3236 1615 3291 omnium
1662 3236 1930 3305 gentium,

350 3329 651 3397 compuncti
695 3329 967 3399 Apostolis
994 3329 1272 3397 dixerunt,
1315 3326 1418 3384 Viri
1450 3330 1659 3404 fratres,
1691 3328 1815 3401 quid
1851 3332 1935 3402 [ας

349 3420 578 3473 ciemus?
607 3406 834 3474 indicate
859 3420 1031 3475 nobis.
1061 3421 1425 3492 Desperabant
1449 3423 1590 3475 enim
1618 3422 1687 3476 de
1726 3422 1928 3485 salute,

350 3522 416 3565 eo
446 3508 586 3575 quod
627 3505 958 3567 Salvatorem
989 3508 1315 3565 occiderant.
1350 3509 1414 3567 Et
1454 3510 1528 3562 ait
1564 3509 1669 3564 illis
1698 3508 1887 3565 Petrus
1916 3528 1932 3566 :

350 3598 496 3669 Agite
521 3599 879 3667 paenitentiam,
906 3609 951 3652 et
980 3600 1257 3669 baptizetur
1276 3603 1614 3673 unusquisque
1638 3612 1853 3657 vestrum
1880 3604 1935 3656 in

352 3691 552 3744 nomine
580 3688 784 3744 Domini
810 3691 967 3746 nostri
1008 3690 1132 3745 Jesu
1158 3690 1380 3756 Christi;
1407 3701 1451 3747 et
1489 3695 1740 3764 accipietis
1766 3694 1934 3764 Spiri-u

354 3791 458 3835 tum
496 3790 758 3845 sanctum,
790 3791 835 3835 et
873 3782 1188 3836 remittentur
1210 3784 1345 3838 vobis
1383 3794 1585 3853 peccata
1608 3794 1770 3839 vestra
1796 3784 1931 3856 (Act.

353 3890 411 3941 ιι,
439 3876 526 3940 57,
555 3875 666 3947 '58).
698 3875 859 3933 Putas
886 3876 1100 3930 omnia?
1142 3876 1278 3943 Quid
1323 3886 1661 3947 peccatorum
1692 3894 1935 3933 remane-

351 3967 462 4033 bat,
493 3967 705 4038 quando
732 3976 787 4023 et
828 3968 957 4023 illud
1003 3978 1278 4038 peccatum
1304 3972 1689 4039 remittebatur,
1718 3988 1823 4043 quo
1848 3988 1933 4028 re-

354 4059 548 4119 missor
573 4059 781 4113 occisus
800 4068 878 4113 est
908 4060 1278 4128 peccatorum?
1306 4062 1442 4127 Quid
1466 4062 1635 4132 pejus,
1665 4079 1822 4132 quam
1852 4079 1936 4118 oc-

354 4149 533 4204 cidere
552 4148 859 4204 Christum?
886 4150 997 4205 lloc
1016 4149 1248 4205 deletum
1275 4162 1374 4207 est.
1401 4152 1538 4219 Quid
1560 4155 1749 4225 igitur?
1776 4154 1936 4211 Forte

354 4238 493 4294 inter
521 4240 640 4295 illos
671 4240 767 4295 fuit
795 4241 1115 4311 Stephanus.
1160 4243 1215 4298 Si
1248 4246 1387 4299 inter
1416 4246 1534 4302 illos
1579 4248 1708 4313 fuit;
1757 4257 1811 4302 et
1842 4263 1937 4318 pro

355 4330 445 4394 illo
475 4331 637 4389 valuit
663 4332 748 4393 illa
781 4334 970 4397 oratio,
1000 4332 1171 4401 Pater,
1193 4334 1393 4406 ignosce
1416 4337 1540 4403 illis,
1566 4340 1685 4409 quia
1709 4340 1934 4394 nesciunt

352 4422 475 4491 quid
501 4423 711 4492 faciunt.
736 4423 935 4479 Tamen
965 4435 1019 4481 ct
1046 4424 1236 4482 Saulus
1260 4428 1395 4483 inter
1418 4429 1531 4487 illos
1559 4431 1672 4485 fuit.
1695 4431 1828 4487 Cum
1858 4434 1936 4489 la-

354 4512 624 4583 pidaretur
655 4514 955 4585 Stephanus
975 4532 1161 4587 agnus,
1192 4519 1366 4574 adhuc
1392 4520 1480 4576 ille
1508 4532 1625 4576 erat
1651 4524 1825 4592 lupus,
1850 4527 1937 4581 ad-

355 4600 458 4655 huc
501 4604 809 4672 sanguinem
858 4606 1100 4672 sitiebat;
1131 4609 1304 4663 adhuc
1347 4626 1536 4667 manus
1574 4629 1698 4667 suas
1745 4616 1935 4684 quibus

355 4695 611 4766 lapidaret
668 4714 851 4767 parum
906 4701 1162 4769 putabat,
1220 4704 1567 4773 lapidantium
1614 4710 1933 4764 vestimenta

353 4786 616 4844 servabat.
642 4786 785 4859 Ergo
813 4790 1053 4849 recolens
1073 4791 1199 4860 quid
1226 4807 1321 4861 pro
1344 4809 1403 4847 se
1431 4794 1629 4854 dictum
1659 4798 1762 4861 sit,
1794 4800 1838 4852 si
1870 4809 1926 4854 et

352 4877 466 4947 ipse
491 4877 628 4938 inter
654 4878 772 4937 illos
797 4888 929 4944 erat,
947 4880 1012 4935 de
1036 4882 1228 4951 quibus
1250 4882 1381 4941 dixit
1410 4885 1683 4948 Dominus,
1709 4890 1929 4956 quando

353 4969 459 5033 ait,
504 4967 678 5035 Pater,
705 4970 905 5038 ignosce
940 4971 1067 5038 illis,
1110 4973 1231 5043 quia
1272 4975 1494 5028 nesciunt
1533 4977 1653 5046 quid
1696 4980 1925 5048 faciunt;

355 5060 567 5115 tmitans
596 5076 723 5130 ergo
750 5062 907 5115 etiam
940 5063 993 5119 in
1036 5062 1139 5117 hoc
1170 5064 1283 5132 ipso
1314 5065 1591 5123 Dominum
1638 5084 1790 5123 suum
1811 5111 1826 5136 ,
1872 5082 1930 5126 ut

353 5148 467 5218 ejus
488 5150 690 5205 amicus
716 5160 877 5219 esset,
896 5152 1025 5206 dixit
1042 5164 1096 5207 et
1123 5154 1255 5223 ipse,
1282 5154 1515 5222 Domine,
1536 5174 1598 5210 ne
1622 5168 1815 5216 statuas
1830 5162 1932 5217 illis

360 5242 448 5296 hoc
469 5252 728 5314 peccatum
753 5242 802 5315 (1
809 5244 861 5297 d.
889 5260 984 5312 vu,
1015 5246 1125 5317 59).
1150 5246 1252 5301 Sed
1276 5248 1540 5316 quomodo
1560 5249 1728 5304 dixit?
1754 5253 1934 5311 Posito

356 5346 489 5401 genu
518 5334 569 5387 in
602 5342 763 5395 terra.
794 5333 863 5393 Se
888 5344 1033 5394 stans
1062 5338 1450 5400 commendavit
1474 5358 1486 5392 :
1513 5344 1725 5411 quando
1753 5348 1925 5403 oravit

352 5508 761 5618 mibgorbeiensis
781 5517 886 5573 κε..
925 5518 971 5562 et
1006 5510 1246 5566 ὺιυεηὶειῑε
1267 5512 1531 5580 conﬂictui:
1567 5520 1654 5570 sub
1694 5520 1936 5585 ιιψὶάίινκι

353 5604 512 5679 ’ντὶ-δ
528 5632 803 5702 οθιζὺθὶιῖηδί
827 5632 967 5705 libro,
993 5637 1072 5697 Qui
1084 5634 1221 5691 illum
1240 5642 1441 5702 sopcttre
1464 5642 1635 5702 meruit
1652 5677 1667 5706 ,
1692 5644 1821 5702 unde
1838 5660 1927 5711 per

352 5690 508 5739 insunt
528 5699 573 5739 et
594 5706 695 5739 me
716 5704 926 5739 mum
942 5704 1041 5739 ω-.
1086 5730 1089 5733 .
1110 5730 1125 5739 ..
1338 5724 1341 5727 λ
1574 5726 1581 5731 .

371 5699 695 5757 munimine
716 5699 926 5748 minus
942 5704 1041 5748 est.-
1293 5699 1302 5702 '
1338 5724 1341 5727 ι
1574 5726 1581 5745 τ

1714 275 1949 334 SERMO
1992 274 2231 336 CCCXV.

3474 293 3613 349 “55

2040 414 2136 467 pro
2165 401 2391 457 inimicis
2410 444 2425 468 ,
2466 419 2601 475 genu
2630 404 2761 460 fixit.
2806 405 2981 472 Quare
3009 420 3066 461 se
3096 414 3245 461 stans
3270 408 3611 463 commenda-

2036 493 2143 546 vit?
2170 494 2298 559 Quia
2322 496 2522 565 justum
2551 498 2972 553 commendabat.
2998 498 3173 565 Quare
3203 515 3297 569 pro
3315 501 3415 555 illis
3439 515 3608 571 genua

2039 584 2183 638 ﬁxit?
2210 585 2339 653 Quia
2368 603 2463 656 pro
2490 590 2761 645 sceleratis
2798 591 3003 646 orabat.
3035 590 3282 657 Domine,
3322 608 3384 647 ne
3416 602 3610 647 statuas

2035 678 2138 731 illis
2164 678 2259 731 hoc
2285 690 2559 748 peccatum.

2106 768 2331 827 CAPUT
2361 772 2449 827 IV.
2483 805 2555 815 —
2587 776 2640 830 4.
2687 775 2875 830 Saulus
2908 775 3085 845 lupus,
3129 783 3330 845 propter
3365 773 3612 845 Stephani

2038 863 2312 917 orationem
2342 874 2561 919 mutatus
2601 870 2654 919 in
2684 882 2840 920 ovem.
2870 866 3029 920 Putas
3072 865 3231 921 verba
3274 866 3374 919 ista
3413 865 3617 919 audivit

2037 952 2259 1007 Saulus?
2289 953 2531 1019 Andivit,
2564 955 2658 1010 sed
2701 954 2901 1010 irrisit:
2930 966 2984 1010 et
3012 964 3186 1009 tamen
3213 955 3278 1009 ad
3319 954 3613 1009 orationem

2038 1043 2291 1113 Stephani
2322 1045 2640 1114 pertinebat.
2686 1047 2873 1101 Adhuc
2900 1046 3259 1116 grassabatur,
3297 1056 3349 1101 et
3371 1046 3478 1115 jam
3517 1060 3615 1115 pro

2038 1136 2129 1191 illo
2158 1136 2459 1205 Stephanus
2481 1137 2879 1193 exaudiebatur.
2907 1138 3085 1193 Nostis
3113 1138 3254 1193 enim
3278 1138 3408 1205 jam,
3440 1137 3615 1191 utali-

2036 1226 2162 1296 quid
2185 1225 2356 1281 dicam
2381 1226 2447 1282 dc
2469 1227 2650 1293 Saulo,
2677 1237 2731 1282 et
2751 1238 2937 1297 postea
2964 1229 3162 1292 Paulo;
3196 1227 3377 1297 utique
3402 1227 3571 1281 nostis
3596 1243 3611 1281 :

2037 1318 2089 1373 in
2117 1320 2302 1375 eodem
2326 1320 2461 1376 libro
2486 1320 2739 1389 scriptum
2761 1329 2842 1374 est
2861 1320 3302 1390 quemadmodum
3326 1319 3616 1375 crediderit

2036 1410 2251 1467 Paulus.
2282 1411 2470 1467 Occiso
2497 1411 2768 1481 Stephano
2797 1413 3219 1481 persecutionem
3246 1413 3611 1482 gravissimam

2036 1503 2274 1558 Ecclesia
2317 1502 2663 1574 Jerosolymis
2707 1518 2859 1571 passa
2905 1511 3005 1558 εει.
3051 1502 3235 1573 Fugati
3264 1511 3388 1557 sunt
3426 1503 3614 1556 fratres

2036 1594 2127 1663 qui
2148 1594 2218 1648 ibi
2245 1603 2429 1648 erant:
2458 1594 2558 1647 soli
2589 1594 2828 1662 Apostoli
2856 1602 3226 1648 remanserunt
3249 1594 3299 1651 ¹;
3327 1591 3507 1647 caeteri
3534 1590 3615 1645 fu-

2036 1684 2312 1754 gabantur.
2355 1684 2459 1740 Sed
2502 1692 2748 1753 tanquam
2788 1683 3036 1737 ardentes
3064 1680 3241 1745 faces,
3283 1695 3616 1750 quocumque

2038 1777 2347 1843 veniebant,
2392 1776 2773 1832 accendebant.
2801 1775 2958 1831 Stulti
3003 1774 3208 1839 Judazi,
3240 1774 3452 1844 quando
3494 1773 3615 1827 illos

2036 1867 2105 1923 de
2139 1867 2487 1937 Jerosolymis
2525 1867 2805 1938 fugabant,
2846 1867 3103 1922 carbones
3146 1866 3281 1935 ignis
3330 1866 3382 1919 in
3427 1865 3614 1919 silvam

2036 1960 2335 2014 mittebant.
2366 1959 2557 2015 Adhuc
2598 1958 2825 2024 Saulus,
2866 1960 2953 2014 cui
3002 1974 3108 2013 non
3156 1958 3365 2013 suil'ccit
3408 1957 3617 2011 occisus

2036 2049 2371 2121 Stephanus,
2421 2051 2562 2120 quod
2601 2051 2824 2106 libenter
2864 2051 3173 2114 recolimus,
3203 2050 3323 2119 quia
3346 2048 3455 2117 jam
3481 2047 3615 2103 coli.

2037 2156 2186 2205 mus,
2218 2140 2343 2211 quid
2387 2140 2549 2195 fecit?
2575 2141 2795 2209 Accepit
2832 2141 3083 2211 epistolas
3115 2154 3143 2193 a
3172 2138 3535 2193 sacerdotibus
3563 2145 3619 2192 ct

2036 2231 2279 2299 Scribis,
2314 2241 2371 2286 ut
2412 2231 2732 2301 ubicumque
2758 2231 3021 2285 inveniret
3042 2229 3185 2284 viros
3214 2230 3312 2283 via:
3337 2228 3530 2297 hujus,
3563 2228 3617 2282 id

2036 2332 2139 2389 est,
2168 2324 2525 2390 Christianos,
2553 2323 2795 2393 alligatos
2824 2322 3109 2377 adduceret
3132 2321 3197 2376 ad
3238 2320 3491 2389 supplicia
3521 2335 3616 2374 su-

2037 2416 2263 2482 menda,
2295 2416 2468 2485 qualia
2498 2422 2797 2483 sumpserat
2836 2412 3155 2481 Stephanus.
3205 2410 3273 2465 Et
3309 2411 3473 2465 iratus
3507 2410 3620 2465 ibat

2036 2508 2259 2569 Saulus,
2294 2508 2402 2561 ibat
2427 2507 2580 2576 lupus
2619 2504 2685 2559 ad
2711 2504 2925 2569 caulas,
2956 2503 3023 2557 ad
3061 2518 3246 2572 greges
3285 2501 3529 2555 Domini:
3561 2509 3619 2553 ut

2036 2599 2252 2655 rabidus
2280 2599 2436 2668 lupus
2460 2588 2771 2669 sanguinem
2800 2595 3042 2662 sitiebat,
3088 2595 3262 2649 cu‘des
3298 2592 3614 2654 anhelabat,

2036 2690 2147 2744 ibat
2172 2706 2266 2759 per
2292 2691 2450 2744 viam.
2486 2690 2551 2744 Et
2576 2690 2664 2744 ille
2706 2687 3021 2743 desursum:
3055 2684 3244 2750 Saule,
3274 2684 3463 2749 Saule,
3494 2684 3618 2751 quid

2036 2798 2116 2835 me
2141 2782 2486 2851 persequeris?
2511 2781 2676 2849 Lupe,
2704 2779 2847 2849 lupe,
2873 2777 3000 2849 quid
3022 2793 3215 2847 agnum
3246 2776 3619 2846 persequeris?

2037 2873 2152 2944 Ego
2176 2874 2389 2943 quando
2408 2888 2525 2927 sum
2545 2874 2773 2937 occisus,
2801 2872 3009 2926 leonem
3033 2869 3222 2925 occidi.
3250 2870 3383 2934 Quid
3408 2886 3486 2922 me
3504 2886 3620 2938 per-

2037 2967 2290 3036 sequeris?
2317 2966 2466 3019 Exue
2511 2974 2562 3019 te
2588 2965 2748 3035 lupo:
2779 2973 2895 3019 esto
2920 2963 2987 3019 de
3020 2964 3144 3033 lupo
3168 2962 3281 3018 ovis
3306 2962 3375 3018 de
3398 2977 3496 3037 ove
3524 2977 3619 3032 pa-

2036 3066 2149 3112 stor
2180 3056 2311 3127 (Act.
2338 3072 2427 3109 \‘lll
2448 3065 2494 3110 et
2522 3055 2621 3127 Ix).

2106 3148 2332 3203 CAPUT
2350 3144 2762 3201 V.—5.Piclura
2780 3146 3028 3215 Stephani
3041 3144 3398 3215 lapidationem
3412 3150 3458 3196 et
3471 3141 3621 3197 Sauli

2036 3239 2403 3293 conversionem
2413 3236 2667 3292 exhibens.
2683 3236 2992 3291 Dulcissima
3010 3236 3212 3304 pictura
3236 3243 3312 3288 est
3335 3232 3448 3288 haec
3463 3234 3503 3304 ’,
3526 3231 3619 3292 ubi

2038 3329 2230 3388 videtis
2258 3338 2501 3387 sanctum
2521 3325 2851 3400 Stephanum
2878 3325 3100 3399 lapidari
3117 3372 3133 3395 ,
3178 3332 3367 3385 videtis
3400 3329 3617 3384 Saulum

2036 3424 2378 3491 lapidantium
2396 3422 2707 3476 vestimenta
2724 3430 3045 3476 servantem.
3066 3421 3167 3475 Iste
3181 3430 3262 3475 est
3280 3419 3475 3473 Paulus
3492 3422 3625 3487 Apo-

2036 3516 2194 3569 stolus
2219 3514 2410 3568 Christi
2431 3511 2582 3577 Jesu,
2614 3513 2712 3566 iste
2733 3521 2814 3566 est
2846 3510 3042 3565 Paulus
3065 3526 3233 3564 servus
3262 3508 3446 3564 Christi
3470 3507 3616 3562 Iesu.

2037 3606 2180 3661 Bene
2203 3605 2425 3659 audistis
2451 3618 2656 3665 vocem,
2684 3602 2818 3669 Quid
2846 3618 2924 3654 me
2945 3601 3290 3671 persequeris?
3311 3597 3517 3654 Stratus
3536 3613 3615 3664 es,

2037 3707 2245 3753 erectus
2284 3712 2343 3751 es
2371 3714 2383 3749 :
2412 3704 2709 3765 prostratus
2744 3702 3051 3762 persecutor
3073 3733 3088 3757 ,
3120 3701 3331 3746 erectus
3362 3690 3619 3759 praedica-

2040 3800 2139 3844 tor.
2174 3789 2296 3855 Dic,
2334 3787 2610 3841 audiamus
2638 3803 2651 3839 :
2685 3783 2881 3837 Paulus
2907 3799 3076 3837 servus
3103 3782 3290 3837 Christi
3327 3782 3485 3847 Jcsu,
3531 3794 3620 3849 per

2039 3882 2341 3935 uoluntatem
2370 3878 2464 3932 Dei
2504 3876 2675 3948 (Rom.
2708 3892 2757 3942 I,
2788 3877 2840 3941 1,
2889 3884 2935 3928 et
2964 3873 2982 3928 1
3012 3872 3129 3929 Cor.
3160 3890 3211 3939 ι,
3245 3874 3320 3942 i).
3351 3870 3616 3942 Numquid

2038 3989 2133 4043 per
2158 3973 2481 4027 voluntatem
2513 3981 2675 4033 tuam,
2707 3984 2740 4020 ο
2767 3967 2964 4022 Saule?
2987 3968 3087 4021 Per
3110 3967 3434 4020 voluntatem
3466 3974 3606 4019 tuam

2038 4066 2256 4131 scimus,
2282 4061 2509 4117 vidimus
2540 4062 2739 4115 fructus
2768 4069 2886 4114 tuos
2920 4076 2933 4112 :
2963 4056 3171 4113 occisus
3199 4065 3282 4111 est
3309 4055 3612 4125 Stephanus

2038 4174 2135 4227 per
2157 4158 2481 4211 voluntatem
2525 4163 2689 4208 tuam.
2722 4153 2823 4207 Per
2851 4151 3174 4204 voluntatem
3215 4149 3344 4213 Dei,
3374 4148 3616 4202 videmus

2039 4248 2240 4303 fructus
2271 4257 2388 4301 tuos
2413 4265 2425 4299 :
2450 4246 2641 4315 ubique
2672 4242 2883 4313 legeris,
2912 4241 3105 4311 ubique
3136 4240 3396 4305 recitaris,
3416 4238 3613 4308 ubique

2039 4342 2105 4396 ad
2134 4340 2400 4396 Christum
2428 4337 2759 4393 adversantia
2786 4335 2946 4389 corda
2974 4334 3236 4388 convertis
3255 4374 3270 4399 ,
3304 4332 3500 4400 ubique
3521 4345 3615 4400 pa-

2039 4442 2151 4488 stor
2176 4432 2346 4485 bonus
2377 4444 2594 4498 magnos
2618 4441 2804 4498 greges
2826 4425 3051 4495 colligis.
3083 4425 3213 4478 Cum
3244 4437 3310 4478 eo
3336 4436 3493 4492 quem
3536 4421 3615 4474 la-

2040 4522 2230 4594 pidasti
2256 4564 2270 4586 ,
2312 4536 2432 4575 cum
2475 4520 2687 4575 Clu-isto
2716 4531 2924 4587 regnas.
2951 4515 3122 4570 Ambo
3162 4515 3234 4569 ibi
3265 4527 3360 4567 vos
3402 4510 3613 4576 videtis;

2006 4664 2011 4669 .
2039 4614 2195 4668 ambo
2223 4612 2378 4667 modo
2402 4625 2703 4675 sermonem
2737 4617 2973 4662 nostrum
2998 4606 3209 4669 auditis;
3234 4604 3390 4658 ambo
3410 4616 3506 4671 pro
3529 4617 3618 4655 no-

2038 4707 2121 4761 bis
2158 4715 2324 4759 orale.
2354 4702 2552 4758 Ambos
2593 4715 2686 4754 vos
2728 4699 3007 4766 exaudiet,
3047 4698 3134 4766 qui
3165 4710 3258 4752 vos
3299 4693 3611 4757 coronavit,

2039 4814 2199 4855 unum
2230 4798 2374 4866 prius
2397 4837 2413 4863 ,
2446 4797 2668 4853 alterum
2696 4800 2919 4863 postea:
2948 4805 3107 4844 unutn
3154 4788 3243 4857 qui
3288 4785 3617 4855 persecutio-

2039 4906 2161 4947 nem
2191 4902 2378 4959 passus
2407 4896 2520 4953 est,
2550 4887 2775 4940 alterum
2801 4884 2889 4952 qui
2924 4890 3229 4951 persecutus
3249 4887 3349 4933 est.
3377 4876 3471 4932 llle
3493 4885 3616 4931 tunc

2038 4994 2203 5048 agnus
2228 4986 2361 5041 erat,
2393 4978 2477 5031 ille
2502 4985 2676 5031 autem
2710 4976 2862 5042 lupus
2888 4979 3003 5025 erat
3028 4988 3038 5022 :
3066 4968 3222 5022 modo
3248 4978 3423 5021 autem
3456 4966 3615 5020 ambo

2037 5072 2155 5140 agni
2187 5078 2326 5123 sunt.
2367 5069 2501 5138 Agni
2537 5072 2825 5136 agnoscant
2871 5076 2967 5115 nos
2991 5102 3005 5125 ,
3034 5069 3084 5114 et
3126 5060 3177 5113 in
3218 5073 3378 5129 grege
3414 5056 3614 5111 Christi

2038 5163 2249 5220 videant
2277 5177 2373 5215 nos
2405 5180 2417 5215 :
2447 5158 2772 5215 orationibus
2806 5156 2917 5208 suis
2960 5150 3334 5208 commendent
3382 5165 3479 5205 nos
3499 5192 3513 5213 ,
3558 5159 3612 5205 ut

2037 5255 2265 5325 quietam
2290 5262 2341 5307 ct
2363 5249 2695 5320 tranquillam
2728 5246 2886 5301 vitam
2913 5245 3197 5315 impetrent
3218 5242 3468 5297 Ecclesia:
3501 5242 3606 5294 Do-

2038 5346 2164 5407 mini
2195 5346 2295 5400 sui.

2104 5521 2121 5553 ι
2145 5518 2301 5567 Codex
2328 5529 2423 5577 gr.
2448 5512 2534 5577 ³0ιὶ
2564 5510 2762 5577 (Ροδῑοίί
2784 5514 3111 5577 Γεηιαηδξνμηὲ
3132 5507 3197 5558 ad
3217 5520 3407 5577 nam
3464 5571 3477 5577 -
3507 5567 3547 5577 .-

2102 5584 2123 5614 ¹
2148 5580 2318 5640 negius
2328 5567 2390 5627 "et
2406 5567 2708 5626 Corbeiensis
2727 5580 2832 5625 Mss.
2854 5585 2867 5622 :
2893 5570 3183 5625 Dulcissima
3205 5567 3393 5635 pictura
3407 5571 3477 5625 est
3499 5567 3595 5621 hic.
