4036 6506
459 401 596 468 ῌῦδ

888 526 1115 586 sermo
1150 520 1418 580 cccxvn
1453 525 1466 542 ·
1501 518 1594 592 (ιι).

911 649 978 690 De
1001 637 1240 701 Stephano
1261 640 1490 696 martyre,
1514 644 1575 678 tv.

529 770 756 828 CAPUT
793 765 1076 824 paulun.
1123 793 1194 804 —
1236 764 1287 816 ι.
1357 756 1600 827 Βειὶᾳιιὶω
1670 750 1916 822 Stephani
1986 749 2041 801 in

353 884 357 887 ‘
460 863 689 934 Africam
736 860 1026 922 translatis,
1057 871 1117 908 ac
1161 854 1340 922 ubique
1381 850 1441 904 ob
1471 847 1566 901 Dei
1620 843 1861 912 beneﬁcia
1883 841 2039 908 ditia-

460 964 630 1010 mala.
665 952 980 1021 Praeceptum
1005 945 1248 1018 diligendi
1272 943 1500 1004 inimicos
1529 938 1674 993 habet
1698 935 1889 1008 grande
1913 947 2044 1004 pra:-

433 1096 438 1100 .
459 1049 637 1102 mium.
662 1044 968 1113 Exemplum
993 1042 1058 1096 de
1082 1039 1244 1094 Patre
1265 1035 1448 1096 coalesti
1483 1033 1676 1086 datum.
1702 1029 1896 1098 Martyr
1925 1024 2044 1080 Ste-

458 1139 691 1210 phanus,
715 1137 903 1191 beatus
925 1143 979 1190 et
1002 1133 1206 1203 primus
1234 1135 1364 1200 post
1381 1123 1665 1196 Apostolus
1691 1121 1758 1176 ab
1779 1115 2045 1210 Apostolis

463 1207 722 1286 diaconus
749 1226 1022 1282 ordinatus
1041 1265 1057 1292 ,
1098 1232 1224 1278 ante
1253 1218 1538 1289 Apostolos
1565 1219 1882 1274 coronatus;
1929 1207 2046 1262 illas

463 1330 636 1377 terras
665 1327 849 1389 passus
878 1315 1192 1380 illustravit,
1237 1313 1367 1367 istas
1395 1319 1635 1364 mortuus
1669 1302 1906 1360 visitavit
1948 1298 2042 1372 (ὁ).

466 1411 574 1467 Sed
613 1418 855 1466 mortuus
885 1423 989 1462 non
1016 1406 1255 1461 visitaret
1274 1444 1288 1468 ,
1332 1401 1431 1456 nisi
1460 1407 1514 1455 et
1549 1404 1790 1452 mortuus
1818 1394 2044 1447 viveret.

464 1502 702 1572 Exiguus
737 1499 910 1571 pulvis
954 1504 1158 1552 tantum
1201 1493 1451 1564 populum
1491 1485 1836 1558 congregavit
1869 1502 1882 1537 :
1913 1481 2049 1538 cinis

465 1595 615 1661 latet,
639 1590 894 1648 beneﬁcia
921 1595 1121 1661 patent.
1148 1585 1388 1654 Cogitate
1411 1623 1428 1650 ,
1456 1577 1786 1641 charissimi,
1809 1589 1930 1646 quae
1955 1588 2052 1628 no-

466 1686 551 1742 bis
581 1685 722 1741 Deus
747 1685 925 1740 servet
950 1681 1000 1735 in
1027 1678 1244 1749 regione
1270 1676 1533 1738 vivorum,
1555 1671 1645 1740 qui
1669 1676 1810 1722 tanta
1832 1671 2053 1736 priestat

467 1777 537 1833 de
561 1775 779 1846 pulvere
796 1781 1148 1842 mortuorum.
1174 1765 1314 1822 Caro
1335 1762 1505 1820 sancti
1527 1757 1781 1830 Stephani
1808 1770 1906 1826 per
1933 1754 2050 1809 loca

469 1866 676 1936 singula
700 1863 1002 1919 diﬁ'amatur
1044 1877 1060 1915 :
1091 1849 1190 1913 sed
1213 1855 1333 1911 ﬁdei
1361 1852 1476 1923 ejus
1504 1850 1752 1907 meritum
1779 1849 2052 1902 commend

469 1959 646 2013 datur.
669 1955 758 2011 Sic’
771 1961 1142 2024 exspectemus
1167 1947 1420 2016 consequi
1443 1940 1750 2013 temporalia
1771 1936 2048 2002 beneﬁcia,

471 2056 530 2102 ut
567 2061 689 2102 eum
735 2042 994 2100 imitando
1019 2040 1262 2110 accipere
1291 2042 1592 2092 mereamur
1636 2039 1857 2086 aeterna.
1900 2025 2052 2096 Quod

472 2138 627 2193 nobis
657 2136 845 2191 beatus
869 2125 1064 2204 Slartyr
1093 2128 1404 2185 imitandum
1433 2127 1485 2180 in
1515 2138 1609 2178 sua
1641 2121 1887 2192 passione
1927 2133 2052 2187 pro-

473 2228 686 2299 posuit,
731 2227 834 2280 hoc
872 2223 1182 2285 attendere,
1231 2220 1332 2273 hoc
1372 2215 1625 2276 credere,
1671 2211 1773 2266 hoc
1795 2209 2052 2279 implere,

470 2334 602 2374 vere
628 2326 713 2373 est
733 2315 989 2371 s'ole'mnia
1016 2310 1261 2382 Martyris
1289 2307 1580 2362 celebrare.
1599 2301 1854 2358 Dominus
1873 2307 2057 2353 noster

476 2409 618 2464 inter
644 2410 909 2476 priecepta
936 2415 1124 2470 magna
1153 2407 1206 2454 et
1225 2395 1454 2454 salubria
1472 2436 1488 2462 ,
1515 2393 1695 2448 divina
1717 2398 1774 2446 et
1801 2387 2061 2444 altissima

477 2503 597 2573 quat
619 2497 764 2555 dedit
789 2494 1061 2565 discipulis
1085 2492 1216 2556 suis,
1247 2490 1353 2545 hoc
1371 2487 1580 2544 videtur
1607 2481 1909 2538 hominibus
1933 2493 2057 2550 gra-

477 2605 566 2659 ve,
595 2588 736 2662 quod
759 2588 915 2659 jussit
942 2595 1002 2641 ut
1029 2585 1251 2655 diligant
1277 2579 1524 2637 inimicos
1543 2592 1688 2632 suos.
1711 2574 1884 2631 Grave
1925 2587 2060 2642 prae-

476 2691 713 2753 ceptum,
737 2680 833 2736 sed
858 2678 1059 2751 grande
1087 2677 1386 2747 praemium.
1414 2671 1650 2741 Denique
1675 2683 1797 2723 cum
1823 2667 1926 2721 hoc
1946 2679 2061 2719 mo-

477 2782 664 2839 neret,
706 2771 883 2827 videte
925 2769 1051 2841 quid
1077 2767 1270 2823 dixerit
1304 2783 1316 2820 :
1349 2763 1558 2835 Diligite
1583 2760 1812 2815 inimicos
1839 2767 2060 2822 vestros,

479 2863 752 2934 benefacite
775 2862 856 2917 liis
878 2861 963 2932 qui
981 2875 1068 2914 vos
1096 2859 1309 2914 oderunt
1331 2897 1346 2922 ,
1376 2865 1422 2911 et
1450 2862 1591 2910 orate
1611 2867 1702 2923 pro
1723 2847 2060 2923 persequuti.

480 2957 572 3010 bus
596 2970 702 3010 vos.
729 2954 939 3010 Audisti
963 2968 1099 3022 opus
1120 2993 1144 3020 ,.
1182 2958 1430 3020 exspecta
1459 2945 1801 3010 mercedem;
1847 2952 1903 2999 et
1941 2941 2066 2997 vide

479 3045 607 3117 quid
629 3045 791 3102 addat
820 3063 834 3099 :
869 3043 937 3101 Ut
959 3044 1102 3110 sitis,
1133 3042 1339 3113 inquit,
1376 3041 1476 3110 ﬁlii
1500 3037 1673 3092 Patris
1698 3036 1846 3092 vestri
1879 3036 1966 3106 qui
2008 3035 2073 3089 in.

479 3138 618 3193 uelis
640 3146 732 3202 est,
760 3137 844 3207 qui
871 3136 1028 3192 solem
1052 3150 1200 3189 suum
1225 3133 1346 3203 facit
1369 3131 1493 3187 oriri
1515 3145 1666 3198 super
1690 3128 1845 3182 bonos
1881 3133 1928 3182 et
1952 3141 2064 3180 ma-

483 3228 580 3293 los,
607 3237 662 3282 et
678 3227 806 3296 pluit
831 3242 982 3295 super
997 3226 1165 3296 justas
1181 3234 1232 3277 et
1247 3223 1462 3292 injustas
1489 3219 1704 3289 (Matth.
1732 3233 1784 3283 v,
1817 3219 1885 3272 44
1905 3258 1919 3283 ,
1948 3216 2062 3288 45).

484 3316 598 3371 Hoc
627 3314 903 3378 videmus,
951 3314 1054 3369 hoc
1096 3327 1291 3382 negare
1319 3324 1424 3365 non
1465 3322 1768 3379 possumus.
1801 3307 2074 3377 Numquid

486 3408 686 3463 dictum
734 3417 817 3463 est
845 3407 1074 3461 nubibus
1117 3422 1134 3460 :
1179 3404 1350 3460 Pluite
1401 3413 1564 3474 stiper
1604 3413 1762 3473 agros
1803 3403 2070 3458 cultorum

485 3515 726 3556 meorum
744 3541 760 3567 ,
791 3509 845 3556 et
872 3499 1114 3555 recedite.
1133 3500 1201 3555 ab
1225 3497 1366 3568 agris
1404 3498 1888 3568 blasphematorum
1915 3510 2067 3552 meo-

483 3592 642 3648 rum?
674 3591 939 3660 Numquid
969 3590 1172 3645 dictum
1219 3598 1303 3644 est
1345 3589 1443 3644 soli
1470 3607 1485 3644 :
1514 3587 1744 3644 Videant
1782 3597 1835 3642 te
1863 3587 1953 3657 qui
1982 3601 2069 3642 me

485 3683 684 3748 colunt,
702 3699 806 3738 non
831 3694 883 3738 te
907 3669 1122 3738 videant
1144 3681 1234 3752 qui
1265 3680 1392 3735 mihi
1419 3679 1782 3735 maledicunt?
1805 3677 2068 3734 Beneﬁcia

482 3773 553 3830 de
578 3775 716 3830 cmlo
733 3815 749 3840 ,
772 3773 1025 3829 beneﬁcia
1045 3772 1113 3827 de
1139 3782 1280 3827 terra
1305 3788 1318 3824 :
1346 3777 1554 3826 scatent
1575 3769 1748 3826 fontes
1768 3809 1783 3832 ,
1809 3769 1921 3838 agri
1947 3768 2068 3839 pin-

484 3874 782 3935 guescunt,
822 3864 1041 3920 arbores
1087 3862 1347 3917 fructibus
1383 3867 1690 3916 onerantur.
1721 3859 1929 3914 Habent
1970 3859 2070 3913 ista

486 3955 648 4021 boni,
680 3954 876 4011 habent
903 3963 958 4010 et
985 3953 1146 4018 mali;
1179 3952 1376 4007 habent
1413 3951 1546 4021 grati
1572 3991 1587 4015 ,
1636 3950 1833 4005 habent
1857 3949 2068 4019 ingrati.

451 4047 587 4116 .Qui
615 4057 832 4119 praestat
858 4054 1003 4102 tanta
1029 4045 1184 4101 bonis
1211 4055 1266 4099 et
1291 4043 1448 4098 malis
1471 4083 1488 4108 ,
1520 4051 1768 4112 putamus
1798 4040 1929 4095 nihil
1958 4055 2072 4096 ser-

487 4148 577 4193 vat
606 4139 798 4194 bonis?
825 4139 936 4194 Hoc
961 4137 1059 4193 dat-
1079 4136 1234 4192 bonis
1261 4143 1318 4191 et
1345 4134 1532 4198 malis,
1573 4132 1713 4203 quod
1742 4131 1889 4188 dedit
1915 4140 1970 4187 et
1995 4133 2072 4187 la-

493 4229 825 4300 pidatoribus
850 4229 1104 4299 Stephani
1140 4227 1284 4284 :hoc
1311 4241 1440 4282 vero
1481 4232 1660 4280 servat
1699 4223 1889 4292 bonis,
1927 4220 2071 4292 quod

493 4320 642 4376 dedit
665 4318 957 4389 Stephano.

562 4429 789 4487 CAPUT
819 4430 881 4484 11η.
916 4429 1056 4484 —2.
1087 4430 1390 4500 Exemplum
1418 4429 1560 4484 aliud
1583 4427 1879 4483 in‘Christo.
1909 4423 2073 4480 Maxi-

493 4538 580 4578 me
604 4534 732 4592 ergo
750 4563 766 4588 ,
799 4519 1019 4586 fratres,
1049 4521 1293 4588 exemplo
1331 4519 1486 4589 hujus
1515 4518 1759 4589 Martyris
1781 4557 1795 4583 ,
1829 4516 2072 4572 inimicos

493 4619 708 4667 nostros
727 4626 908 4666 amare
925 4610 1210 4666 discamus.
1236 4610 1545 4679 Exemplum
1562 4608 1889 4679 propositum
1909 4607 2073 4663 estde

494 4703 605 4757 Deo
627 4703 812 4769 Patre,
841 4702 931 4772 qui
956 4701 1298 4756 solem-suum
1329 4700 1455 4754 oriri
1484 4699 1608 4754 facit
1636 4715 1797 4770 super
1823 4699 1991 4754 bonos
2019 4705 2074 4752 et
2125 4727 2129 4734 ι

493 4794 684 4848 malos.
709 4794 855 4848 Dixit
885 4794 985 4848 hoc
1008 4793 1167 4850 eliam
1194 4791 1360 4847 Filius
1385 4793 1514 4858 Dei,
1548 4801 1668 4862 post
1710 4791 2071 4860 acceptionem

490 4885 668 4938 carnis
688 4899 818 4948 Siue,
846 4897 942 4953 per
959 4899 1020 4938 os
1043 4884 1221 4939 carnis
1244 4897 1372 4944 suae,
1403 4897 1560 4953 quam
1587 4883 1822 4951 suscepit
1845 4881 2073 4937 amando

491 4973 735 5031 inimicos
761 4990 905 5030 suos.
935 4976 1036 5044 Qui
1066 4976 1206 5031 enim
1245 4983 1451 5028 amator
1489 4972 1819 5027 initnicorum
1855 4987 2069 5028 suorum

501 5138 504 5142 ’
557 5135 576 5195 ἦ
602 5132 887 5195 Recognitus
909 5131 1230 5195 induobusn.
1257 5132 1304 5181 in
1327 5128 1390 5181 cl.
1408 5143 1451 5178 r.
1473 5130 1589 5180 etin
1615 5135 1725 5178 Lov.

581 5197 631 5253 α)
656 5192 794 5253 Alias,
818 5193 880 5243 de
903 5195 1115 5242 Diversis
1129 5192 1207 5242 92.

581 5209 610 5243 α
656 5197 794 5253 Alias,
818 5197 880 5243 de
903 5197 1115 5242 Diversis
1129 5197 1207 5242 92.

519 5278 529 5284 ν
553 5197 631 5318 ἷθῖ
649 5257 764 5305 Hinc
783 5256 1080 5318 suspicamur
1103 5255 1315 5303 habitum
1335 5264 1620 5318 sermonem
1638 5251 1687 5299 in
1699 5250 1917 5318 adventu
1953 5252 2072 5302 reli-

491 5312 711 5384 quiarum
733 5325 778 5366 s.
803 5312 1026 5380 Stephani
1052 5328 1196 5384 :quaa
1215 5322 1382 5377 postea
1405 5327 1515 5384 cum
1539 5315 1587 5362 in
1609 5312 1804 5363 basilica
1827 5315 1943 5384 ipsis
1956 5328 2072 5384 ere-

490 5377 568 5428 (ita
590 5377 939 5440 collocarentur
957 5412 971 5437 ,
995 5377 1307 5440 praebuerunt
1329 5377 1638 5440 occasionem
1651 5377 1860 5440 sermoni
1895 5377 2071 5440 subsee

560 5441 676 5502 enti.
716 5447 785 5489 De
816 5435 965 5502 hujus»
989 5435 1207 5502 martyris
1236 5439 1518 5502 corporein
1558 5435 1806 5502 ifalmstina
1835 5437 1929 5502 sub
1959 5439 2071 5502 anni

529 5502 585 5548 lii
606 5498 1227 5564 linetnrevelato,déque
1256 5498 1414 5548 allatis
1449 5500 1498 5547 in
1530 5498 1920 5564 _Africam__ips_ius
1953 5499 2070 5564 reli-

492 5563 714 5623 quiis,ac
747 5563 812 5612 de
842 5558 1089 5613 memoriis
1124 5558 1171 5611 in
1212 5573 1380 5610 earnm
1417 5562 1619 5623 gratiam
1654 5558 1870 5623 Umlifab
1901 5561 2071 5610 Evodio

496 5622 742 5692 episeopo,
763 5623 961 5673 calatum
981 5637 1008 5674 a
1034 5624 1256 5694 Possidio,
1280 5625 1494 5720 thyone
1515 5623 1579 5694 ab
1601 5622 1862 5693 augustino
1887 5625 2070 5694 excita-

496 5689 557 5720 Im
573 5682 682 5720 (linit
709 5686 814 5720 inca
840 5687 1126 5720 Anmmlinnc
1143 5687 1188 5720 in
1209 5685 1291 5720 Ilhi
1344 5716 1350 5720 .
1374 5715 1380 5720 .
1400 5683 1464 5720 dp
1481 5689 1592 5720 Civil
1636 5691 1735 5720 nnL
1756 5695 1858 5720 vnn,
1881 5684 1925 5720 R,
1954 5693 2070 5720 ςριιι-

491 5682 557 5732 tis
573 5682 687 5749 dicit
702 5682 816 5749 ipse
837 5687 1126 5749 Augustinus
1143 5685 1295 5749 inlib‘.
1320 5682 1381 5749 22
1400 5683 1464 5732 de
1481 5684 1612 5749 Civit.
1636 5682 1740 5749 Dei,
1756 5695 1867 5749 cap.
1881 5684 1934 5749 8.
1954 5687 2071 5749 scri-

493 5751 574 5806 pta
596 5744 744 5805 Aviti,
781 5744 963 5796 Luctani
999 5757 1048 5799 et
1083 5747 1240 5798 Evodii
1272 5746 1444 5797 eodem
1481 5746 1774 5807 pertinentia
1794 5744 1998 5798 habebis
2021 5747 2069 5796 in

493 5806 765 5855 At'vncndice
798 5812 911 5855 tomi
935 5811 981 5855 '7.

493 5811 765 5870 Appendice
798 5812 911 5858 tomi
935 5811 981 5858 τ.

1691 379 1747 433 S.
1789 370 2149 431 AUGUSTINI
2192 368 2487 424 EPISCOI’I

3591 370 3613 424 l
3626 369 3726 426 .556

2153 483 2204 536 in
2233 483 2484 537 mundum
2513 482 2675 549 venit,
2707 495 2892 537 omnes
2923 497 3137 553 prorsus
3163 483 3405 539 inimicos
3430 499 3558 540 suos
3580 488 3727 543 inve.

2147 574 2225 629 nit
2247 617 2262 642 ,
2297 569 2563 629 neminem
2606 574 2832 629 amicum
2862 574 3081 630 invenit.
3111 574 3215 630 Pro
3254 576 3484 632 inimicis
3509 581 3726 651 sangui-

2148 680 2268 718 nem
2299 665 2430 718 fudit
2458 683 2470 718 :
2499 665 2592 720 sed
2634 667 2889 736 sanguine
2913 681 3012 722 suo
3039 668 3282 724 inimicos
3309 673 3596 728 convertit.
3628 675 3731 727 lni-

2147 755 2402 809 micorum
2432 770 2648 812 suorum
2675 757 2892 827 pomata
2923 768 3028 812 suo
3064 759 3318 830 sanguine
3356 761 3555 818 delevit
3587 782 3600 817 :
3631 763 3731 820 de-

2148 847 2305 902 lenda
2328 859 2571 918 peccata,
2598 864 2663 904 ex
2687 850 2912 907 inimicis
2937 853 3136 907 amicos
3167 852 3309 908 fecit.
3335 854 3409 909 De
3432 854 3518 910 bis
3545 859 3733 912 amicis

2147 949 2261 995 erat
2285 940 2450 995 etiam
2483 939 2786 1011 Stephanus
2815 957 2830 994 :
2863 943 2971 997 imo
3009 954 3090 999 cst
3123 953 3177 1000 et
3215 945 3336 1001 erit.
3369 945 3618 1003 Ostendit
3648 958 3730 1003 ta-
3764 985 3771 991 -

2148 1045 2268 1086 men
2300 1030 2501 1101 primus
2527 1031 2642 1102 ipse
2688 1032 2946 1088 Dominus
2995 1032 3048 1088 in
3093 1047 3251 1091 crure
3276 1076 3292 1101 ,
3334 1037 3476 1107 quod
3505 1041 3732 1094 monuit.

2148 1121 2392 1192 Undique
2420 1125 2562 1180 enim
2587 1122 2789 1179 Judmis
2812 1120 3178 1192 frementibus,
3206 1126 3587 1193 ira'scenlibus,
3617 1131 3736 1185 irri-

2149 1213 2395 1270 dentibus
2419 1256 2435 1281 ,
2464 1215 2835 1272 insultantibns
2856 1259 2872 1282 ,
2900 1216 3329 1290 cruciﬁgentibus
3347 1263 3364 1289 ,
3394 1222 3469 1277 ait
3495 1239 3509 1276 :
3541 1223 3736 1293 Pater,

2149 1305 2350 1375 ignosce
2383 1305 2520 1374 illis,
2553 1308 2674 1378 quia
2714 1308 2941 1363 nesciunt
2976 1310 3109 1380 quid.
3124 1306 3317 1382 faciunt
3359 1311 3512 1386 (Luc.
3567 1331 3694 1371 mu
3716 1359 3735 1381 ,

2151 1396 2263 1469 54).
2289 1398 2511 1454 Οωεῑιειε
2530 1399 2676 1460 enim
2694 1414 2780 1456 me
2808 1399 3086 1472 cruciﬁgit.
3110 1401 3332 1460 Cmcitas
3352 1406 3736 1475 cruciligehat:

2152 1497 2207 1545 et
2247 1490 2529 1545 cruciﬁxus
2554 1492 2634 1547 eis
2657 1491 2725 1547 de
2753 1495 3008 1564 sanguine
3045 1508 3144 1549 suo
3166 1496 3445 1568 collyrium
3485 1497 3735 1555 faciebat.

2223 1582 2278 1638 5.
2301 1581 2601 1652 Exemplum
2631 1592 2678 1638 et
2702 1584 2754 1638 in
2784 1584 3064 1656 Stephano.
3098 1585 3428 1660 Evangelium
3468 1601 3516 1645 et
3543 1593 3738 1647 instru-

2152 1681 2374 1725 mentum
2401 1680 2471 1727 cst
2495 1681 2541 1726 et
2565 1681 2928 1727 testamentum.
2950 1675 3056 1730 Sed
3083 1677 3325 1734 homines
3347 1680 3484 1750 pigri
3507 1679 3577 1735 ad
3604 1697 3740 1750 pne-

2153 1769 2386 1831 ccptum,
2413 1761 2553 1816 avidi
2581 1761 2647 1816 ad
2671 1763 2970 1835 praemium,
2993 1765 3082 1836 qui
3109 1781 3214 1820 non
3243 1766 3470 1840 diligunt
3489 1769 3746 1827 inimicos

2156 1868 2302 1919 suos,
2325 1853 2419 1910 sed
2447 1854 2516 1911 de
2541 1854 2644 1911 illis
2673 1871 2732 1912 se
2755 1857 3022 1913 vindicare
3049 1857 3317 1924 aﬁ'ectant,
3338 1877 3436 1917 nec
3459 1853 3746 1920 attendunt

2158 1943 2469 2010 Dominum,
2501 1947 2590 2016 qui
2619 1946 2663 2001 si
2693 1947 2853 2003 vellet
2881 1963 2940 2004 se
2965 1948 3236 2015 vindicare
3255 1950 3324 2007 de
3351 1952 3582 2009 inimicis
3606 1954 3748 2020 suis,

2157 2049 2264 2088 non
2289 2044 2589 2090 remaneret
2618 2037 2705 2106 qui
2736 2036 2976 2093 laudaret
3004 2051 3146 2105 eum;
3172 2041 3384 2111 quando
3411 2043 3638 2098 audiunt
3666 2045 3746 2100 lo-

2157 2139 2277 2180 cum
2306 2124 2465 2179 istum
2496 2126 2803 2197 Evangelii,
2848 2142 2954 2200 quo
2980 2129 3235 2187 Dominus
3263 2132 3316 2187 in
3358 2149 3520 2190 cruce
3568 2135 3742 2204 dixit,

2161 2213 2343 2279 Pater,
2367 2215 2570 2285 ignosce
2595 2218 2728 2285 illis,
2759 2219 2878 2287 quia
2907 2221 3132 2275 nesciunt
3155 2223 3279 2291 quid
3301 2223 3497 2293 faciunt
3513 2241 3536 2290 ;
3561 2226 3746 2283 dicunt

2160 2307 2296 2371 sibi,
2325 2307 2443 2378 Ipse
2469 2307 2573 2364 hoc
2611 2311 2817 2379 potuit,
2850 2320 3099 2383 tanquam
3126 2313 3295 2372 Filius
3324 2317 3414 2372 Dei
3434 2358 3467 2387 ,λ
3491 2327 3748 2389 tanquam

2162 2398 2348 2453 unicus
2373 2398 2565 2454 Patris.
2597 2400 2734 2456 Caro
2763 2403 2907 2457 enim
2935 2403 3233 2474 pendebat,
3278 2407 3373 2462 sed
3414 2407 3559 2465 Deus
3602 2409 3750 2466 intus

2163 2485 2378 2542 latebat.
2409 2487 2517 2543 Nos
2554 2499 2728 2546 autem
2755 2491 2879 2561 quid
2919 2506 3135 2562 sumus,
3177 2496 3269 2566 qui
3313 2497 3411 2552 ista
3451 2495 3749 2554 faciamus?

2163 2577 2374 2634 Feicllit
2411 2579 2499 2650 qui
2526 2579 2721 2649 jussit?
2745 2581 2898 2637 Absit
2927 2601 2941 2638 :
2971 2599 3075 2639 non
3101 2585 3301 2643 fefellit.
3333 2587 3389 2642 Si
3419 2589 3646 2644 multum
3680 2591 3752 2645 ad

2166 2676 2218 2724 te
2243 2677 2396 2738 putas
2420 2669 2612 2724 imitari
2642 2671 2920 2742 Dominum
2945 2683 3091 2730 tuum
3117 2716 3132 2741 ,
3175 2677 3390 2734 attende
3418 2677 3752 2749 Stephanum

2164 2771 2479 2820 conservum
2509 2770 2676 2817 tuum.
2710 2761 2967 2820 Dominus
2993 2764 3232 2820 Christus
3251 2809 3268 2834 ,
3299 2767 3488 2822 unicus
3524 2770 3618 2825 Dei
3657 2770 3752 2826 Fi-

2165 2848 2266 2906 lius
2291 2869 2306 2907 :
2329 2852 2582 2923 numquid
2606 2853 2706 2909 hoc
2725 2853 3067 2925 Stephanus?
3096 2857 3352 2914 Dominus
3371 2861 3648 2930 Christus,
3683 2863 3754 2920 de

2167 2944 2468 3016 incorrupta
2504 2945 2706 3017 virgine
2744 2957 2898 3003 natus
2940 2966 2953 3003 :
2996 2951 3250 3022 numquid
3279 2952 3379 3008 hoc
3407 2951 3755 3024 Stephanus?

2169 3037 2424 3094 Dominus
2449 3038 2692 3095 Christus
2719 3041 2885 3108 venit,
2916 3050 3021 3097 non
3047 3043 3102 3098 in
3129 3058 3290 3102 carne
3309 3047 3513 3116 peccati
3531 3047 3675 3115 ,sed
3699 3049 3760 3104 in

2169 3131 2511 3188 similitudine
2549 3133 2725 3188 carnis
2765 3135 2967 3204 peccati
3013 3135 3186 3207 (Rom.
3216 3147 3341 3203 vnt,
3365 3139 3419 3210 '5)
3456 3141 3755 3211 :numquid

2171 3217 2273 3280 hoc
2303 3225 2644 3296 Stephanus?
2673 3225 2762 3282 Sic
2789 3236 2944 3283 natus
2973 3237 3055 3283 est
3084 3239 3140 3284 ut
3159 3238 3220 3284 tu
3248 3246 3264 3296 ;
3298 3230 3420 3286 inde
3448 3242 3606 3287 natus
3631 3243 3715 3288 est
3733 3275 3752 3301 ,

2171 3316 2312 3371 unde
2339 3326 2393 3372 et
2431 3326 2485 3372 tu
2511 3334 2525 3383 ;
2551 3317 2618 3373 ab
2649 3333 2712 3374 eo
2741 3327 2962 3374 renatus‘
2980 3329 3081 3388 est,
3106 3336 3135 3374 a
3156 3335 3260 3392 quo
3289 3330 3343 3376 et
3373 3332 3463 3389 tu;
3492 3338 3558 3379 eo
3584 3324 3756 3394 pretio

2171 3407 2496 3479 redemptus,
2520 3425 2626 3480 quo
2652 3419 2707 3466 et
2736 3419 2811 3478 tu;
2835 3411 2965 3466 tanti
2993 3413 3151 3481 valet,
3180 3414 3364 3483 quanti
3389 3415 3552 3469 vales.
3581 3414 3766 3470 Unum

2173 3497 2579 3554 instrumentum
2623 3501 2777 3556 nobis
2821 3500 3013 3557 factum
3045 3513 3146 3560 est.
3178 3504 3523 3575 EVangelium
3556 3506 3755 3560 instru-

2173 3597 2412 3645 mentum
2444 3599 2526 3645 est
2548 3633 2564 3657 ,
2597 3591 2686 3646 ubi
2727 3606 2915 3647 omnes
2941 3593 3104 3665 empti
3129 3608 3310 3648 sumus
3332 3595 3395 3648 τε
3429 3593 3517 3649 ubi
3548 3604 3637 3661 tu,
3683 3596 3759 3651 ibi

2174 3679 2282 3734 ille.
2309 3680 2442 3746 Quia
2477 3680 2619 3736 servi
2657 3695 2844 3736 sumus
2866 3723 2881 3746 ,
2914 3683 3324 3737 instrumentum
3353 3692 3436 3740 est
3469 3701 3481 3737 :
3513 3685 3635 3756 quia
3665 3685 3758 3739 lilii

2175 3785 2358 3826 sumus
2381 3812 2394 3838 ,
2429 3779 2801 3828 testamentum
2827 3781 2926 3829 est.
2959 3771 3134 3844 Ipsum
3163 3773 3378 3829 attende
3395 3816 3412 3842 ,
3438 3788 3764 3830 conservum

2174 3863 2408 3918 attende.

2245 3952 2472 4009 CAPUT
2501 3952 2589 4008 Ill.
2636 3982 2706 3994 ——
2745 3955 2798 4009 4.
2831 3953 3062 4009 Lucerna
3099 3954 3314 4024 infirmis
3351 3956 3512 4010 oculis
3550 3961 3763 4010 accensa

2176 4045 2227 4098 in
2247 4053 2530 4099 sanctorum
2549 4046 2808 4116 exemplis.
2832 4045 3164 4100 lnimicorum
3197 4045 3395 4101 dilectio
3423 4047 3619 4102 donum
3644 4047 3760 4102 Dei.

2175 4134 2394 4190 Multum
2421 4143 2504 4191 est
2528 4135 2592 4189 ad
2621 4144 2693 4204 te,
2717 4136 2839 4206 quia
2865 4133 3104 4192 inﬁrmos
3131 4137 3315 4192 oculos
3338 4137 3506 4192 habes
3523 4179 3540 4205 ,
3565 4139 3764 4194 intueri

2177 4225 2386 4280 solem?
2408 4227 2678 4281 lucernam
2705 4226 2846 4282 vide.
2879 4225 3001 4284 Suis
3029 4227 3172 4283 enim
3201 4227 3476 4298 discipulis
3497 4229 3632 4284 dixit
3658 4231 3763 4284 Do-

2177 4317 2352 4373 minus
2386 4336 2400 4372 :
2429 4316 2596 4373 Nemo
2613 4319 2838 4372 accendit
2862 4319 3139 4385 lucernam,
3161 4329 3210 4374 et
3235 4321 3375 4389 ponit
3401 4331 3515 4374 eam
3540 4320 3634 4374 sub
3654 4337 3762 4375 mo-

2177 4409 2263 4463 dio
2285 4449 2300 4476 ,
2330 4408 2417 4464 sed
2453 4423 2604 4477 super
2623 4407 2978 4463 candelabrum
3002 4450 3017 4474 ,
3046 4421 3098 4463 ut
3126 4410 3286 4464 luceat
3325 4411 3557 4464 omnibus
3589 4412 3675 4481 qui
3709 4411 3762 4464 in

2178 4500 2328 4559 domo
2347 4497 2694 4571 sunt_(Maltlt.
2725 4517 2758 4556 v
2777 4541 2791 4566 ,
2818 4487 2930 4573 15).
2963 4500 3195 4566 Domus,
3227 4501 3456 4558 mundus
3478 4512 3600 4558 est:
3631 4518 3760 4557 can-

2177 4592 2451 4648 delabrum
2475 4635 2490 4658 ,
2521 4593 2716 4649 Christi
2752 4599 2883 4648 Crux
2924 4601 3007 4649 est
3037 4612 3050 4647 :
3080 4594 3296 4649 lucerna
3333 4595 3388 4649 in
3434 4594 3761 4649 candelabro

2179 4682 2397 4747 lucens,
2439 4682 2680 4738 Christus
2709 4683 2764 4737 in
2800 4698 2956 4738 cruce
2987 4683 3243 4753 pendens.
3272 4682 3330 4738 ln
3369 4684 3487 4754 ipso
3515 4684 3766 4738 candela-

2177 4775 2276 4830 bro
2305 4775 2512 4830 lucebat
2547 4776 2707 4830 etiam
2752 4775 2844 4830 ille
2868 4817 2883 4843 ,
2911 4775 3000 4848 qui
3026 4775 3172 4844 prius
3209 4774 3556 4845 lapidantium
3602 4778 3764 4830 vesti-

2179 4876 2356 4921 menta
2381 4867 2660 4933 servabat,
2686 4867 2754 4922 de
2785 4866 2946 4922 Saulo
2973 4866 3166 4921 Paulus
3184 4907 3199 4932 ,
3225 4865 3292 4921 de
3316 4866 3438 4936 lupo
3465 4875 3637 4935 agnus
3662 4907 3678 4932 ,
3711 4875 3766 4920 ct

2179 4973 2373 5027 parvus
2399 4966 2453 5013 et
2478 4970 2732 5028 magnus;
2765 4965 2949 5028 raptor
2979 4971 3237 5027 agnorum
3257 4998 3273 5023 ,
3301 4965 3356 5011 et
3394 4966 3576 5029 pastor
3599 4970 3766 5027 agno-

2179 5068 2296 5107 rum
2331 5069 2344 5104 :
2378 5052 2429 5106 in
2461 5052 2576 5121 ipso
2615 5049 2934 5106 candelabro
2980 5049 3223 5113 lucebat",
3255 5048 3466 5118 quando
3508 5047 3762 5126 dicebat,

2178 5145 2312 5201 Mihi
2334 5153 2500 5199 autem
2529 5144 2656 5198 absit
2684 5142 2894 5214 gloriari
2919 5183 2934 5208 ,
2967 5141 3064 5196 nisi
3101 5142 3156 5194 in
3193 5154 3338 5193 cruce
3365 5139 3586 5193 Domini
3608 5136 3767 5192 nostri

2176 5237 2302 5292 Iesu
2319 5235 2527 5299 Christi,
2569 5251 2658 5305 per
2680 5247 2827 5305 quem
2863 5233 2986 5287 mihi
3018 5231 3236 5286 mundus
3262 5230 3534 5299 cruciﬁxus
3560 5237 3639 5282 est
3659 5269 3674 5293 ,
3717 5235 3766 5282 et

2177 5347 2267 5401 ego
2292 5328 2482 5383 mundo
2509 5325 2710 5400 (Galat.
2739 5341 2814 5401 vi,
2851 5325 2959 5394 14).
2998 5323 3088 5379 Sic
3122 5322 3311 5388 luceat,
3353 5322 3560 5392 inquit,
3593 5321 3762 5374 lumen

2178 5400 2394 5476 vestrum
2418 5435 2589 5474 coram
2613 5400 2896 5471 hominibus
2925 5413 3137 5484 (Matth.
3185 5430 3239 5482 ν,
3289 5413 3403 5482 16).
3451 5413 3594 5468 Ecce
3624 5412 3767 5467 lucet

2180 5514 2356 5568 lumen
2382 5511 2657 5581 Stephani,
2683 5510 2820 5563 lucet
2842 5508 3054 5562 lucerna
3072 5506 3174 5561 ista
3200 5522 3211 5558 :
3235 5503 3573 5559 attendamus
3595 5504 3761 5559 illam.

2178 5604 2344 5660 Nemo
2372 5604 2544 5669 dicat,
2574 5601 2792 5656 Multum
2821 5609 2902 5657 est
2929 5598 2995 5654 ad
3041 5613 3129 5653 me
3160 5616 3172 5652 :
3202 5597 3361 5651 homo
3405 5605 3557 5662 erat,
3603 5595 3762 5649 homo

2243 5747 2258 5774 '
2296 5741 2440 5803 Edlti,
2483 5739 2600 5804 septi
2632 5750 2810 5790 sumus.
2835 5735 3001 5790 Melius
3022 5734 3202 5800 aliquot
3238 5733 3584 5795 manuscripu',
3622 5736 3766 5792 enim

2180 5816 2356 5858 tantus.
