4108 6326
340 298 473 351 14ὂῖ

335 426 410 465 es.
442 408 546 466 Sed
574 422 677 463 non
708 406 913 477 accepit
932 421 963 462 a
992 420 1071 462 se.
1100 404 1363 476 Numquid
1393 405 1614 474 accepit,
1644 414 1699 459 et
1724 404 1915 459 clausit

336 504 466 561 tibi?
493 502 635 557 Fons
657 500 954 556 communis
992 510 1073 555 εει
1099 518 1112 553 :
1144 498 1263 557 bibe
1299 498 1441 553 unde
1468 498 1617 552 bibit.
1647 496 1915 559 Beneficio

336 578 428 649 hci
465 594 668 663 accepit
707 611 721 647 :
763 590 994 647 abundat
1033 592 1125 662 qui
1164 590 1339 654 dedit;
1371 599 1428 645 et
1461 598 1516 643 ιιι
1542 600 1697 661 pete,
1740 598 1795 644 et
1827 603 1917 643 ac-

334 686 467 756 cipe.

400 774 629 831 CAPU'I'
667 774 756 829 IV.
784 803 857 815 —
894 774 948 830 5.
983 771 1280 844 Objurgatio
1306 772 1522 826 amantis
1558 787 1917 843 nonnunquam

332 868 533 924 acerba.
561 867 810 938 Stephani
832 882 978 920 amor
996 882 1116 937 erga
1140 882 1259 920 suos
1284 866 1641 937 interfetmres.
1661 865 1915 921 Dominus

315 946 514 1015 amare
538 970 593 1014 et
615 959 806 1016 acerbe
833 958 1003 1029 arguit
1028 958 1260 1023 Judaeos,
1285 958 1377 1013 sed
1406 958 1633 1013 amando
1662 975 1676 1013 :
1717 957 1804 1012 Va:
1830 973 1913 1011 vo-

333 1053 440 1117 bis,
485 1050 677 1106 Scriba
700 1060 747 1106 et
774 1050 1025 1105 Pharisari
1057 1051 1334 1121 hypocrita:
1364 1049 1572 1122 (Matth.
1600 1066 1733 1104 χχιιι
1753 1092 1768 1117 ,
1798 1048 1912 1118 15).

333 1142 556 1211 Quando
582 1142 792 1198 dicebat
821 1142 920 1197 ista
941 1182 956 1208 ,
989 1143 1109 1212 quis
1138 1157 1241 1195 non
1273 1142 1471 1196 diceret
1493 1142 1613 1211 quia
1644 1140 1829 1195 oderat
1854 1141 1918 1195 il-

334 1233 453 1297 los?
480 1233 638 1288 Venit
662 1234 727 1287 ad
750 1248 961 1289 crucem
978 1274 991 1299 ,
1011 1242 1064 1288 et
1088 1234 1159 1287 ait
1192 1249 1207 1288 :
1240 1231 1411 1299 Pater,
1433 1232 1633 1302 ignosce
1650 1230 1772 1298 illis,
1797 1232 1916 1303 quia

333 1326 558 1380 nesciunt
599 1326 720 1395 quid
766 1326 979 1397 faciunt.
1029 1324 1119 1380 Sic
1164 1333 1217 1378 et
1241 1323 1540 1394 Stephanus
1576 1324 1632 1378 in
1669 1338 1915 1379 sermone

333 1432 432 1473 suo
450 1418 592 1488 prius
612 1417 785 1488 arguit
803 1434 816 1471 :
846 1416 988 1471 Dura
1009 1416 1196 1471 cervice
1217 1457 1231 1482 ,
1273 1424 1318 1469 et
1342 1432 1442 1469 non
1464 1416 1743 1473 circumcisi
1765 1414 1918 1468 corde

332 1520 381 1579 et
416 1508 640 1562 auribus.
669 1508 841 1563 Verba
877 1516 1001 1562 sunt
1043 1508 1208 1561 sancti
1247 1504 1542 1577 Stephani,
1583 1506 1794 1576 quando
1822 1504 1915 1560 Ju-

332 1600 478 1655 dwos
517 1600 883 1670 alloquebatur
923 1598 1111 1655 :Dura
1155 1600 1379 1664 cervice,
1426 1605 1471 1651 et
1509 1615 1608 1652 non
1636 1597 1915 1651 circumcisi

333 1695 483 1763 corde
506 1703 551 1747 et
576 1693 817 1757 auribus;
842 1708 924 1747 vos
952 1708 1147 1761 semper
1176 1690 1391 1761 Spiritui
1414 1699 1588 1744 sancto
1629 1689 1879 1743 restitistis
1896 1730 1911 1755 ,

332 1788 462 1843 sicut
482 1796 528 1840 et
556 1795 721 1858 patres
746 1787 912 1841 vestri.
940 1786 1100 1851 Quem
1128 1786 1486 1857 praphetarum
1509 1800 1607 1838 non
1628 1782 1915 1837 occiderunt

335 1889 502 1939 patres
539 1880 725 1933 vestri?
768 1878 869 1933 lsta
901 1877 1158 1944 dicendo,
1195 1878 1345 1947 quasi
1373 1876 1516 1941 odit,
1547 1874 1698 1945 quasi
1740 1874 1912 1929 saevit.

334 1971 534 2040 Lingua
565 1970 792 2036 clamat,
842 1984 936 2025 cor
978 1977 1139 2024 amat.
1170 1967 1479 2023 Audivimus
1524 1968 1754 2037 linguam
1806 1966 1917 2020 cla-

332 2073 589 2129 mantem,
616 2063 899 2132 probemus
928 2062 1160 2116 animum
1188 2060 1514 2130 diligentem.
1539 2058 1669 2113 Nam
1700 2072 1819 2113 eum
1847 2057 1913 2111 ad

335 2154 536 2224 lapides
563 2152 952 2216 cucurrissent,
985 2151 1102 2207 duri
1128 2151 1193 2206 ad
1232 2151 1427 2216 duros,
1452 2148 1724 2219 jactabaut
1764 2148 1816 2203 in
1848 2147 1913 2201 il-

335 2246 441 2299 lum
468 2260 619 2315 pares
642 2259 787 2299 suos.
818 2242 986 2299 Petris
1005 2242 1360 2313 lapidabatur,
1389 2242 1476 2312 qui
1507 2255 1602 2310 pro
1624 2239 1779 2294 Petra
1804 2254 1916 2293 mo-

333 2336 601 2401 riebatur;
630 2335 837 2389 dicente
867 2334 1152 2404 Apostolo,
1183 2332 1340 2385 Petra
1363 2340 1528 2384 autem
1553 2339 1659 2384 erat
1689 2328 1916 2385 Christus

336 2426 381 2496 (l
409 2425 525 2481 Cor.
548 2442 611 2490 x,
641 2425 720 2495 4).
748 2425 952 2479 Etcum
983 2433 1126 2478 tanta
1154 2424 1368 2477 essetin
1396 2420 1637 2477 docendo
1663 2429 1914 2476 constan-

336 2518 447 2583 tia,
490 2516 662 2571 videte
705 2517 874 2585 qualis
914 2515 1175 2572 exstiterit
1215 2514 1267 2567 in
1312 2521 1484 2567 morte
1528 2512 1800 2582 patientia.
1850 2511 1917 2567 Hi

336 2610 477 2669 enim
507 2610 699 2666 ictibus
727 2610 959 2680 lapidum
985 2625 1179 2680 corpus
1206 2608 1372 2678 ipsius
1398 2609 1724 2679 quatiebant,
1751 2618 1806 2663 et
1829 2609 1920 2663 ille

336 2716 433 2771 pro
455 2700 684 2755 inimicis
705 2700 889 2769 orabat
914 2718 929 2756 :
950 2699 1371 2757 contendebatur
1396 2698 1555 2753 homo
1581 2697 1832 2764 exterior,
1864 2706 1919 2753 et

337 2789 661 2860 supplicabat
705 2789 942 2844 interior.
988 2788 1090 2844 Sed
1118 2788 1371 2843 Dominus
1397 2788 1486 2857 qui
1525 2787 1800 2854 cinxerat,
1827 2788 1916 2857 qui

338 2881 670 2951 probaverat,
700 2878 789 2949 qui
816 2880 863 2934 ei
897 2878 1280 2946 characterem,
1312 2895 1416 2933 non
1445 2880 1495 2933 in
1526 2895 1707 2947 manu,
1739 2880 1832 2934 sed
1863 2881 1917 2935 in

338 2971 509 3026 fronte
534 2978 809 3040 posuerat,
841 2972 1110 3040 spectabat
1135 2969 1365 3039 desuper
1386 2971 1608 3027 militem
1634 2986 1811 3037 suum,
1830 2971 1916 3039 ju-

338 3069 553 3116 vaturas
579 3069 869 3117 certantem
895 3104 909 3127 ,
940 3070 1289 3116 coronaturus
1330 3064 1653 3117 vincentem.
1682 3062 1918 3131 Denique

339 3151 567 3207 ostendit
586 3166 645 3207 se
666 3153 760 3207 illi.
788 3151 920 3206 Ecce
943 3152 1107 3219 enim,
1140 3152 1328 3222 inquit,
1356 3152 1497 3206 video
1526 3151 1675 3206 cmlos
1694 3162 1915 3222 apertos,

340 3252 388 3299 et
414 3242 603 3297 Filium
643 3244 858 3297 hominis
884 3253 1096 3297 stantem
1125 3244 1192 3297 ad
1233 3243 1489 3298 dexteram
1517 3242 1632 3297 Dei.
1660 3243 1818 3299 Solus
1844 3245 1919 3298 vi-

338 3333 513 3399 debat,
537 3335 657 3406 quia
686 3335 758 3391 illi
786 3335 884 3391 soli
914 3336 1220 3406 apparebat.
1253 3336 1319 3390 Et
1338 3335 1462 3405 quid
1482 3335 1556 3389 ait
1578 3350 1673 3406 pro
1693 3336 1788 3390 se?
1811 3334 1920 3389 Do-

339 3427 471 3480 mine
495 3425 531 3479 Ι
536 3444 621 3479 esu
641 3468 654 3489 ,
694 3428 864 3496 accipe
891 3427 1123 3495 spiritum
1150 3443 1335 3479 meum.
1363 3425 1467 3480 Pro
1496 3440 1554 3480 se
1581 3439 1772 3495 rogans
1814 3434 1918 3480 ste-

340 3519 439 3581 tit,
467 3532 563 3587 pro
590 3517 694 3571 illis
718 3532 858 3587 genu
882 3516 1077 3571 ﬂectit:
1102 3532 1195 3586 pro
1216 3532 1273 3571 se
1302 3524 1531 3581 erectus,
1554 3530 1649 3585 pro
1675 3516 1776 3570 illis
1801 3530 1922 3570 cur-

340 3625 471 3675 vus;
506 3624 600 3678 pro
628 3623 685 3663 se
705 3608 878 3663 celsus
897 3650 910 3671 ,
936 3624 1031 3678 pro
1060 3607 1162 3661 illis
1193 3606 1407 3661 humilis
1440 3624 1453 3660 :
1480 3622 1619 3675 genu
1650 3606 1827 3670 ﬂexit,
1867 3616 1921 3661 et

340 3703 451 3769 ait,
490 3701 733 3766 Domine,
775 3718 836 3755 ne
876 3710 1064 3756 statuas
1106 3699 1209 3753 illis
1238 3700 1331 3753 hoc
1378 3709 1658 3769 peccatum.
1703 3699 1769 3753 Et
1820 3699 1922 3755 hoc

342 3791 512 3856 dicto,
544 3790 862 3845 obdormivit
891 3790 1027 3859 (Act.
1054 3788 1171 3860 vn).
1196 3789 1239 3845 Ο
1268 3804 1485 3843 somnus
1513 3789 1683 3858 pacis!
1714 3787 1812 3867 Qui
1840 3788 1922 3843 in-

343 3892 424 3937 ter
470 3882 671 3953 lapides
715 3883 1043 3937 inimicorum
1090 3881 1374 3946 dormivit,
1413 3880 1682 3952 quomodo
1708 3882 1760 3935 in
1810 3882 1921 3936 suis

342 3974 608 4029 cineribus
637 3974 906 4044 vigilabit?
936 3972 1192 4027 Dormivit
1220 3988 1474 4040 securus,
1501 3974 1709 4043 quietus
1738 3973 1791 4028 in
1824 3987 1920 4043 pa-

343 4078 440 4131 ce;
467 4065 588 4136 quia
611 4064 853 4136 Spiritum
874 4080 1026 4119 suum
1051 4064 1275 4119 Domino
1299 4063 1706 4120 commendavit.

764 4216 992 4274 SERMO
1030 4215 1321 4273 cccxvnt
1348 4219 1366 4236 θ
1397 4216 1493 4290 (α).

761 4335 829 4380 De
847 4338 1055 4395 martyre
1074 4331 1311 4393 Stephano
1333 4330 1404 4397 (b)
1417 4369 1433 4395 ,
1457 4348 1504 4384 v.

417 4452 466 4505 1.
509 4451 755 4522 Reliquia:
780 4452 1029 4524 Stephani
1064 4457 1309 4527 martyris
1344 4457 1535 4512 inloco
1572 4474 1718 4513 sacro
1755 4460 1918 4514 collo-

342 4557 487 4597 catio.
536 4543 762 4599 Delectio
796 4562 1064 4615 corporum
1108 4546 1340 4603 Geroasii
1382 4558 1428 4603 et
1458 4548 1702 4604 Protasii.
1749 4551 1924 4608 A‘ltare

346 4633 451 4687 [λυ
478 4646 700 4690 erectum
725 4653 878 4705 super
900 4638 1134 4710 reliquias
1176 4640 1443 4710 Stephani.
1479 4640 1921 4711 Exspectat‘San-

345 4727 506 4779 ctitas
531 4736 702 4781 vestra
733 4729 870 4783 scire
894 4730 1018 4797 quid
1041 4730 1197 4785 hodie
1222 4732 1273 4785 in
1302 4732 1404 4787 isto
1432 4732 1549 4787 loco
1569 4734 1798 4803 positum
1831 4735 1917 4789 sit.

348 4817 605 4887 Reliquias
642 4828 765 4874 sunt
801 4822 951 4890 primi
976 4831 1029 4876 et
1053 4824 1341 4879 beatissimi
1371 4826 1619 4897 martyris
1643 4826 1918 4896 Stephani.

342 4908 613 4977 Audistis,
645 4924 765 4966 eum
793 4914 1055 4981 passionis
1082 4917 1199 4985 ejus
1225 4916 1380 4973 lectio
1402 4919 1667 4989 legeretur
1691 4920 1759 4975 de
1788 4921 1924 4975 libro

406 5087 421 5103 '
448 5087 736 5147 Recognitns
759 5088 803 5135 in
827 5087 889 5137 cl.
909 5088 960 5138 d.
992 5104 1033 5139 r.
1061 5098 1097 5141 t.
1121 5106 1166 5141 v.
1191 5102 1245 5145 et
1275 5096 1326 5143 in
1348 5097 1485 5145 sirm.

404 5146 474 5268 (τι)
500 5146 639 5205 Alias,
661 5148 789 5197 inter
812 5151 1162 5202 Sirmondianos
1184 5155 1262 5204 25.

404 5206 453 5266 (ὁ
482 5213 547 5257 ,tn
581 5211 789 5268 antiquis
819 5210 1111 5264 lectionariis
1142 5215 1262 5267 locui

403 5206 547 5268 tb).tn
581 5211 789 5271 antiquis
819 5210 1111 5264 lectionariis
1142 5215 1299 5267 locum
1324 5219 1416 5268 iste
1440 5232 1601 5271 sermo
1616 5236 1724 5272 cum
1747 5226 1922 5276 subse-

340 5277 745 5374 quenteoceuiat
784 5276 1006 5336 proxime
1036 5286 1152 5327 ante
1182 5293 1437 5331 sermones
1464 5282 1529 5331 de
1560 5291 1603 5332 S.
1638 5291 1921 5350 Laurentio;

340 5341 503 5374 Imme
526 5334 816 5374 Inscrtlnlttr-
846 5354 866 5374 ι
886 5342 932 5374 1η
957 5341 1235 5374 Invonlinnn
1256 5349 1280 5374 ς
1318 5344 1538 5374 ςιοηινιης
1568 5360 1579 5371 .
1602 5362 1624 5374 ..
1655 5350 1761 5374 ηυξ..
1786 5350 1894 5374 ..:,t,.

338 5334 867 5410 it:u;ue_inscril3itur,h¢
886 5342 934 5410 tn
956 5341 1236 5410 ln‘ventioue
1255 5349 1297 5389 ε.
1318 5344 1540 5410 Stephani
1567 5360 1579 5394 :
1602 5362 1624 5390 io
1654 5334 1921 5410 quiavide:

476 5393 533 5469 in
629 5386 957 5469 solemnitate,
990 5399 1053 5448 de
1068 5386 1163 5464 qua
1257 5386 1631 5469 'Ciriii'égiiibiéi

340 5449 715 5533 nihilghabeturg,
724 5531 734 5533 ξ
750 5449 1075 5533 legisolbret.
1087 5449 1100 5464 ⁸
1118 5449 1921 5533 nanitu;'riﬁi'ibsa"tii€"q66"§£é3

340 5512 484 5583 pham
523 5512 741 5583 reliquiae
777 5512 1023 5583 collocatae
1055 5534 1169 5575 sunt
1200 5512 1921 5583 in—hasilica‘eaui’ob‘causain

341 5582 538 5655 erecti,
550 5575 819 5655 fotjegapud
844 5583 1133 5655 Hipponem,
1174 5588 1257 5655 ubi
1284 5575 1921 5655 ej'dsaéinjtin'nﬁis'lﬁé'l

350 5648 848 5715 tmggftﬁglhesSe
870 5658 1097 5715 aversus
1120 5648 1439 5703 iuitium‘anni
1471 5653 1577 5715 425,
1617 5648 1681 5704 ex
1717 5654 1841 5707 libro
1861 5658 1922 5708 22

340 5695 403 5745 de
424 5699 620 5750 diritate
637 5695 741 5761 Dei,
764 5714 867 5765 cap.
891 5704 935 5753 8.

1672 289 1901 347 διεπιΜο
1938 290 2115 347 CCCX
2126 292 2255 349 Ylll.

3460 309 3593 364 H33

2023 407 2282 464 canonico
2311 409 2533 464 Actuum
2565 411 2964 483 Apostolorum,
2992 416 3435 485 quemadmodum
3468 421 3597 493 lapt-

2022 494 2176 551 datus
2199 500 2267 552 sit
2296 514 2327 554 a
2351 500 2567 567 Judmis,
2598 503 3040 573 quemadmodum
3070 507 3297 564 Domino
3326 526 3603 568 commen-

2022 588 2227 645 daverit
2255 594 2495 661 spiritum
2535 612 2707 664 suum,
2744 599 3189 668 quemadmodum
3229 604 3388 659 etiam
3419 604 3469 659 in
3501 622 3599 662 ex-

2023 687 2195 734 tremo
2239 684 2463 752 genibus
2502 686 2620 741 lixis
2663 690 2896 744 oraverit
2937 705 3033 759 pro
3074 691 3458 762 lapidatoribus
3487 698 3600 753 suis

2022 769 2157 839 (Act.
2179 772 2291 843 vn).
2337 774 2500 845 llujus
2516 791 2707 847 corpus
2727 794 2793 833 ex
2822 779 2912 835 illo
2941 795 3110 851 usque
3137 782 3203 837 ad
3234 784 3332 839 ista
3361 793 3599 855 tempora

2021 861 2203 928 latuit;
2241 880 2409 934 nuper
2435 877 2611 924 autem
2642 871 2905 940 apparuit,
2950 874 3087 928 sicut
3122 875 3296 930 solent
3336 890 3597 948 apparere

2021 963 2325 1008 sanctorum
2343 970 2564 1026 corpora
2579 971 2891 1029 martyrum,
2907 962 3228 1019 revelatione
3250 965 3363 1029 Dei,
3384 968 3601 1037 quando

2022 1044 2219 1114 placuit
2244 1046 2503 1104 Creatori.
2533 1050 2621 1106 Sic
2654 1063 2777 1110 ante
2810 1055 3012 1125 aliquot
3046 1071 3231 1124 annos,
3261 1059 3414 1113 nobis
3436 1059 3598 1130 juve-

2022 1136 2218 1191 nibns‘
2278 1139 2417 1209 apud
2466 1140 2821 1198 Mediolanum
2875 1146 3195 1214 constitutis,
3243 1158 3602 1221 apparuerunt

2020 1240 2245 1297 corpora
2283 1242 2585 1287 sanctorum
2628 1246 2919 1307 martyrum
2965 1237 3203 1294 Gervasii
3248 1251 3299 1295 et
3346 1242 3596 1297 Protasii.

2020 1316 2177 1373 Scitis
2214 1320 2355 1390 quod
2399 1321 2683 1380 Gervasius
2726 1336 2778 1380 et
2825 1327 3096 1384 Protasius
3141 1331 3296 1400 longe
3334 1334 3599 1403 posterius

2020 1412 2162 1480 passi
2191 1421 2334 1481 sunt,
2362 1430 2520 1485 quam
2548 1416 2888 1474 beatissimus
2917 1420 3235 1491 Stephanus.
3265 1424 3440 1492 Quare
3468 1440 3597 1496 ergo

2019 1502 2228 1557 illorum
2258 1506 2422 1574 prius,
2455 1517 2509 1563 et
2550 1509 2707 1579 hujus
2747 1513 2966 1582 postea?
3004 1515 3171 1571 Nemo
3196 1517 3429 1587 disputet
3443 1532 3467 1573 ':
3495 1534 3596 1575 to-

2020 1595 2194 1652 luutas
2228 1600 2318 1654 Dei
2343 1599 2499 1654 fidem
2526 1604 2737 1673 qumrit,
2768 1618 2876 1659 non
2896 1608 3262 1675 qumstionem.
3290 1609 3484 1665 Verum
3506 1626 3600 1666 au-

2019 1694 2125 1741 tem
2154 1691 2446 1746 revelatum
2468 1693 2562 1748 fuit
2584 1694 2651 1760 ei,
2678 1696 2764 1764 qui
2788 1711 2874 1751 res
2902 1696 3042 1766 ipsas
3068 1697 3306 1755 inventas
3332 1708 3600 1755 monstra-

2020 1782 2115 1834 vit.
2146 1782 2577 1841 Prmcedentibus
2621 1788 2763 1842 enim
2809 1772 2972 1859 Signis
3012 1789 3161 1844 locus
3202 1789 3598 1849 demonstratae

2006 1870 2136 1939 est;
2172 1885 2227 1929 ct
2268 1878 2537 1945 quomodo
2573 1878 2742 1935 fuerat
2783 1880 3095 1945 revelatum,
3133 1880 3209 1935 sic
3239 1889 3292 1935 et
3326 1870 3598 1938 inventum

2018 1974 2119 2018 est.
2152 1964 2298 2019 Multi
2342 1966 2464 2021 inde
2505 1968 2757 2037 reliquias
2799 1979 3139 2041 acceperunt,
3180 1972 3301 2041 quia
3334 1970 3475 2026 Deus
3500 1987 3596 2026 vo-

2020 2054 2140 2119 luit,
2188 2064 2243 2110 et
2288 2056 2391 2111 huc
2419 2068 2700 2113 venerunt.
2740 2058 3155 2115 Commendatur
3191 2076 3319 2130 ergo
3344 2060 3599 2117 Charitati

2018 2152 2209 2199 vestrae
2253 2156 2306 2201 et
2344 2146 2491 2201 locus
2534 2157 2586 2203 et
2615 2148 2729 2203 dies
2760 2168 2772 2204 :
2803 2160 3082 2221 utrumque
3127 2151 3502 2207 celebrandum
3542 2152 3598 2207 in

2019 2236 2281 2292 honorem
2328 2239 2443 2304 Dei,
2485 2256 2643 2310 quem
2686 2241 2961 2297 confessus
3004 2251 3085 2297 est
3122 2243 3444 2314 Stephanus.
3488 2245 3598 2301 Nos

2018 2327 2159 2381 enim
2184 2328 2235 2381 in
2262 2328 2363 2382 isto
2384 2329 2503 2383 loco
2526 2344 2629 2384 non
2660 2345 2804 2385 aram
2836 2331 3059 2386 fecimus
3084 2333 3373 2403 Stephano,
3406 2334 3499 2389 sed
3531 2334 3599 2389 de

2018 2418 2258 2489 reliquiis
2299 2419 2553 2490 Stephani
2587 2437 2733 2476 aram
2764 2422 2894 2477 Deo.
2928 2422 3089 2479 Grata
3115 2431 3239 2479 sunt
3274 2425 3384 2479 Deo
3412 2424 3599 2495 hujus-

2019 2509 2163 2563 modi
2211 2509 2417 2564 altaria.
2449 2510 2654 2579 Quatris
2695 2514 2901 2583 quare?
2942 2512 3075 2580 Quia
3116 2516 3335 2584 pretiosa
3377 2515 3429 2569 in
3470 2532 3597 2569 con-

2019 2609 2190 2669 specta
2226 2600 2430 2655 Domini
2470 2619 2605 2657 mors
2642 2615 2931 2659 sanctorum
2960 2606 3070 2676 ejus
3102 2604 3273 2678 (Psal.
3311 2622 3439 2672 cxv,
3483 2608 3595 2678 15).

2020 2688 2303 2761 Redempti
2330 2702 2451 2746 sunt
2485 2694 2761 2764 sanguine,
2791 2695 2879 2765 qui
2905 2698 3213 2767 sanguinem
3251 2712 3346 2768 pro
3373 2696 3601 2752 Redem-

2021 2790 2172 2850 ptore
2203 2782 2472 2839 fuderunt.
2517 2784 2610 2841 Ille
2641 2787 2793 2853 fudit,
2826 2796 2883 2843 ut
2911 2803 3095 2843 eorum
3134 2791 3277 2845 salus
3307 2790 3598 2847 redimere—

2020 2880 2139 2927 tur:
2173 2873 2243 2927 illi
2274 2873 2546 2941 fuderunt,
2598 2886 2654 2931 ut
2690 2878 3036 2949 Evangelium
3066 2879 3182 2949 ejus
3210 2880 3595 2937 dill'amaretur.

2020 2964 2385 3021 Reddiderqu
2412 2968 2606 3037 vicem,
2648 2970 2741 3024 sed
2789 2987 2895 3026 non
2929 2972 2995 3026 de
3038 2988 3137 3027 suo
3167 2981 3261 3027 :ut
3306 2974 3449 3027 enim
3497 2972 3601 3029 hoc

2020 3066 2259 3125 possent,
2302 3058 2390 3113 ille
2414 3058 2673 3125 donavit;
2705 3069 2758 3115 et
2796 3071 2852 3117 ut
2879 3062 3029 3117 ﬁeret
3055 3062 3196 3132 quod
3229 3064 3295 3118 ab
3322 3064 3451 3132 ipsis
3485 3064 3601 3119 fieri

2021 3150 2211 3217 potuit,
2240 3151 2329 3205 illc
2349 3151 2584 3207 donavit.
2610 3152 2924 3209 Exhibendo
2948 3153 3323 3225 dignationem,
3353 3155 3603 3210 deditoc-

2019 3240 2307 3296 casionem.
2341 3241 2559 3297 Factum
2591 3253 2692 3310 est,
2722 3244 2862 3315 passi
2898 3253 3041 3311 sunt,
3074 3244 3409 3301 calcaverunt
3440 3262 3599 3301 mun-

2020 3331 2169 3386 dum.
2784 3330 2789 3331 ν

2090 3423 2144 3475 2.
2186 3422 2438 3494 Martyres
2480 3440 2581 3478 non
2621 3435 2816 3480 tantum
2850 3427 3024 3481 διεσαιὶ
3064 3427 3289 3495 delicias,
3330 3429 3442 3495 sed,
3466 3431 3601 3499 quod

2022 3511 2272 3581 diﬁicilins
2318 3522 2407 3577 est,
2458 3524 2702 3569 tormenta
2750 3518 2989 3570 vicerunt.
3030 3515 3289 3572 Certamm
3337 3536 3491 3588 usque
3536 3520 3604 3572 ad

2021 3603 2333 3672 sanguinem.
2364 3604 2557 3658 Parum
2603 3606 2682 3663 eis
2726 3606 2822 3660 fuit
2866 3617 3207 3663 contemnere
3248 3609 3466 3664 delicias
3498 3625 3602 3664 sre-

2022 3694 2125 3747 culi
2156 3709 2169 3759 ;
2198 3710 2401 3763 ptenas,
2435 3697 2627 3763 minas,
2660 3686 2921 3753 tormenta
2964 3700 3225 3754 vicerunt.
3254 3700 3359 3754 Pro
3388 3700 3600 3775 confes-

2022 3785 2173 3839 sione
2197 3786 2337 3839 enim
2372 3787 2461 3840 Dei
2492 3796 2837 3843 contemnere
2863 3789 3003 3859 quod
3025 3789 3273 3857 delectat,
3301 3791 3457 3845 valde
3488 3806 3604 3845 ma-

2022 3891 2183 3945 gnum
2226 3894 2240 3930 :
2280 3876 2373 3931 sed
2419 3878 2594 3933 minus
2644 3888 2726 3934 est
2772 3889 3113 3935 contemnere
3161 3881 3301 3951 quod
3354 3881 3601 3944 delectat,

2024 3984 2182 4039 quam
2206 3970 2419 4025 vincere
2462 3971 2603 4041 quod
2630 3973 2897 4028 molestat.
2926 3974 3202 4029 Coustitue
3227 3975 3381 4028 alicui
3403 3974 3601 4029 dictum

2023 4076 2162 4127 esse,
2191 4060 2331 4131 Nega
2355 4060 2646 4128 Christum,
2670 4073 2723 4119 et
2741 4062 2810 4119 do
2836 4064 2927 4119 tibi
2950 4064 3091 4135 quod
3113 4081 3216 4119 non
3247 4065 3410 4121 habes
3435 4082 3450 4120 :
3472 4080 3602 4119 con-

2026 4153 2241 4222 tempsit
2265 4154 2405 4223 quod
2434 4154 2682 4234 delectat,
2714 4163 2767 4210 et
2799 4171 2903 4210 non
2945 4157 3172 4226 negavit.
3204 4157 3273 4210 At
3300 4156 3391 4210 ille
3416 4170 3603 4225 persc-

2023 4254 2177 4299 cutor
2221 4246 2463 4316 adjecit:
2502 4247 2617 4302 Non
2662 4249 2744 4303 vis
2784 4249 3029 4319 accipere
3064 4248 3203 4317 quod
3248 4263 3353 4302 non
3400 4247 3606 4303 habes?

2024 4338 2154 4392 tollo
2182 4340 2319 4407 quod
2345 4338 2533 4395 habes.
2559 4340 2672 4395 Non
2704 4342 2781 4395 sic
2807 4342 2941 4411 Sapit
2961 4341 3183 4405 lucrum,
3208 4340 3474 4409 quomodo
3502 4340 3601 4395 do-

2025 4428 2099 4483 let
2122 4427 2373 4483 damnum
2400 4447 2412 4483 :
2444 4430 2565 4499 quia
2597 4431 2797 4485 facilius
2825 4441 2905 4486 est
2940 4446 3045 4486 non
3074 4431 3418 4497 manducare,
3446 4447 3605 4501 quam

2024 4532 2259 4573 vomere.
2289 4518 2406 4574 Non
2451 4522 2753 4591 acquisivit,
2796 4536 2901 4576 non
2933 4520 3271 4576 manducavit
3299 4540 3311 4575 :
3338 4522 3478 4592 quod
3520 4537 3608 4577 ac-

2024 4612 2278 4681 quisicrat
2326 4612 2574 4681 perdidit,
2624 4612 2764 4683 quod
2820 4612 3229 4667 manducavcrat
3280 4614 3501 4673 vomuit.
3552 4615 3630 4677 In,
3686 4597 3697 4609 ”

2025 4717 2130 4755 non
2158 4701 2527 4757 manducando
2566 4704 2685 4772 gula
2712 4702 3004 4771 fraudatur,
3035 4703 3088 4757 iu
3116 4705 3378 4759 vomendo
3407 4714 3609 4759 stoma-

2023 4791 2154 4846 chus
2182 4793 2457 4847 evertitur.
2490 4792 2701 4848 Fortior
2726 4803 2807 4848 est
2832 4809 2958 4864 ergo
3000 4794 3054 4848 in
3084 4794 3421 4850 confessione
3454 4794 3609 4851 Chri-

2026 4883 2114 4948 sti,
2148 4882 2240 4952 qui
2274 4882 2465 4937 damna
2492 4898 2597 4938 non
2632 4885 2827 4951 timuit,
2865 4900 3023 4956 quam
3054 4885 3146 4955 qui
3176 4886 3325 4941 lucra
3367 4896 3611 4943 contem-

2029 4976 2152 5045 psit.
2180 4974 2283 5029 Sed
2313 4974 2504 5030 damna
2528 4976 2741 5046 qualia?
2777 4978 3130 5033 Amissionem
3156 4978 3415 5047 pecunite,
3446 4980 3613 5033 amis-

2025 5066 2229 5120 sionem
2260 5066 2582 5136 patrimonii,
2611 5067 2953 5123 amissionem
2982 5084 3161 5123 rerum
3184 5069 3443 5134 omnium,
3470 5084 3603 5139 quas

2026 5157 2270 5212 habebat.
2303 5157 2406 5214 Sed
2430 5160 2669 5213 inimicus
2693 5160 2925 5213 nondum
2952 5161 3193 5229 proxime
3218 5162 3461 5215 accessit.
3496 5161 3607 5215 llos

2025 5249 2318 5318 perierunt,
2370 5267 2486 5320 quae
2526 5251 2820 5305 forinsecus
2859 5251 3189 5321 adjacebant.
3238 5252 3293 5306 Si
3337 5267 3443 5305 non
3490 5261 3616 5305 sunt

2024 5349 2212 5394 amata:
2263 5356 2381 5396 cum
2434 5339 2792 5405 haberentur,
2840 5357 2945 5396 non
2987 5342 3436 5396 contristaverunt
3488 5356 3610 5396 eum

2024 5433 2410 5487 amitterentur.
2462 5432 2529 5486 Et
2572 5441 2629 5486 ut
2670 5433 2902 5489 breviter
2945 5436 3137 5502 dicam,
3193 5435 3405 5506 quando
3455 5436 3617 5491 amit-

2025 5533 2225 5591 tuntur,
2257 5532 2458 5577 tantum
2486 5526 2735 5581 maeroris
2759 5525 3052 5591 dimittunt,
3084 5537 3339 5598 quantum
3368 5544 3490 5583 cum
3516 5528 3613 5583 ha-

2090 5662 2103 5691 t
2131 5660 2729 5731 simondushvidemiyus.
2755 5663 2922 5715 Plures
2937 5670 3062 5727 Mss,
3072 5663 3346 5727 juvenibus.
3368 5668 3484 5719 Vide
3505 5674 3618 5719 Ooo-

2032 5720 2288 5784 fessiones,
2310 5721 2394 5772 lib.
2415 5724 2464 5787 9,
2489 5738 2593 5789 cap.
2620 5727 2666 5776 7.
