4108 6326
572 241 710 308 1459

1819 251 1878 307 S.
1919 252 2054 310 AUC
2064 253 2279 312 US’I‘INI
2318 259 2618 320 EPISCOPI

472 411 480 420 ,
567 356 836 428 herentur,
879 363 1044 418 amari
1085 371 1387 432 potuerunt.
1425 365 1532 424 Sed
1559 368 1886 437 persecutori
1927 370 2140 426 illorum

566 455 881 518 temporum,
922 453 1136 522 quando
1178 455 1558 512 occidebantur
1595 460 1784 525 sancti,
1816 476 2001 530 parum
2045 465 2140 520 fuit

561 536 739 592 dicere
766 557 779 594 :
806 539 1005 596 Aufcro
1038 543 1179 614 quod
1222 545 1406 602 habes.
1456 548 1720 618 Torqueo,
1769 552 1959 622 inquit,
2005 554 2132 626 ligo,

559 627 766 682 occido.
797 629 907 686 Hoc
932 633 1020 702 qui
1045 650 1150 689 non
1179 637 1366 702 timuit,
1392 640 1643 694 mundum
1675 642 1818 697 vicit.
1853 646 2132 702 Certamen

555 731 655 789 pro
682 721 901 777 veritate
939 723 1005 778 ad
1028 740 1290 782 summum
1325 730 1702 799 perduxerunt,
1745 737 1832 804 qui
1871 753 2040 807 usque
2063 739 2131 796 ad

3689 291 3830 350 μω

2249 375 2327 430 sic
2341 391 2650 446 evaserunt;
2683 380 2786 451 fac,
2819 384 2865 440 si
2896 385 2972 441 vis
2999 388 3208 459 vivere;
3235 396 3500 469 morieris,
3528 401 3575 457 si
3605 419 3710 461 non
3739 409 3823 464 fe-

2245 466 2398 520 ceris.
2432 467 2563 525 Vide
2588 471 2632 526 si
2664 487 2768 528 non
2795 484 2899 543 est,
2926 477 3183 550 Morieris,
3215 484 3259 539 si
3282 486 3553 546 Christum
3583 509 3691 551 non
3715 514 3818 553 ne-

2239 557 2463 622 gaveris.
2487 559 2636 627 Quod
2661 562 2868 620 dicebat
2893 579 3074 638 aperte
3102 577 3323 647 martyri
3347 592 3678 651 persecutor,
3711 587 3819 644 hoc

2241 644 2330 698 tibi
2369 661 2434 702 ex
2458 649 2672 722 obliquo
2711 654 3116 716 dicit'occultus
3148 644 3397 723 tentatur.
3441 670 3549 728 Fac
3589 644 3682 731 tibi
3709 678 3818 734 hoc

2235 737 2551 808 remedium,
2573 751 2629 797 et
2657 743 2841 801 vives:
2874 762 3052 806 nonne
3091 752 3191 810 hoc
3220 765 3322 823 est,
3355 759 3622 828 Sacriﬁca,
3649 777 3702 822 et
3726 769 3814 822 vi-

3032 805 3043 806 ’
3134 805 3188 810 "
3224 805 3322 823 "'I
3355 805 3622 828 ’ν’-ν·ι-νυις
3649 805 3702 822 νδ
3734 805 3810 822 νι-

553 805 657 863 ista
684 820 1039 868 certaverunt.
1087 817 1201 872 Hoc
1246 829 1328 875 est
1356 822 1494 890 quod
1533 823 1662 878 dicit
1700 827 1755 879 in
1797 805 2033 897 Epistula
2061 830 2129 886 ad
2232 827 2446 922 vesti-Si
2470 846 2575 887 non
2599 831 2811 904 feceris,
2841 843 3086 898 morieris
3113 862 3126 898 :
3157 862 3334 905 nonne
3361 852 3463 908 hoc
3488 866 3591 922 est,
3615 859 3670 914 Si
3696 877 3810 917 non

555 895 806 922 l’AL_..‘-
841 919 851 922 _
893 901 963 922 l7-
1030 905 1041 922 Ι
1217 910 1227 920 ι
1537 914 1547 922 ι
1707 917 1717 922 -
1740 918 1751 922 -
1950 921 1954 922 ,

553 895 809 956 Hebrtcos
840 919 852 954 :
881 901 1127 959 Nondum
1147 910 1277 963 enim
1298 927 1453 980 usque
1478 914 1547 966 ad
1571 917 1864 986 sanguinem
1889 921 2080 976 adversi

553 1000 805 1020 ,,,,,,,,,,,,,,
848 997 1069 1020 “Mm;
1106 996 1263 1020 n.4,,
1327 1018 1397 1020 η
1477 1005 1510 1020 ,.
1576 1005 1596 1020 ,
1664 1009 1676 1019 .
1826 1018 1833 1020 Α
1978 1012 1999 1020 -

2796 895 2809 904 ⁷
3013 895 3023 896 ,
3043 895 3080 898 η
3114 895 3124 898 -
3157 895 3334 905 --ω-..ν
3361 895 3463 908 -.νν
3488 895 3591 922 νινε,
3615 895 3670 914 ul
3696 895 3805 917 uuu

2228 917 2628 986 sacriﬁcaveris,
2687 923 2967 984 morieris?
3010 931 3262 992 Invenisti
3310 957 3492 1010 parem
3544 962 3805 1020 pugnam,

549 1000 807 1060 peccatum
843 997 1070 1052 certastis
1102 996 1283 1069 (Hebr.
1326 1018 1418 1067 xu,
1464 1005 1543 1076 4).
1576 1005 1678 1076 Ipsi
1701 1018 1840 1083 sunt
1879 1012 2118 1080 perfecti,

546 1079 637 1152 qui
663 1081 921 1141 adversus
947 1099 1219 1154 peccatum
1253 1106 1417 1162 usque
1446 1096 1512 1150 ad
1535 1099 1856 1167 sanguinem.
1872 1111 2115 1160 certave-

542 1179 686 1224 runt.
711 1172 846 1241 Quid
873 1183 954 1231 est
969 1177 1226 1234 adversus
1244 1187 1556 1251 peccatum?
1577 1188 1845 1244 Adversus
1868 1207 2116 1263 magnum

541 1270 816 1328 peccatum
848 1282 862 1318 :
889 1265 1146 1324 adversus
1169 1274 1502 1342 negationem
1537 1277 1752 1334 Christi.
1775 1280 1954 1338 Nostis
1978 1300 2114 1354 quo-

539 1353 700 1406 modo
741 1358 1024 1413 certaverit
1065 1361 1321 1420 adversus
1358 1377 1631 1436 peccatum
1675 1371 1927 1432 Susanna.
1947 1393 2114 1450 usque

536 1439 603 1494 ad
632 1445 942 1514 sanguinem
971 1448 1130 1517 (Dan.
1166 1454 1305 1523 xm).
1347 1455 1453 1511 Sed
1498 1474 1566 1512 ne
1595 1461 1722 1515 sola:
1749 1462 1959 1520 femina:
1985 1439 2110 1526 hinc

535 1530 766 1590 habeant
785 1540 1221 1610 consolationem,
1256 1553 1310 1602 ct
1330 1548 1426 1602 viri
1451 1549 1518 1604 de
1544 1567 1765 1610 numero
1791 1570 1889 1611 suo
1910 1559 2107 1630 aliquid

532 1634 774 1691 quaerant
802 1628 924 1694 tale,
954 1631 1110 1700 quale
1131 1633 1181 1688 in
1210 1634 1450 1692 Susanna
1475 1640 1648 1696 extitit
1677 1659 1692 1696 :
1726 1646 1894 1701 nostis
1919 1628 2106 1718 quem-

529 1711 814 1770 admodum
840 1717 1037 1790 .loseph
1072 1732 1254 1780 contra
1280 1738 1555 1796 peccatum
1594 1746 1759 1804 usque
1783 1736 1850 1792 ad
1888 1711 2102 1810 sangui-

529 1819 650 1862 nem
677 1810 896 1866 certavit
921 1811 1072 1883 (Gen.
1115 1817 1329 1889 xxxix).
1358 1819 1555 1878 Similis
1596 1834 1679 1880 est
1711 1841 1889 1884 causa.
1918 1830 1985 1886 Et
2013 1833 2099 1890 illa

528 1892 714 1952 habuit
739 1899 900 1956 falsos
926 1910 1086 1959 testes
1122 1920 1215 1962 eos
1246 1908 1409 1978 ipsos,
1450 1913 1640 1982 quibus
1667 1921 1970 1977 consentire
1997 1938 2096 1979 no-

525 1983 644 2052 luit,
677 2003 744 2044 ne
772 2002 1049 2059 peccaret;
1092 2003 1144 2050 et
1171 1997 1258 2051 ille
1295 2014 1410 2053 eam
1441 2001 1629 2071 ipsam,
1665 2006 1749 2060 cui
1778 2009 1946 2064 noluit
1971 2027 2098 2068 con-

521 2077 738 2133 sentire.
763 2078 982 2152 Utrique
1011 2085 1200 2154 quibus
1229 2103 1334 2142 non
1359 2099 1441 2146 est
1466 2093 1531 2147 ad
1563 2106 1833 2164 peccatum
1863 2116 2092 2160 consen-

518 2179 660 2232 sum,
683 2168 870 2225 falsum
908 2172 1155 2230 dixerunt
1181 2180 1574 2251 testimonium;
1617 2197 1668 2242 et
1697 2191 1786 2258 qui
1813 2193 2095 2251 audierunt

521 2256 863 2314 crediderunt
889 2279 903 2314 :
931 2263 1028 2318 sed
1060 2265 1223 2321 Deum
1257 2284 1361 2324 non
1388 2273 1647 2330 vicerunt.
1675 2277 1955 2337 Liberatur
1979 2285 2087 2355 illa,

517 2346 773 2404 liberatur
796 2360 852 2409 et
893 2353 1001 2411 ille.
1043 2357 1200 2425 Quid,
1229 2360 1274 2414 si
1303 2370 1357 2417 et
1385 2378 1738 2436 morerentur,
1773 2388 1951 2430 nonne
1977 2392 2092 2433 am-

515 2437 654 2508 plius
707 2441 1092 2515 liberarentur,
1164 2452 1375 2520 quando
1429 2459 1603 2512 securi
1665 2471 2086 2524 coronarentur?

513 2526 688 2596 Quare
708 2531 842 2598 dixi,
879 2537 1051 2592 securi
1081 2548 1502 2602 coronarentur?
1529 2548 1660 2616 Quia
1690 2553 1834 2608 nulla
1865 2560 2083 2616 tentatio

511 2631 834 2679 remaneret.
881 2625 1011 2681 Nam
1061 2631 1163 2686 etsi
1207 2633 1425 2690 liberata
1473 2647 1556 2695 est
1598 2641 1860 2713 Susanna,
1909 2650 2085 2709 adhuc

509 2712 792 2781 tentanda;
837 2723 893 2771 et
933 2717 1048 2789 ipse
1071 2721 1268 2794 Ioseph
1307 2727 1481 2785 adhuc
1524 2735 1805 2792 lentandus
1829 2738 2084 2800 liberatus

505 2811 608 2859 est.
637 2803 783 2861 Unde
805 2811 1126 2866 lentandus?
1153 2817 1275 2885 quia
1305 2822 1510 2876 tentatio
1531 2833 1602 2878 est
1626 2827 1727 2881 vita
1750 2828 1972 2886 humana
1991 2851 2080 2888 su-

505 2910 596 2964 per
619 2902 806 2951 terram
834 2897 954 2970 (Job
982 2918 1072 2972 vu,
1104 2903 1179 2977 l).
1223 2907 1400 2979 Usque
1423 2913 1490 2967 ad
1518 2925 1742 2973 mortem
1774 2927 1880 2976 tota
1913 2933 2081 2981 tenta-

503 2992 617 3042 tio:
645 2997 766 3058 post
809 3002 1035 3049 mortem
1080 2998 1193 3057 sola
1236 2999 1538 3072 beatitudo;
1589 3009 1682 3065 sed
1735 3011 2074 3086 Sanctorum,

503 3091 728 3147 quorum
763 3097 908 3140 mors
938 3087 1167 3156 pretiosa
1195 3101 1278 3146 est
1317 3093 1370 3148 in
1419 3110 1705 3169 conspectu
1736 3105 1852 3162 Dei.
1884 3109 1951 3165 Et
1987 3113 2076 3169 illa

2186 2992 2388 3035 tantum
2411 2992 2667 3043 exhortor
2689 2993 2754 3046 ad
2777 2993 3098 3056 Charitatem
3120 3015 3350 3064 vestram
3374 3013 3758 3087 aediﬁcandam,

2184 3076 2238 3120 ut
2264 3069 2443 3127 sciatis
2469 3085 2706 3134 sanctum
2733 3079 3061 3155 Stephanum
3092 3091 3353 3154 honorem
3384 3101 3582 3161 Christi
3610 3125 3762 3176 qua:-

501 3091 728 3147 quorum
763 3097 908 3140 mors
938 3087 1167 3156 pretiosa
1195 3101 1278 3146 est
1317 3093 1370 3148 in
1419 3110 1705 3169 conspectu
1736 3105 1852 3162 Dei.
1884 3109 1951 3165 Et
1987 3113 2076 3169 illa

499 3182 628 3240 ergo
654 3180 834 3228 contra
873 3186 1171 3248 peccatum,
1202 3181 1254 3236 id
1293 3193 1376 3238 est
1417 3197 1603 3246 contra
1642 3193 1990 3265 adulterium,
2021 3214 2075 3260 ct

497 3258 591 3314 ille
609 3272 793 3320 contra
817 3267 921 3322 tale
948 3280 1243 3341 peccatum,
1273 3290 1441 3346 usque
1466 3280 1532 3334 ad
1557 3287 1867 3356 sanguinem
1895 3304 2071 3350 certa—

496 3361 706 3406 verunt.
733 3353 902 3426 Majus
943 3370 1213 3428 peccatum
1253 3373 1336 3420 est
1359 3365 1627 3426 Christum
1660 3353 1879 3446 negare,
1912 3398 2070 3453 quam

497 3441 814 3500 adulterium
840 3460 1166 3520 perpetrare.
1196 3455 1530 3516 Adulterium
1556 3441 2072 3536 carnis'est,’illicite

497 3535 893 3594 concumbere:
923 3541 1245 3601 adulterium
1293 3550 1470 3606 cordis
1517 3562 1620 3621 est,
1656 3559 1930 3618 veritatem
1975 3581 2069 3622 ne-

492 3637 641 3693 gare.
664 3625 717 3681 In
750 3627 876 3695 ﬁde,
910 3631 961 3684 in
990 3642 1188 3702 mente,
1212 3635 1283 3691 ibi
1303 3637 1462 3695 debet
1486 3656 1603 3698 esse
1628 3649 1861 3705 castitas.
1892 3653 2068 3713 Prima

492 3711 566 3768 ibi
601 3723 685 3770 est
712 3731 902 3786 parens
931 3719 1038 3775 Eva
1076 3734 1342 3796 corrupta.
1373 3728 1466 3784 Vis
1491 3747 1649 3790 nosse
1674 3736 1726 3791 in
1763 3739 1848 3795 illa
1877 3757 2065 3800 corru-

490 3801 674 3873 ptione
714 3808 1127 3877 magnitudinem
1171 3815 1763 3886 iniquitatis?'Attendc
1792 3831 1844 3886 in
1886 3837 2057 3908 nobis,

488 3893 578 3962 qui
608 3893 732 3950 inde
751 3898 859 3951 nati
882 3914 1083 3967 sumus,
1107 3907 1519 3975 magnitudinem
1544 3916 1877 3978 calamitatis.
1903 3924 2062 3985 Verbi

488 3983 650 4055 hujus
674 3989 775 4042 mei
804 4001 1040 4046 sanctam
1063 3994 1388 4066 Scripturam
1421 4012 1606 4061 testem
1635 4010 1807 4069 citabo
1833 4033 1846 4068 :
1877 4017 1921 4070 A
1946 4036 2061 4076 mu-

488 4073 630 4139 liere,
667 4075 852 4152 inquit,
880 4081 1078 4136 initium
1105 4088 1293 4155 factum
1337 4100 1406 4144 est
1433 4098 1641 4164 peccati,
1683 4109 1729 4154 et
1761 4115 1965 4175 prapter
1989 4111 2058 4164 il-

486 4161 589 4220 lam
620 4166 861 4220 morimur
885 4186 1053 4226 omnes
1083 4173 1265 4242 (Eccli.
1291 4194 1424 4248 xxv,
1467 4183 1579 4255 33).
1611 4161 1875 4255 Quod-illa
1903 4161 2057 4256 acce-

486 4253 634 4323 pitin
675 4271 850 4326 poena,
887 4259 987 4317 hoc
1013 4275 1359 4325 contemnunt
1397 4253 1655 4349 martyres
1684 4297 1782 4352 pro
1816 4287 2054 4348 victoria.

486 4345 706 4404 Mortem
750 4351 855 4406 illis
897 4358 1248 4431 comminatus
1290 4371 1374 4418 est
1411 4365 1572 4437 Deus,
1618 4387 1684 4428 ne
1730 4391 2052 4444 peccarent:

485 4447 709 4495 mortem
740 4445 1057 4518 martyribus
1085 4449 1328 4509 inimicus
1355 4459 1708 4520 comminatus
1731 4477 1832 4536 est,
1859 4480 1916 4526 ut
1936 4489 2057 4544 pec-

485 4539 688 4585 carent.
739 4532 816 4587 illi
861 4544 916 4590 ut
951 4550 1303 4620 morerentur,
1345 4561 1698 4618 peccaverunt
1736 4577 1750 4616 :
1789 4573 2053 4636 martyres

394 4631 399 4640 ·
483 4620 675 4674 mortui
705 4633 845 4686 sunt,
874 4642 941 4680 ne
979 4641 1277 4698 peccarent.
1324 4627 1473 4694 Unde
1501 4637 1605 4699 illis
1634 4661 1789 4715 poena
1831 4620 2048 4725 inﬂicta,

481 4707 605 4765 inde
632 4709 747 4766 istis
780 4713 944 4783 gloria
973 4722 1242 4776 suscitata.

549 4801 602 4854 5.
649 4801 883 4874 Martyrii
909 4810 1141 4875 quazdam
1170 4813 1304 4868 lucta
1351 4816 1403 4872 in
1431 4825 1781 4884 tentatiouibus
1801 4835 2052 4903 quotidia-

477 4889 576 4943 nis.
598 4889 949 4950 Certaverunt
976 4912 1120 4969 ergo,
1155 4910 1209 4956 et
1236 4905 1492 4963 vicerunt.
1520 4911 1731 4973 Priores
1762 4922 2003 4983 vicerunt
2031 4948 2044 4984 :

476 4978 570 5032 sed
614 4995 717 5036 non
763 4995 977 5053 pontem
1022 5004 1125 5057 quo
1165 4996 1421 5053 transiere
1462 5005 1835 5079 praeciderunt,
1867 5025 1922 5071 et
1947 5033 2048 5074 no-

474 5076 642 5124 strum
673 5086 942 5129 accessum
981 5079 1380 5147 prohibuerunt.
1413 5088 1563 5148 Patet
1591 5097 1676 5150 cui
1716 5076 1888 5169 placet
1910 5123 1922 5161 :
1947 5124 2048 5168 nec

473 5160 686 5229 qualem
733 5162 806 5218 illi
837 5168 974 5234 passi
1015 5179 1157 5238 sunt,
1201 5177 1428 5244 optanda
1469 5191 1551 5236 est
1589 5160 1921 5262 persecutio;
1949 5199 2044 5256 sed

471 5251 778 5319 quotidiana
793 5263 875 5309 est
891 5255 1135 5315 humana:
1153 5262 1276 5320 vita:
1293 5269 1530 5326 tentatio.
1553 5251 1850 5348 Aliquando
1869 5251 2043 5358 aegro-

473 5347 550 5396 tat
574 5341 767 5412 ﬁdelis,
797 5355 851 5402 et
875 5347 947 5403 ibi
976 5359 1058 5406 est
1085 5359 1334 5412 tentator.
1373 5341 1705 5426 Promittitur
1730 5373 1804 5429 illi
1830 5341 2043 5447 prousa-

469 5430 582 5488 Iute
608 5435 848 5494 illicitum
877 5442 1214 5514 sacriﬁcium,
1242 5452 1396 5508 noxia
1425 5465 1478 5510 et
1505 5463 1758 5537 sacrilega
1791 5469 2036 5546 ligatura,

469 5523 689 5546 --ι’---.1-
735 5529 773 5546 9,
801 5544 814 5546 _
895 5538 908 5546 ρ
951 5532 984 5546 ,ο
1212 5539 1224 5546 .

1696 5523 1725 5537 ν
1826 5523 1856 5540 υ
1884 5523 2035 5546 ⁷⁷’”““”,

469 5523 695 5581 nefanda
735 5529 1042 5602 incantatio,
1088 5539 1288 5608 magica
1335 5552 1664 5607 consecratio
1694 5562 2035 5638 promittitur,

469 5615 621 5638 ,2-1.-
653 5618 771 5638 Δε-ε.
908 5624 964 5638 ιιι
1079 5635 1086 5638 Α
1121 5628 1172 5638 α..
1308 5633 1322 5638 -

464 5615 624 5688 eique
647 5618 878 5682 dicitur:
905 5624 1000 5683 Ille
1039 5635 1093 5684 ct
1118 5628 1209 5688 illo
1235 5633 1389 5706 pejus
1415 5646 1468 5696 te
1495 5615 1773 5712 periclitati
1814 5615 2040 5732 sun—till

2226 1018 2404 1074 qumre
2449 1023 2628 1078 parem
2657 1015 2910 1083 palmam.
2941 1020 2997 1074 ln
3039 1022 3178 1082 lecto
3203 1043 3284 1095 es,
3336 1041 3390 1086 et
3419 1033 3469 1089 in
3510 1015 3683 1095 stadio
3708 1015 3804 1108 es:

2215 1091 2384 1162 jaces,
2424 1105 2478 1152 et
2507 1099 2747 1158 luctaris.
2778 1105 3037 1166 Permane
3066 1113 3119 1168 in
3154 1091 3290 1184 fidei;
3320 1129 3373 1175 el
3397 1122 3524 1179 dum
3552 1126 3807 1200 fatigatus

2219 1195 2300 1248 es,
2329 1185 2516 1242 vincis.
2547 1189 2764 1249 Habetis
2785 1211 2934 1268 ergo,
2960 1201 3281 1273 charissimi,
3312 1225 3420 1268 non
3461 1229 3682 1284 parvum
3709 1237 3804 1277 so-

2217 1269 2420 1344 latium,
2453 1281 2753 1338 crationum
2795 1286 2990 1344 locum.
3023 1292 3222 1365 Martyr
3253 1269 3668 1370 Stephanus
3694 1310 3803 1368 ho-

2215 1377 2434 1423 noretur
2483 1388 2496 1425 :
2533 1373 2629 1430 sed
2679 1376 2732 1432 in
2785 1378 2902 1450 ejus
2951 1383 3153 1442 honore
3199 1404 3488 1454 coronator
3539 1397 3802 1472 Stephani

2211 1456 2480 1516 adoretur.

2636 1579 2866 1640 sermo
2915 1586 3166 1647 ccam
3205 1597 3226 1618 ο
3265 1595 3362 1670 (α).

2667 1697 2738 1742 De
2757 1695 2996 1758 Stephano
3015 1707 3242 1767 martyre,
3260 1719 3324 1757 vr.

2274 1805 2497 1866 CAPUT
2534 1810 2812 1874 PRIMUM.
2829 1849 2899 1862 —
2925 1823 2977 1877 1.
3023 1823 3273 1898 Stephani
3295 1833 3364 1890 ad
3389 1833 3600 1893 Iudaeos
3624 1844 3794 1898 oratio

2201 1911 2350 1965 quam
2370 1900 2609 1967 prudens.
2639 1906 2932 1976 Stephanus
2961 1922 3200 1985 tanquam
3228 1937 3398 1978 servus
3422 1927 3670 1984 miracula
3697 1934 3790 2001 fa-

2198 1985 2265 2037 cit
2290 1986 2340 2040 in
2367 1987 2554 2045 Christi
2593 1997 2812 2052 nomine.
2846 2001 3015 2058 Donet
3046 2007 3175 2062 mihi
3210 2011 3462 2070 Dominus
3507 2035 3673 2088 pauca
3703 2024 3790 2080 di-

2197 2090 2318 2132 cere
2345 2079 2648 2153 salubriter,
2671 2089 2761 2157 qui
2783 2090 2998 2149 donavit
3016 2109 3204 2155 sancto
3229 2079 3674 2174 Stephano'tanta
3693 2116 3786 2170 di-

2195 2180 2319 2224 cere
2347 2168 2572 2228 fortiter.
2621 2176 2710 2232 Sic
2741 2182 2906 2252 cmpit
2931 2185 2996 2240 ad
3042 2202 3168 2246 suos
3196 2168 3567 2262 persecutores
3609 2203 3782 2274 loqui,

2194 2259 2343 2326 quasi
2375 2261 2584 2320 timeret
2610 2282 2737 2324 eos:
2773 2269 2879 2328 Viri
2914 2280 3096 2347 fratres
3133 2291 3182 2336 et
3197 2259 3397 2354 patres,
3423 2293 3610 2346 audite.
3639 2259 3782 2362 Quid

2193 2346 2396 2404 lenius?
2438 2354 2563 2423 quid
2605 2346 2956 2420 clementiuS?
2998 2346 3328 2430 Conciliahat
3371 2378 3688 2450 auditorem,
3720 2399 3791 2443 ιιι

2192 2442 2592 2504 commendaret
2613 2446 2961 2514 Salvatorem.
2991 2457 3191 2523 Blande
3211 2467 3397 2536 coepit,
3426 2479 3483 2524 ut
3507 2472 3597 2530 diu
3623 2477 3781 2531 audi-

2195 2536 2358 2582 retur.
2392 2531 2457 2586 Et
2498 2535 2619 2604 quia
2651 2538 2775 2595 hinc
2803 2541 2978 2601 fuerat
3006 2531 3312 2620 accusatus,
3335 2531 3476 2626 quod
3503 2564 3664 2620 verba
3691 2567 3776 2622 di-

2194 2627 2349 2674 xerat
2375 2633 2560 2679 contra
2591 2626 2756 2685 Deum
2787 2642 2841 2687 et
2866 2633 3057 2705 legem,
3083 2640 3249 2710 ipsam
3277 2644 3447 2716 legem
3473 2650 3578 2707 illis
3594 2669 3772 2726 expo-

2187 2707 2313 2774 suit,
2341 2719 2398 2765 ut
2422 2712 2537 2783 ejus
2560 2717 2693 2786 legis
2719 2732 2862 2779 esset
2885 2707 3223 2799 prmdicator,
3246 2707 3399 2806 cujus
3421 2707 3774 2808 accusabalur

2187 2811 2306 2853 esse
2333 2812 2586 2860 vastator.
2615 2808 2726 2866 Hoc
2752 2822 2806 2867 et
2833 2816 3132 2877 audivimus
3156 2832 3210 2881 et
3231 2827 3454 2886 audistis
3475 2851 3490 2889 :
3513 2851 3616 2890 non
3640 2851 3769 2895 sunt

2185 2898 2362 2943 nostra
2401 2895 2566 2950 multa
2620 2907 2938 2974 necessaria,
2983 2913 3106 2982 quia
3153 2918 3319 2973 multa
3361 2923 3601 2981 audistis.
3651 2929 3769 2987 Hoc

2186 2985 2388 3035 tantum
2411 2984 2667 3043 exhortor
2689 2993 2754 3046 ad
2777 2993 3098 3056 Charitatem
3120 3015 3350 3064 vestram
3374 3013 3758 3087 aediﬁcandam,

2181 3157 2342 3226 sisse,
2400 3171 2455 3217 ut
2503 3168 2683 3224 sciatis
2723 3185 2964 3232 sanctum
3000 3181 3286 3257 Martyrem
3323 3201 3511 3250 testem
3562 3197 3762 3259 Christi

2178 3245 2360 3317 fuisse,
2397 3262 2454 3308 ut
2489 3258 2668 3316 sciatis
2707 3279 2826 3320 cum
2860 3276 3000 3326 tanta
3028 3283 3153 3331 tunc
3179 3280 3433 3338 miracula
3461 3286 3514 3341 in
3538 3292 3758 3349 nomine

2176 3339 2371 3397 Christi
2397 3344 2604 3404 fecisse.
2629 3351 2741 3409 Hoc
2767 3359 2906 3414 enim
2928 3363 3212 3424 salubriter
3231 3372 3398 3442 scitis,
3426 3377 3756 3451 Stephanum

2176 3441 2415 3488 sanctum
2446 3437 2634 3497 fecisse
2681 3446 2933 3506 miracula
2969 3453 3020 3508 in
3062 3460 3277 3520 nomine
3304 3465 3522 3537 Christi,
3551 3475 3754 3533 nullum

2173 3530 2349 3578 autem
2381 3527 2692 3590 miraculum
2724 3537 2912 3599 fecisse
2937 3545 3219 3608 Dominum
3245 3553 3513 3627 Christum
3556 3566 3608 3620 in
3648 3584 3754 3624 no-

2173 3612 2316 3669 mine
2345 3614 2636 3688 Stephani:
2660 3637 2717 3682 ut
2741 3630 3055 3695 discernatis
3083 3657 3292 3702 servum
3315 3664 3343 3704 a
3367 3651 3609 3726 Domino,
3640 3662 3757 3716 θυι.
3787 3707 3797 3712 -

2172 3708 2342 3758 torem
2369 3720 2397 3760 a
2426 3708 2554 3777 Deo,
2585 3715 2921 3779 adoratorem
2952 3727 3020 3781 ab
3043 3731 3332 3801 adorando.
3365 3741 3586 3808 Quando
3604 3751 3751 3806 enim

2170 3789 2493 3865 discernitis,
2524 3808 2649 3860 tunc
2677 3823 2773 3864 vos
2801 3825 2962 3870 amat.
2991 3817 3106 3876 Non
3137 3826 3280 3884 enim
3306 3844 3403 3899 pro
3423 3847 3482 3889 se
3508 3835 3600 3892 ille
3617 3855 3750 3895 san-

2169 3883 2383 3952 guinem
2412 3888 2564 3959 fudit,
2605 3898 2698 3953 sed
2729 3916 2826 3970 pro
2849 3903 3064 3966 Christo
3093 3913 3248 3975 fudit.

2243 3975 2465 4082 CAPUT
2501 3982 2565 4038 II.
2591 4016 2664 4028 —
2685 3989 2736 4045 2.
2763 3991 3009 4064 Spiritum
3030 4019 3176 4060 suum
3195 4007 3392 4068 Christo
3412 4023 3748 4082 commendat.

2169 4063 2354 4124 Videte
2379 4073 2464 4127 cui
2506 4077 2736 4136 animam
2779 4099 2927 4144 suam
2975 4100 3445 4162 commendaverit.
3479 4109 3627 4180 Ecce,
3659 4117 3748 4170 in-

2164 4155 2295 4226 quit,
2324 4161 2464 4218 video
2488 4167 2637 4223 caelos
2667 4185 2887 4245 apertos,
2913 4190 2960 4235 et
2988 4182 3181 4241 Filium
3203 4191 3421 4250 hominis
3441 4156 3653 4258 stantem
3676 4210 3744 4260 ad

2164 4245 2420 4305 dexteram
2447 4253 2562 4310 Dei.
2594 4258 2734 4316 Vidit
2749 4264 3014 4327 Christum
3038 4279 3301 4337 conﬁtens
3318 4285 3607 4359 Christum,
3627 4310 3744 4351 mo-

2162 4337 2362 4396 riturus
2411 4359 2508 4413 pro
2550 4345 2780 4419 Christo,
2813 4371 3153 4426 perrecturus
3179 4370 3246 4425 ad
3274 4337 3658 4446 Christum;’et
3686 4387 3744 4441 in

2162 4433 2416 4488 extremis
2443 4450 2563 4494 cum
2590 4439 2724 4499 ictus
2760 4448 3163 4513 crebrescerent
3209 4461 3464 4536 lapidum,
3513 4481 3566 4527 et
3606 4473 3739 4532 dura

2078 4535 2088 4548 -
2161 4518 2378 4576 vulnera
2401 4538 2430 4578 a
2457 4524 2606 4583 duris
2621 4533 3226 4618 cordibusjactarentur,
3245 4554 3374 4610 vidit
3399 4572 3459 4614 se
3482 4561 3734 4635 vicinum,

3209 4614 3220 4618 -
3519 4614 3734 4635 -------π.

2159 4622 2265 4664 non
2295 4614 2481 4682 exitio,
2531 4620 2626 4675 sed
2655 4625 2853 4694 exitui;
2884 4632 3014 4688 vidit
3041 4639 3272 4698 animam
3300 4660 3448 4703 suam
3472 4650 3586 4721 jam
3614 4658 3734 4710 exi-

2159 4704 2350 4768 turam,
2379 4713 2430 4760 et
2454 4714 2846 4773 commendavit
2864 4735 3004 4777 eam.
3031 4723 3163 4783 Cui?
3193 4731 3271 4788 Illi
3292 4751 3449 4806 quem
3471 4704 3733 4810 vidit,'i—lli

2154 4803 2312 4858 quem
2333 4794 2514 4865 coluit,
2537 4800 2612 4856 illi
2632 4807 2716 4860 cui
2740 4811 2982 4883 servivit,
3012 4817 3088 4873 illi
3115 4824 3268 4892 cujus
3293 4842 3489 4887 nomen
3530 4839 3732 4904 ιιι-α)άί-

2152 4882 2311 4948 cavit,
2330 4884 2402 4941 illi
2420 4901 2520 4957 pro
2533 4893 2683 4962 cujus
2707 4882 2994 4974 Evangelia
3014 4882 3246 4970 animam

2151 4977 2602 5051 mendavitipsam
2622 4989 2871 5048 animam.
2902 4995 3136 5071 Domine,
3167 5005 3356 5079 inquit,
3383 5012 3529 5085 Iesu,
3553 5021 3732 5092 accipe

3122 5066 3132 5071 -
3238 5066 3255 5079 ι
3342 5066 3356 5078 1
3425 5066 3529 5085 ’ν-ήν
3554 5066 3729 5092 "'"l"

2149 5066 2384 5135 spiritum
2409 5088 2593 5130 meum.
2621 5077 2816 5138 Fecisti
2847 5102 2933 5143 me
2957 5091 3235 5163 victorem,
3266 5103 3443 5175 recipe
3462 5106 3515 5162 in
3538 5109 3729 5166 trium-

2149 5153 2213 5175 ..1.
2227 5172 2303 5175 _-_4
2331 5159 2346 5175 Ι
2431 5162 2447 5175 ¹
2521 5165 2534 5175 ⁸
2689 5170 2700 5175 “
2734 5173 2744 5175 “

2149 5153 2312 5224 phum
2331 5159 2370 5212 ί.
2410 5162 2597 5236 Accipe
2619 5170 2854 5239 spiritum
2886 5195 3072 5237 meum.
3113 5184 3193 5242 Illi

2147 5250 2391 5320 suscipe:
2420 5253 2496 5309 illi
2516 5257 2753 5330 ejiciunt,
2784 5274 2840 5320 tu
2878 5268 3190 5332 intromitte.
3218 5250 3315 5338 Dic
3338 5250 3544 5355 spiritui
3575 5307 3720 5363 meo,

2159 5337 2296 5363 1.....-
2319 5343 2364 5363 3--
2409 5362 2418 5363 κ
2521 5349 2551 5363 ι.
2673 5351 2709 5363 ν.
2806 5357 2818 5363 -
2862 5359 2873 5363 ,
2957 5362 2960 5363 ,
2997 5362 3000 5363 ,

2147 5337 2296 5395 Intra
2315 5343 2367 5398 in
2394 5349 2637 5417 gaudium
2661 5351 2873 5412 Domini
2890 5362 2966 5418 tui
2981 5362 3193 5434 (Matth.
3220 5337 3725 5449 xxv,

2146 5430 2310 5500 enim,
2341 5434 2524 5508 Accipe
2547 5441 2780 5511 spiritum
2801 5464 2984 5505 meum.

2208 5565 2225 5647 ξ
2247 5571 2378 5649 2153.,
2403 5568 2564 5649 recipe
2582 5572 2910 5649 triumphum;
2928 5587 3131 5649 omisso,
3158 5591 3224 5641 in.

2551 5632 2745 5713 tamn}
2768 5653 2827 5713 ς..
2841 5650 2877 5693 ι.
2891 5632 3334 5709 'etinvtvlllmz'l‘ar.
3361 5666 3469 5713 Lor.

2209 5687 2280 5751 ((ι)
2303 5687 2441 5755 Alias,
2466 5693 2530 5746 de
2552 5687 2852 5754 Diversis—51;
