4108 6326
336 296 459 354 MM

399 414 452 466 ὅ.
499 409 729 477 Quonam
750 412 975 475 receptus
995 399 1103 471 ejus
1124 398 1330 469 spiritus
1356 413 1387 449 a
1415 394 1632 451 Christo.
1670 392 1774 447 Sed
1799 390 1909 460 spi-

332 503 495 558 ritum
519 498 664 553 illius
690 510 795 566 quo
819 493 1022 561 accepit
1045 489 1236 545 Jesus?
1277 488 1329 541 in
1356 500 1512 556 quam
1542 480 1910 537 mansionem?

330 595 383 649 in
427 588 567 661 quod
604 587 797 644 malum
836 580 992 639 caeli?
1020 579 1149 648 Quis
1176 572 1613 647 comprehendit?
1654 572 1770 643 quis
1813 586 1909 625 ex-

329 686 508 756 plicat.

405 773 630 833 CAPUT
671 771 755 827 lII.
777 767 960 822 -—Vis
1004 764 1188 820 audire
1216 757 1588 830 compendium
1632 752 1742 828 (a)?
1772 751 1908 807 Audi

333 869 509 941 ipsum
535 864 838 921 Christum:
865 858 1043 921 Pater,
1088 855 1202 909 volo
1241 859 1297 905 ut
1326 850 1406 904 ubi
1445 864 1534 919 ego
1570 863 1702 910 sum,
1747 853 1793 897 et
1832 843 1910 896 illi

331 935 431 1016 sint
464 971 655 1012 mecum
683 952 861 1024 (Joan.
890 965 1020 1013 xvn,
1050 944 1167 1015 24).
1198 943 1335 998 Esse
1378 939 1467 996 ubi
1514 947 1597 994 est
1641 935 1905 1024 Christus,

332 1065 448 1122 quae
488 1054 667 1119 potest
696 1023 1168 1111 comprehendere
1211 1029 1492 1102 cogitatio?
1533 1027 1684 1103 cujus
1713 1024 1779 1078 ad
1808 1023 1911 1078 boe

330 1114 701 1211 eXpIicandum
728 1131 924 1187 sufﬁcit
966 1126 1183 1183 sermo?
1214 1121 1363 1179 Fidei
1412 1114 1834 1178 commendetur,
1878 1127 1910 1166 a

331 1204 508 1302 lingua
557 1240 662 1281 non
709 1228 1064 1291 exspectetur.
1109 1212 1366 1276 Audistis,
1404 1224 1525 1264 cum
1568 1204 1911 1302 Evangelium

331 1293 614 1391 legeretur,
652 1313 751 1371 Ubi
780 1328 870 1384 ego
898 1326 1030 1374 sum,
1063 1307 1168 1361 illic
1192 1313 1240 1358 et
1265 1301 1491 1356 minister
1515 1314 1652 1352 meus
1675 1293 1786 1391 (Id.
1812 1308 1907 1391 xtl,

330 1385 449 1483 ἦέ).
481 1410 727 1467 Graecum
745 1404 983 1460 codicem
1008 1398 1186 1468 legite,
1214 1403 1268 1450 et
1291 1394 1570 1449 diaconum
1603 1385 1907 1443 invenietis.

329 1501 484 1572 Quod
506 1502 647 1555 enim
670 1499 1048 1565 interpretatus
1070 1497 1152 1546 est
1176 1488 1388 1550 latinus,
1418 1483 1679 1543 Minister;
1706 1490 1913 1548 graecus

335 1568 516 1657 habet,
538 1592 830 1650 Diaconus;
855 1584 976 1655 quia
1007 1596 1134 1635 vere
1163 1579 1418 1634 diaconus
1447 1586 1643 1643 graece,
1673 1568 1913 1623 minister

333 1696 418 1742 est
449 1685 640 1739 latine:
664 1677 930 1751 quomodo
961 1683 1162 1743 martyr
1190 1683 1381 1741 graece,
1406 1665 1558 1722 testis
1578 1663 1915 1751 latine;apo-

332 1776 503 1832 stolus
530 1750 721 1843 grtece,
772 1771 967 1822 missus
1013 1763 1191 1817 latine.
1243 1759 1344 1815 Sed
1384 1758 1495 1827 jam
1542 1750 1914 1811 consuevimus

332 1842 635 1921 nominibus
661 1863 846 1932 graecis
872 1859 950 1911 uti
998 1870 1093 1925 pro
1124 1852 1321 1907 latinis.
1353 1850 1485 1905 Nam
1521 1847 1673 1903 multi
1702 1842 1915 1899 codices

333 1954 740 2025 Iivaugeliorum
767 1950 843 2005 sic
864 1946 1086 2008 habent,
1116 1942 1215 2000 Ubi
1248 1957 1360 1996 sum
1394 1956 1505 2011 ego,
1532 1937 1638 1992 illic
1666 1944 1713 1989 et
1738 1933 1914 1987 diaco-

333 2065 427 2102 nus
457 2062 615 2101 meus.
657 2043 770 2097 IIoc
797 2049 977 2111 putate
1002 2038 1223 2101 dictum,
1272 2034 1394 2104 quia
1435 2031 1537 2085 hoc
1574 2036 1656 2083 est
1690 2027 1910 2091 dictum,

339 2138 435 2195 Ubi
460 2153 571 2192 sum
597 2152 704 2206 ego,
738 2134 843 2186 illic
868 2140 914 2186 et
936 2131 1180 2183 diaconus
1207 2141 1364 2179 meus.
1394 2123 1535 2193 Ergo
1563 2121 1700 2176 bene
1729 2118 1913 2173 diaco-

332 2245 433 2284 nus
476 2227 664 2298 ipsius,
696 2223 913 2278 Domine
936 2219 1082 2284 Iesu,
1114 2219 1286 2286 accipe
1327 2216 1560 2284 spiritum
1604 2226 1788 2265 meum.
1834 2208 1915 2261 'I‘u

332 2320 620 2393 promisisti
660 2315 1001 2385 Evangelium
1039 2311 1183 2381 legi,
1216 2308 1563 2377 Evangelium
1594 2300 1911 2393 praedicavi,

339 2391 437 2467 Ubi
466 2427 578 2466 sum
605 2425 715 2480 ego,
740 2406 848 2460 illic
868 2413 914 2459 et
940 2404 1183 2456 diaconus
1210 2415 1367 2452 meus.
1396 2394 1587 2451 Exstiti
1614 2392 1706 2447 tibi
1737 2391 1916 2445 diaco-

332 2522 434 2561 nus
465 2515 605 2571 tuus,
636 2497 1049 2556 ministravitibi
1081 2496 1387 2563 sanguinem
1415 2503 1613 2554 meum,
1647 2484 1795 2556 posui
1819 2496 1914 2552 pro

328 2606 387 2651 te
412 2595 640 2649 animam
663 2606 871 2656 meam;
900 2585 1065 2644 redde
1087 2583 1215 2639 mihi
1242 2579 1647 2652 promissionem
1674 2583 1839 2630 tuam.

404 2685 627 2741 CAPUT
666 2682 755 2738 1V.
798 2712 869 2723 —
894 2682 946 2735 4.
990 2677 1095 2731 Pro
1131 2672 1493 2745 lapidatoribus
1517 2669 1623 2725 suis
1659 2686 1748 2723 cur
1784 2683 1915 2737 genu

338 2780 440 2848 fixo
470 2786 597 2832 orat.
627 2776 693 2829 Et
720 2788 817 2845 pro
837 2771 1055 2834 Judaeis,
1086 2782 1186 2839 pro
1218 2763 1600 2835 lapidatoribus
1644 2760 1775 2826 suis,
1820 2772 1914 2827 pro

340 2868 573 2923 cruentis
614 2864 880 2927 cordibus,
926 2876 1021 2931 pro
1060 2856 1366 2914 crudelibus
1410 2852 1601 2907 animis
1644 2849 1913 2922 quomodo

337 2960 538 3016 oravit?
563 2960 715 3015 Genu
742 2956 873 3010 ﬁxit.
901 2955 1069 3009 Tanta
1100 2949 1369 3005 humilitas
1385 2944 1663 3017 Stephani,
1694 2956 1914 3012 magnus

332 3061 511 3107 reatus
538 3062 618 3105 est
645 3049 785 3103 illius
807 3044 1007 3117 populi.
1038 3042 1144 3098 Pro
1169 3056 1227 3097 se
1255 3049 1403 3094 stans
1427 3034 1650 3107 rogavit,
1685 3047 1781 3103 pro
1810 3032 1914 3086 illis

334 3160 469 3217 genu
511 3142 641 3197 fixit.
687 3140 810 3195 Illos
848 3138 949 3193 sibi
985 3132 1308 3206 prteposuit?
1336 3131 1520 3187 Absit:
1554 3143 1663 3183 non
1687 3135 1768 3217 est
1793 3140 1912 3180 cre-

330 3216 588 3291 dendum.
629 3231 882 3302 Diligebat
913 3228 1189 3283 inimicos:
1219 3224 1311 3279 sed
1343 3222 1409 3276 de
1440 3219 1682 3291 proximo
1712 3216 1912 3270 dictum

334 3334 437 3393 est,
460 3323 646 3395 Diliges
671 3322 956 3392 proximum
984 3327 1123 3372 tuum
1145 3316 1270 3369 sicut
1292 3323 1338 3367 te
1358 3316 1521 3384 ipsum
1551 3307 1762 3381 (Matth.
1781 3322 1909 3372 xm,

335 3416 445 3488 39).
473 3416 649 3485 Quare
680 3427 806 3483 ergo
834 3426 973 3481 genu
1006 3408 1149 3463 fixit?
1178 3406 1308 3474 Quia
1338 3403 1537 3458 sciebat
1578 3416 1636 3455 se
1669 3413 1763 3468 pro
1793 3413 1911 3451 sce-

334 3508 516 3563 Ieratis
544 3520 727 3569 orare;
770 3510 824 3556 et
850 3507 1046 3571 quanto
1080 3503 1233 3552 erant
1270 3496 1342 3548 illi
1373 3493 1731 3562 maligniores,
1767 3497 1913 3542 tanto

335 3614 393 3653 se
421 3595 686 3653 difficilius
718 3590 978 3648 exaudiri.
1011 3585 1336 3643 Dominusin
1354 3598 1511 3639 cruce
1532 3580 1790 3652 pendens,
1817 3578 1915 3631 Pa-

336 3700 427 3755 ter,
459 3687 646 3758 inquit,
672 3686 873 3757 ignosce
896 3682 999 3736 illis
1022 3696 1040 3735 :
1063 3677 1361 3748 Stephanus
1383 3674 1480 3730 sub
1501 3673 1758 3744 lapidibus
1773 3686 1912 3742 genu

336 3782 460 3845 ﬁxo,
488 3780 718 3843 Domine,
748 3794 809 3831 ne
834 3784 1022 3832 statuas
1040 3772 1145 3827 illis
1160 3772 1254 3824 hoc
1273 3768 1508 3823 delictum
1525 3766 1657 3837 (Act.
1681 3767 1799 3835 vlt).
1818 3764 1914 3820 Se-

336 3882 488 3926 cutus
530 3880 605 3925 cst
656 3869 874 3938 vestigia
927 3864 1152 3936 pastoris
1179 3863 1281 3930 sui,
1313 3870 1560 3930 tanquam
1588 3858 1725 3913 bona
1756 3859 1910 3913 ovis:

337 3964 506 4017 bonus
532 3976 700 4032 agnus
728 3967 942 4015 secutus
978 3965 1062 4011 est
1103 3955 1333 4025 Agnum,
1365 3952 1517 4021 cujus
1552 3950 1767 4020 sanguis
1796 3949 1916 4003 tulit

337 4064 610 4121 peccatum
640 4050 840 4105 mundi.
864 4047 1104 4118 Implevit
1130 4044 1269 4114 quod
1299 4044 1371 4099 ait
1399 4043 1668 4113 apostolus
1690 4041 1910 4097 Petrus:

337 4144 564 4198 Christus
590 4158 681 4214 pro
709 4140 849 4194 nobis
895 4154 1072 4209 passus
1112 4145 1201 4202 est,
1239 4135 1525 4204 relinquens
1571 4135 1712 4187 nobis
1750 4148 1915 4187 exem-

338 4236 498 4304 plum,
530 4244 584 4286 ut
609 4248 874 4302 sequantur
892 4229 1097 4300 vestigia
1119 4228 1226 4298 ejus
1251 4226 1295 4295 (I
1327 4224 1469 4279 Petr.
1502 4241 1558 4292 tt,
1585 4225 1698 4295 2|).

406 4325 631 4381 CAPUT
670 4325 732 4379 γ.
755 4352 829 4363 ——
849 4323 902 4378 5.
946 4321 1234 4390 Stephanus
1258 4320 1309 4373 in
1328 4332 1421 4373 sua
1442 4317 1671 4389 passione
1696 4318 1915 4371 imitator

336 4417 525 4472 Christi
555 4416 806 4486 patientis.
854 4413 982 4467 Vide
1023 4412 1289 4466 hominem
1337 4418 1648 4480 sequentem
1694 4408 1914 4478 vestigia

338 4508 547 4563 Domini
578 4507 678 4561 sui.
711 4504 954 4559 Christus
993 4503 1044 4557 in
1076 4516 1252 4565 cruce,
1297 4498 1474 4565 Pater,
1519 4500 1571 4552 in
1599 4491 1776 4553 month
1801 4508 1915 4552 tuas

339 4598 627 4654 commendo
657 4596 888 4665 spiritum
932 4590 1453 4661 meum:Stcphanns
1494 4589 1593 4644 sub
1629 4589 1910 4659 lapidibus,

344 4690 553 4743 Domine
566 4689 596 4744 J
604 4704 709 4752 esu,
729 4686 925 4754 suscipe
950 4685 1179 4754 spiritum
1197 4698 1379 4737 meum.
1406 4680 1650 4735 Christus
1666 4681 1715 4733 in
1735 4694 1910 4745 cruce,

341 4782 516 4847 Pater,
560 4781 762 4850 ignosce
801 4778 925 4838 illis,
958 4777 1078 4845 quia
1105 4775 1328 4828 nesciunt
1372 4773 1492 4842 quid
1538 4773 1731 4843 faciunt
1759 4770 1909 4841 (Luc.

337 4887 486 4937 xxut,
510 4872 599 4933 54,
622 4868 711 4941 46)
735 4885 747 4921 :
779 4866 1082 4936 Stephanus
1106 4863 1207 4921 sub
1229 4861 1509 4932 lapidibus,
1538 4861 1752 4915 Domine
1766 4862 1908 4925 Jesu,

338 4978 398 5015 ne
424 4970 614 5016 statuas
642 4959 745 5013 illis
774 4962 866 5011 hoc
892 4956 1149 5011 delictum.
1173 4953 1448 5022 Quomodo
1471 4960 1651 5022 posset
1679 4952 1777 5006 iste
1808 4967 1913 5005 non

339 5052 408 5105 ibi
438 5067 556 5109 esse
576 5051 664 5104 ubi
693 5056 807 5104 erat
830 5062 986 5118 quem
1008 5054 1218 5101 secutus
1242 5051 1344 5111 est,
1368 5043 1455 5097 ubi
1478 5050 1592 5097 erat
1610 5058 1767 5112 quem
1790 5042 1914 5096 inti-

341 5149 476 5195 tatus
496 5140 608 5194 est?

410 5230 635 5285 CAPUT
672 5227 760 5283 Vl.
783 5258 852 5268 ——
883 5228 933 5281 6.
976 5222 1199 5281 Detectio
1241 5225 1464 5293 corporis
1489 5225 1617 5296 ejus.
1650 5223 1914 5280 Orationes

341 5322 499 5390 ipsius
518 5321 677 5373 multa
705 5320 992 5388 impetrant,
1016 5332 1117 5370 non
1136 5316 1322 5369 omnia.
1350 5313 1734 5383 Triumpltavit,
1758 5329 1915 5369 coro-

345 5422 499 5467 natus
528 5423 625 5467 est.
652 5411 829 5465 Latuit
853 5418 999 5463 tanto
1031 5416 1267 5476 tempore
1310 5420 1504 5476 corpus
1532 5406 1666 5476 ejus,
1703 5422 1916 5475 proces-

345 5507 415 5562 sit
434 5504 644 5575 quando
670 5505 807 5558 Deus
827 5503 1010 5564 voluit,
1033 5502 1345 5556 illuminavit
1372 5511 1560 5566 terras,
1586 5510 1725 5556 tanta
1757 5504 1916 5557 mira~

345 5596 463 5651 cula
492 5596 634 5662 fecit,
658 5604 895 5650 mortuus
916 5595 1063 5650 vivos
1088 5594 1209 5649 facit
1228 5602 1487 5661 mortuos,
1510 5595 1632 5663 quia
1656 5608 1753 5649 nec
1777 5610 1917 5649 mor-

408 5709 483 5776 (a)
510 5714 568 5761 rc
578 5714 667 5771 tte,
691 5706 979 5769 cmnpendio.

1703 272 1934 331 SERSIO
1971 269 2216 334 CCCXX.

3451 277 3593 348 tm

2021 398 2158 446 tuus.
2188 393 2326 464 Ergo
2356 393 2457 450 hoc
2480 396 2794 454 commendo
2815 398 3074 456 Charitatl
3096 398 3316 470 vestrm,
3334 412 3388 457 ut
3408 404 3588 459 sciatis

2015 483 2153 549 quod
2178 489 2445 541 orationes
2474 486 2589 556 ejus
2615 490 2775 544 multa
2805 492 3107 561 impetrant,
3138 509 3244 547 non
3272 502 3447 549 tamen
3473 508 3590 548 om-

2014 573 2121 626 nia.
2149 574 2278 628 Nam
2305 577 2602 645 invenimus
2616 582 2777 636 etiam
2796 583 2845 636 in
2864 583 3052 638 libellis
3080 585 3168 655 qui
3195 585 3405 650 dantur,
3427 583 3591 641 fuisse

2014 663 2088 716 illi
2116 663 2450 723 difﬁcultates
2476 669 2811 739 impetrandi,
2843 681 2897 728 et
2916 674 3182 744 accepisse
3199 685 3373 730 tamen
3404 685 3586 746 postea

2014 752 2351 821 beneﬁcium,
2378 773 2483 813 non
2514 759 2793 817 deﬁciente
2818 765 3069 833 supplicis
3104 766 3226 821 ﬁde.
3266 766 3380 821 Non
3406 782 3589 821 cessa-

2017 851 2124 897 tum
2164 854 2264 911 est,
2297 857 2502 933 oratum
2544 860 2647 917 est,
2679 863 2732 906 et
2769 852 2914 907 dedit
2945 863 3124 923 postea
3157 856 3295 912 Deus
3338 872 3435 926 per
3462 856 3589 911 Ste-

2014 932 2271 1002 phanum.
2301 934 2437 991 Sunt
2466 941 2625 994 verba
2647 944 2847 996 orantis
2873 943 3147 1014 Stephani,
3182 954 3237 1000 et
3273 961 3585 1015 responsum

2014 1034 2096 1078 est
2124 1025 2232 1078 illi:
2258 1027 2361 1081 Pro
2385 1043 2486 1097 qua
2514 1044 2635 1085 oras
2668 1046 2770 1085 non
2793 1042 2875 1087 est
2905 1033 3081 1104 digna,
3106 1034 3206 1091 hoc
3225 1044 3278 1091 ct
3301 1036 3402 1091 hoc
3442 1036 3578 1090 fecit-

2015 1116 2080 1171 Et
2104 1126 2279 1173 tamen
2309 1120 2514 1184 institit,
2545 1124 2766 1192 rogavit,
2799 1126 3021 1195 accepit.

2084 1202 2306 1264 CAPUT
2350 1210 2456 1263 \‘ll.
2484 1241 2553 1249 —
2571 1202 2723 1267 Dedit
2752 1215 2903 1269 nobis
2931 1216 3241 1286 intelligere,
3270 1215 3390 1286 quia
3418 1217 3469 1270 in
3491 1231 3588 1271 cu-

2010 1297 2096 1367 jus
2126 1300 2338 1354 nomiuc
2382 1300 2604 1356 faciebat
2634 1311 2915 1374 antequam
2951 1321 3161 1361 carnem
3192 1307 3503 1375 deponeret,
3535 1306 3586 1361 in

2014 1389 2130 1456 ejus
2160 1391 2373 1445 nomine
2403 1389 2599 1446 faciunt
2626 1395 2891 1449 orationes
2913 1395 3026 1464 ejus
3052 1405 3106 1451 ut
3133 1396 3384 1452 beneficia
3414 1398 3584 1467 impe-

2017 1486 2243 1545 trcutur,
2272 1481 2461 1550 quibus
2487 1484 2631 1536 novit
2658 1499 2717 1538 ea
2743 1484 2856 1538 dari
2886 1484 3101 1541 debere.

2088 1569 2138 1621 7.
2165 1570 2455 1637 Stephanus
2470 1589 2730 1628 conservus
2751 1583 2933 1643 noster,
2958 1592 3057 1630 non
3084 1594 3173 1646 pro
3199 1578 3303 1633 Deo
3329 1577 3585 1633 colendus.

2016 1659 2110 1716 Ille
2137 1669 2312 1717 autem
2338 1670 2581 1733 tanquam
2609 1679 2796 1720 servus
2820 1674 2955 1721 erat.
3003 1668 3337 1739 Apocabatur
3370 1671 3591 1741 angelus

2011 1749 2230 1819 quidam
2260 1766 2379 1806 cum
2408 1752 2630 1809 Joanne.
2661 1754 2845 1825 Angeli
2878 1757 3009 1811 tales
3054 1767 3175 1811 sunt
3216 1759 3353 1828 apud
3396 1760 3585 1827 Deum,

2017 1848 2076 1893 ut
2096 1839 2139 1894 si
2166 1841 2289 1895 boni
2316 1839 2589 1908 fuerimus,
2622 1852 2674 1898 et
2704 1844 2936 1914 perfecte
2965 1860 3085 1901 cum
3117 1850 3586 1916 promeruerimus,

2017 1930 2231 1998 Angelis
2252 1946 2558 1999 tequemur:
2594 1932 2775 2000 Erunt,
2818 1936 2969 2005 dixit,
3017 1938 3234 2007 wguales
3268 1938 3471 2008 Angelis
3497 1939 3593 1993 Dei

2014 2017 2228 2090 (Matth.
2259 2035 2392 2085 un,
2422 2022 2535 2092 30).
2567 2024 2801 2093 Angelus
2828 2026 3315 2083 ostendebatmulta
3339 2030 3593 2085 miracula

2017 2119 2201 2165 sancto
2228 2110 2417 2166 Joanni
2442 2114 2809 2183 evangelista;
2841 2117 3078 2172 turbatus
3105 2119 3372 2173 miraculis
3397 2120 3591 2174 adora-I-

2018 2201 2092 2254 vit
2119 2216 2261 2255 eum.
2291 2201 2545 2257 Adoravit
2565 2203 2725 2259 homo
2742 2205 3021 2275 angelum;
3053 2216 3107 2262 et
3126 2209 3344 2278 angelus
3371 2209 3590 2263 homini:

2018 2293 2205 2364 Surge,
2237 2294 2358 2364 quid
2400 2294 2562 2365 facis?
2590 2295 2751 2350 Illum
2791 2298 2950 2351 adora
2972 2315 2991 2352 :
3012 2314 3280 2354 conservus
3317 2301 3451 2354 enim
3479 2310 3595 2355 tuus

2014 2400 2128 2438 sum
2156 2394 2202 2439 et
2230 2390 2445 2455 fratrum
2473 2397 2672 2441 tuorum
2700 2388 2881 2462 (Apoc.
2912 2405 3023 2456 xu,
3055 2390 3164 2460 10).

2012 2501 2017 2506 ε
2088 2476 2312 2533 CAPUT
2352 2476 2485 2532 VIII.
2509 2506 2582 2519 -—
2605 2480 2661 2535 Si
2691 2489 2833 2535 tanta
2861 2480 3127 2537 humilitas
3157 2483 3399 2552 apparuit
3421 2484 3474 2537 in
3500 2497 3596 2537 an-

2016 2569 2154 2640 gelo,
2184 2579 2435 2639 quantam
2462 2573 2657 2641 putatis
2684 2587 2804 2628 esse
2848 2573 3043 2629 debere
3071 2573 3121 2628 in
3166 2584 3422 2646 martyre,
3460 2575 3597 2630 sicut

2017 2662 2132 2716 est?
2171 2661 2284 2716 Non
2315 2678 2442 2733 ergo
2466 2664 2747 2719 credamus
2771 2666 3055 2736 superbum
3096 2681 3215 2723 esse
3240 2667 3593 2737 Stephanum,

2016 2767 2136 2807 cum
2169 2763 2412 2823 putamus
2440 2758 2561 2826 quia
2594 2758 2785 2812 virtute
2832 2772 2927 2813 sua
2977 2759 3099 2814 facit
3141 2759 3280 2829 quod
3310 2760 3593 2814 facit.rPcr

2016 2858 2333 2900 conservum
2378 2847 2632 2903 beneﬁcia
2675 2862 2968 2915 sumamus,
3002 2848 3259 2905 honorem
3289 2858 3342 2904 et
3368 2850 3591 2921 gloriam

2017 2934 2476 3019 Domino‘demus.
2503 2937 2641 3006 Quid
2665 2940 2815 2994 vobis
2839 2940 2958 3009 plus
2981 2936 3155 2995 dicam
3183 2949 3237 2996 et
3260 2943 3482 2996 multum
3509 2942 3590 2997 lo-

2016 3027 2183 3096 quar?
2211 3027 2397 3098 Legite
2422 3040 2648 3099 quatuor
2670 3045 2857 3085 versus
2877 3046 3009 3100 quos
3037 3032 3087 3084 in
3112 3033 3243 3086 cella
3261 3033 3593 3101 scripsimus,

2016 3117 2194 3188 legite,
2242 3128 2437 3183 tenete,
2484 3122 2535 3173 in
2565 3121 2729 3176 corde
2758 3121 2969 3177 habete.
3010 3122 3293 3191 Propterea
3323 3123 3465 3178 enim
3501 3137 3595 3178 eos
3680 3126 3687 3135 '

2014 3208 2086 3262 ibi
2114 3209 2346 3264 scribere
2374 3209 2657 3276 voluimus,
2689 3219 2748 3264 ut
2788 3211 2878 3279 qui
2906 3211 3018 3265 vult
3053 3212 3213 3281 legat,
3244 3213 3456 3281 quando
3489 3214 3598 3267 vult

2017 3299 2173 3369 legat.
2201 3298 2272 3354 Ut
2297 3314 2484 3355 omnes
2514 3309 2748 3367 teneant,
2796 3299 2917 3354 ideo
2962 3301 3112 3370 pauci
3138 3310 3295 3356 sunt:
3323 3311 3380 3356 ut
3406 3317 3593 3358 omnes

2016 3390 2214 3459 legant,
2243 3390 2361 3444 ideo
2390 3390 2599 3458 publice
2618 3389 2801 3458 scripti
2823 3398 2965 3444 sunt.
2990 3390 3103 3443 Non
3121 3405 3254 3460 opus
3272 3401 3353 3445 est
3377 3402 3595 3462 utqnte-

2015 3491 2164 3534 ratur
2188 3480 2389 3535 codex:
2421 3494 2629 3534 camera
2669 3480 2755 3533 illa
2781 3479 2947 3535 codex
2994 3488 3170 3536 vester
3198 3482 3283 3534 sit.
3314 3482 3595 3551 Aliquanto

2016 3569 2229 3639 quidem
2256 3571 2545 3638 temperius
2568 3569 2725 3624 solito
2750 3571 3139 3640 processimus:
3168 3571 3260 3625 sed
3288 3571 3408 3641 quia
3438 3572 3594 3642 longa

2017 3660 2175 3714 lectio
2201 3660 2421 3714 recitata
2446 3667 2547 3724 est,
2573 3669 2628 3715 et
2650 3675 2835 3731 graves
2866 3670 3028 3715 :estus
3055 3671 3196 3724 sunt,
3237 3662 3473 3717 libellum
3499 3665 3594 3718 be-

2016 3748 2328 3807 ncﬁciorum
2353 3751 2444 3805 Dei
2469 3766 2562 3820 per
2582 3751 2774 3820 ipsum,
2803 3766 2959 3822 quem
2988 3752 3173 3807 lecturi
3198 3753 3356 3810 hodie
3378 3755 3590 3823 fuimus,

2016 3843 2070 3897 in
2095 3842 2235 3898 diem
2263 3842 2581 3897 dominicum
2612 3842 2936 3898 differamus.

2486 3958 2716 4014 SERMO
2745 3955 3005 4013 cccxx'
3031 3957 3127 4031 (a).

2018 4072 2095 4128 De
2112 4072 2313 4127 homine
2338 4081 2513 4126 sanato
2535 4068 2891 4141 perorationes
2913 4070 2972 4124 S.
2999 4070 3266 4141 Stephani.
3297 4069 3394 4125 Ubi
3420 4071 3594 4143 Augu-

2090 4164 2246 4219 stinus
2267 4164 2529 4233 episcopus
2548 4178 2600 4216 se
2620 4170 2841 4227 excusat,
2860 4161 2995 4231 quod
3012 4175 3290 4215 sermonem
3309 4166 3475 4232 facere
3493 4181 3594 4218 non

2022 4280 2025 4283 λ
2086 4253 2320 4325 potuerit.

2478 4341 2675 4394 Habitus
2698 4345 2801 4407 ipso
2821 4344 2902 4394 die
2925 4344 3132 4395 Pascbze.

2090 4451 2165 4505 De
2196 4449 2461 4504 miraculis
2484 4450 2575 4504 Dei
2608 4463 2703 4518 per
2738 4448 3005 4502 orationes
3034 4448 3319 4504 beatissimi
3351 4451 3596 4521 martyris

2019 4541 2272 4609 Stephani
2296 4540 2504 4595 libellos
2520 4540 2753 4595 solemus
2772 4540 2973 4594 audire.
2996 4540 3227 4595 Libellus
3246 4539 3420 4609 hujus,
3441 4555 3596 4612 aSpe-

2017 4646 2133 4690 ctus
2160 4644 2267 4698 est;
2301 4648 2395 4703 pro
2423 4632 2683 4701 scriptura
2710 4632 2913 4697 notitia,
2964 4646 3058 4701 pro
3102 4631 3283 4687 charta
3312 4630 3471 4687 facies
3500 4634 3596 4688 dc-

2018 4734 2361 4783 monstratur.
2386 4725 2488 4793 Qui
2513 4725 2679 4779 nostis
2707 4725 2831 4795 quid
2855 4726 2905 4780 in
2930 4724 3020 4779 illo
3042 4724 3283 4780 dolentes
3303 4725 3484 4782 videre
3506 4742 3586 4782 so-

2020 4818 2194 4883 leatis,
2236 4817 2287 4871 in
2320 4815 2567 4885 praesenti
2604 4814 2893 4885 gaudentes
2932 4814 3089 4884 legite
3117 4814 3258 4885 quod
3286 4816 3506 4872 videtis:
3541 4826 3595 4874 ut

2021 4909 2277 4965 Dominus
2303 4909 2443 4963 Deus
2468 4917 2651 4963 noster
2675 4906 3029 4961 abundantius
3051 4905 3357 4972 honoretur,
3380 4916 3436 4964 et
3455 4909 3596 4979 quod

2020 5003 2071 5056 in
2101 5001 2279 5055 libello
2298 5001 2655 5070 conscriptum
2682 5005 2787 5065 est,
2815 4996 2867 5052 in
2895 5007 3125 5051 vestram
3144 5000 3453 5054 memoriam
3471 5015 3599 5056 con-

2019 5092 2298 5147 scribatur.
2339 5092 2469 5145 Date
2497 5090 2725 5152 veniam,
2768 5088 2889 5158 quia
2928 5087 3235 5143 diuturnum
3280 5104 3385 5143 non
3428 5090 3594 5145 reddo

2020 5192 2319 5238 sermOnem
2342 5198 2355 5236 :
2383 5181 2547 5235 nostis
2573 5180 2766 5235 etenim
2796 5177 3154 5248 fatigationem
3185 5194 3379 5234 meam.
3399 5179 3597 5237 Utheri

2016 5272 2230 5343 jejunus
2262 5280 2403 5325 tanta
2425 5284 2582 5338 agerc
2608 5283 2815 5338 possem
2843 5278 2895 5323 et
2925 5283 3029 5323 non
3051 5268 3300 5333 deﬁcere,
3333 5280 3387 5324 ut
3416 5280 3469 5325 et
3497 5271 3593 5325 ho-

2021 5364 2107 5419 die
2136 5362 2407 5417 vobiscum
2438 5361 2637 5429 loquar,
2675 5361 2940 5415 orationes
2970 5361 3137 5415 sancti
3175 5361 3427 5432 Stephani
3454 5378 3593 5432 pra:-

2022 5456 2292 5510 stiterunt.
2327 5452 2582 5506 Conversi
2610 5451 2673 5505 ad
2707 5453 3003 5519 Dominmn,
3035 5463 3136 5506 etc.

2084 5588 2406 5651 fSermoncm
2442 5585 2570 5634 hunc
2617 5592 2673 5651 et
2714 5594 2918 5648 quatuor
2962 5590 3182 5651 proxime
3230 5597 3498 5651 sequentes
3538 5591 3600 5640 ub

2024 5648 2297 5719 Ulimtnerio
2322 5649 2524 5719 primum
2550 5647 2801 5719 vulgatus,
2826 5662 2923 5698 non
2945 5647 3149 5699 vidimus
3172 5650 3220 5699 in
3244 5647 3600 5716 manuscripts.
3644 5676 3649 5679 ·

2088 5709 2161 5771 (a)
2180 5708 2320 5769 Alias,
2339 5708 2401 5759 de
2425 5710 2632 5759 Diversis
2656 5708 2732 5759 '29.
