4108 6326
561 272 710 330 {Ma

1045 379 1270 440 SERMO
1306 377 1551 438 CCCXXI
1583 378 1681 450 (α).

576 501 675 557 Ubi
719 497 945 555 libellum
989 497 1154 553 sanati
1195 497 1412 551 hominis
1458 493 1713 566 promisit,
1759 492 1888 562 feria
1932 492 2152 547 secunda

1247 586 1482 641 Pascltw.

644 701 884 756 Diximus
911 701 1123 771 quidem
1154 699 1406 755 hesterno
1445 699 1552 766 die,
1581 698 1717 752 sicut
1746 697 1985 752 meminit
2008 695 2145 750 Cha-

569 791 700 849 ritas
722 803 894 848 vestra
919 811 931 847 :
959 794 1125 862 Hujus
1153 793 1385 855 libellus,
1411 799 1655 860 aspectus
1679 799 1778 845 est.
1801 790 2001 844 Tamen
2029 788 2150 859 quia

569 886 825 942 nonnulla
854 887 1006 940 nobis
1044 884 1320 949 indicavit,
1352 900 1470 954 quae
1499 899 1656 938 nosse
1690 883 1917 948 debetis,
1946 883 2011 937 ad
2041 897 2151 936 ma-

565 975 741 1047 jorem
781 976 1183 1030 admirationem
1231 983 1285 1029 et
1323 974 1536 1028 Domini
1584 973 1753 1028 nosui
1799 973 2052 1058 gloriam,
2082 971 2149 1028 de

570 1081 788 1121 suorum
833 1076 1137 1122 sanctorum
1175 1066 1468 1129 memoriis,
1501 1065 1568 1120 de
1597 1066 1787 1136 quibus
1815 1064 2012 1120 dictum
2043 1073 2144 1131 est,

569 1156 805 1212 Pretiosa
849 1158 904 1212 in
942 1166 1207 1228 conspectu
1250 1156 1458 1211 Domini
1504 1162 1639 1212 mors
1687 1165 1970 1211 sanctorum
2017 1156 2145 1225 ejus.

569 1248 746 1320 (Psal.
772 1265 894 1316 cxv,
925 1249 1045 1321 15);
1075 1248 1234 1303 etiam
1263 1247 1495 1302 libellum
1521 1247 1650 1302 dare
1677 1246 1849 1308 decet,
1879 1246 1964 1316 qui
1990 1243 2150 1299 habet

567 1338 746 1393 omnia
780 1354 898 1409 qua:
925 1354 988 1392 ex
1029 1341 1145 1407 ejus
1182 1353 1276 1392 ore
1301 1332 1667 1408 cognovimus.
1691 1335 1798 1390 Sed
1825 1336 1868 1425 si
1894 1335 2147 1389 Dominus

565 1432 815 1499 voluerit,
844 1431 1000 1488 hodie
1033 1432 1326 1502 parabitur,
1356 1440 1409 1486 et
1437 1431 1587 1486 vobis
1621 1430 1705 1485 die
1739 1429 1973 1485 crastino
2010 1427 2146 1483 rcci-

566 1522 785 1578 tabitur.

1029 1631 1255 1688 SERMO
1291 1613 1694 1726 (κςεῑςὶωιμ)ἶ
1735 1720 1747 1726 _
1815 1723 1819 1726 Δ
2057 1721 2062 1726 _

575 1719 674 1776 Ubi
721 1721 950 1777 libellum
999 1723 1300 1794 promissum
1345 1722 1512 1775 sanati
1557 1720 1772 1775 hominis
1809 1720 2142 1792 pra’sentauit,

1067 1812 1195 1884 feria
1222 1811 1368 1866 tertia
1401 1799 1634 1865 Pass/ue.

635 1923 899 1980 Hesterno
917 1923 1004 1981 die
1024 1923 1261 1980 llbellum
1289 1923 1629 1993 promisimus
1652 1921 1905 1978 Charitati
1929 1915 2141 1987 vestrm,

564 2014 655 2068 ubi
689 2013 759 2070 de
797 2015 889 2070 illo
925 2023 1112 2083 sanato
1145 2014 1330 2070 audire
1359 2015 1518 2070 etlam
1550 2015 1786 2084 possitis,
1818 2030 1936 2086 qua:
1960 2015 2144 2071 videre

562 2122 670 2163 non
715 2109 980 2178 potuistis.
1021 2108 1078 2163 Si
1124 2123 1253 2180 ergo
1297 2108 1469 2178 placet
1492 2107 1751 2164 Charitati
1792 2116 2002 2175 vestrae,
2037 2109 2144 2164 imo

560 2199 683 2268 quia
711 2199 921 2268 placere
946 2198 1106 2255 debet
1127 2199 1268 2270 quod
1297 2208 1351 2255 et
1376 2198 1507 2255 mihi
1546 2198 1736 2268 placet,
1766 2198 1925 2254 ambo
1954 2199 2143 2254 fratres

557 2297 703 2346 .stent
729 2289 784 2344 in
811 2298 1098 2360 conspectu
1121 2298 1299 2346 vestro
1324 2308 1337 2343 :
1360 2298 1420 2344 ut
1443 2290 1532 2358 qui
1564 2289 1710 2347 illum
1737 2303 1842 2344 non
1871 2288 2139 2358 viderant,

560 2379 614 2433 in
643 2378 747 2434 isto
775 2379 988 2435 videant
1015 2379 1141 2450 quid
1169 2377 1258 2436 ille
1287 2380 1602 2450 patiebatur.
1632 2378 1788 2436 Stent
1814 2394 1942 2450 ergo
1961 2381 2139 2447 ambo,

560 2482 697 2524 unus
734 2470 820 2525 cui
855 2469 1048 2526 donata
1087 2479 1172 2528 est
1209 2470 1410 2541 gratia,
1445 2477 1500 2527 ‘et
1531 2470 1667 2526 alter
1694 2470 1779 2528 cui
1807 2471 2030 2540 petenda
2060 2478 2145 2526 est

559 2559 950 2615 misericordia.

631 2649 914 2724 Exemplar
937 2651 1093 2706 libelii
1119 2670 1152 2706 a
1182 2650 1348 2708 Paulo
1378 2652 1486 2708 dati
1506 2653 1788 2725 Augustino
1814 2655 2067 2726 episcOpo.

560 2727 728 2814 Rogo,
770 2743 986 2800 domine
1028 2745 1334 2802 beatissime
1380 2761 1514 2816 papa
1559 2746 1884 2817 Augustine,
1917 2757 1975 2802 ut
2003 2747 2144 2803 hunc

631 2833 867 2890 libellum
896 2851 1095 2904 meum,
1118 2852 1276 2906 quem
1301 2852 1368 2892 ex
1392 2848 1659 2909 praecepto
1685 2848 1776 2896 tuo
1799 2839 1986 2909 obtuli,
2013 2855 2140 2896 san-

629 2933 730 2980 eta:
757 2925 895 2996 plebi
923 2926 1110 2996 jubeas
1138 2927 1371 2982 recitari.

630 3004 763 3077 Cum
805 3016 980 3072 adhuc
1020 3017 1074 3073 in
1114 3015 1282 3087 patria
1321 3026 1504 3075 nostra
1533 3018 1776 3076 Caesarea
1795 3020 2141 3091 Cappadocia:

561 3120 917 3174 moraremur,
945 3107 1108 3162 frater
1130 3116 1316 3163 noster
1341 3118 1468 3164 natu
1503 3109 1676 3179 major
1697 3111 1945 3182 gravibus
1981 3121 2141 3182 atque

559 3194 911 3250 intolerandis
947 3210 1284 3252 communem
1332 3208 1556 3254 matrem
1602 3199 1781 3256 all‘ecit
1820 3200 2048 3272 injuriis,
2085 3205 2140 3260 in

560 3294 765 3342 tantum
816 3295 873 3342 ut
915 3287 966 3342 ei
1010 3288 1170 3344 etiam
1217 3305 1407 3346 manus
1456 3306 1562 3346 non
1605 3292 1873 3350 dubitaret
1920 3295 2138 3352 inferre.

558 3376 709 3446 Quod
726 3391 824 3432 nos
848 3392 1033 3434 omnes
1053 3377 1148 3434 filii
1180 3380 1379 3449 pariter
1401 3383 1705 3452 congregati
1727 3385 1988 3454 patienter
2013 3385 2140 3441 tuli-

559 3484 700 3536 mus,
731 3477 788 3523 ut
826 3483 895 3524 ne
924 3469 1146 3526 verbum
1185 3469 1399 3540 quidem
1442 3473 1590 3527 fratri
1630 3484 1816 3532 nostro
1843 3490 1943 3545 pro
1971 3485 2142 3532 matre

561 3569 763 3626 nostra,
786 3575 882 3615 cur
907 3561 1012 3616 hoc
1034 3560 1252 3629 faceret,
1273 3557 1584 3619 dixerimus.
1605 3563 1698 3620 Illa
1725 3576 1901 3623 autem
1927 3568 2140 3625 feminei

558 3650 758 3705 doloris
801 3652 1031 3707 stimulis
1076 3653 1309 3718 incitata,
1351 3655 1666 3726 injurioSum
1710 3659 1876 3713 filium
1916 3661 2139 3717 maledi-

557 3743 729 3799 cendo
755 3744 942 3814 punire
966 3745 1259 3802 constituit.
1287 3747 1524 3819 Cumque
1551 3749 1618 3805 ad
1637 3753 1774 3807 sacri
1801 3753 2140 3824 Baptismatis

557 3835 760 3890 fontem
790 3845 908 3906 post
929 3838 1189 3907 gallorum
1215 3850 1403 3896 cantus
1427 3851 1724 3898 memorato
1747 3843 1856 3899 lilio
1882 3860 1980 3901 suo
2003 3846 2137 3902 iram

560 3925 658 3981 Dei
702 3927 1055 3996 imprecatura
1093 3942 1422 4001 properaret,
1461 3941 1587 3989 tunc
1626 3934 1675 3990 ei
1713 3936 1894 3991 nescio
1927 3939 2046 4007 quis
2084 3941 2136 3994 in

560 4019 732 4087 patrui
774 4009 1342 4089 nostri-similitudine,
1372 4033 1429 4080 ut
1454 4025 1782 4097 intelligitur,
1809 4028 2019 4084 daemon
2049 4047 2138 4088 oc-

559 4110 745 4174 currit,
789 4119 845 4164 ct
891 4110 957 4167 ab
997 4127 1058 4166 ca
1101 4113 1244 4182 prior
1283 4131 1390 4184 quo
1426 4127 1672 4188 pergeret
1716 4121 2007 4191 requisivit.
2041 4123 2136 4179 Cui

559 4197 666 4264 illa,
706 4199 770 4253 ad
803 4199 1224 4257 maledicendum
1255 4203 1362 4258 filio
1387 4221 1484 4259 suo
1509 4206 1577 4261 ob
1605 4207 1988 4266 intolerabilem
2017 4227 2138 4268 con-

559 4289 828 4343 tumeliam
855 4305 914 4346 sc
940 4291 1018 4347 ire
1047 4294 1339 4362 respondit.
1367 4295 1517 4351 Tunc
1541 4306 1718 4353 autem
1752 4301 1838 4355 ille
1867 4302 2132 4372 inimicus,

557 4379 806 4448 quoniam
849 4379 901 4434 in
943 4381 1184 4437 mulieris
1223 4385 1386 4440 corde
1427 4385 1724 4445 insaniente
1765 4390 1943 4447 locum
1983 4393 2136 4451 facile

556 4469 797 4528 invenire
844 4474 1032 4544 potuit,
1075 4483 1133 4529 ut
1174 4477 1419 4534 omnibus
1469 4475 2131 4554 maledicerct'persuasit.

555 4561 649 4618 llla
679 4572 855 4619 autem
886 4565 1115 4635 vipereis
1146 4567 1469 4625 inflammata
1491 4575 1744 4638 consiliis,
1776 4590 1982 4631 Sacrum
2009 4577 2132 4634 fon-

550 4663 658 4708 tem
704 4657 979 4727 provoluta
1022 4659 1296 4730 corripuit,
1327 4671 1380 4718 et
1408 4666 1608 4735 sparsis
1631 4667 1868 4722 crinibus
1896 4670 2134 4725 nudatis-

551 4761 656 4815 que
696 4747 945 4802 uberibus
987 4748 1091 4804 hoc
1123 4765 1152 4805 a
1189 4752 1298 4807 Deo
1341 4754 1674 4824 potissimum
1717 4759 2028 4826 postulavit,
2077 4772 2133 4817 ut

551 4847 794 4892 extorres
829 4839 994 4907 patria
1021 4849 1070 4893 ct
1096 4841 1488 4899 circumeuntes
1527 4846 1730 4902 alienas
1758 4857 1947 4916 terras,
1973 4868 2131 4908 omne

553 4923 827 4981 hominum
873 4943 1040 4998 genus
1089 4942 1271 4986 nostro
1320 4943 1643 4992 terrercmus
1691 4942 1959 5011 exemplo.
2007 4945 2128 5001 Mox

551 5025 818 5072 maternas
859 5033 1046 5088 preces
1092 5021 1278 5077 efﬁcax
1314 5025 1546 5081 vindicta
1585 5031 1942 5101 prosequitur,
1975 5051 2128 5090 eum-

546 5107 774 5180 demque
820 5115 1071 5170 continuo
1116 5117 1332 5173 fratrem
1381 5129 1624 5176 nostrum
1671 5133 1826 5181 mtate
1867 5131 2127 5202 culpaque

545 5201 802 5270 majorem
834 5213 1034 5262 tremor
1055 5209 1410 5267 membrorum
1433 5222 1611 5272 tantus
1635 5216 1846 5286 invasit,
1870 5201 2122 5291 quantum

543 5291 596 5345 in
625 5307 711 5346 me
743 5307 910 5364 uSque
940 5309 1063 5353 ante
1091 5299 1191 5355 hoc
1221 5301 1450 5358 triduum
1479 5315 1654 5362 vestra
1679 5308 1944 5368 Sanctitas
1973 5316 2121 5372 vidit.

539 5381 763 5440 Servato
796 5395 972 5442 autem
1013 5389 1220 5458 ordine,
1250 5407 1355 5464 quo
1384 5396 1491 5451 nati
1524 5413 1756 5467 eramus,
1790 5401 1927 5459 intra
1957 5421 2119 5462 unum

540 5488 737 5530 annum
766 5479 950 5533 cadem
979 5496 1076 5536 nos
1105 5499 1260 5554 pcena
1283 5501 1472 5545 omnes
1491 5492 1766 5564 corripuit.
1796 5494 1988 5554 Videns
2017 5515 2120 5554 au-

621 5631 673 5691 a)
699 5629 834 5690 Alias,
858 5634 921 5682 de
945 5637 1153 5687 Diversis
1169 5639 1246 5691 '50.

621 5642 652 5676 α
699 5629 834 5690 Alias,
858 5634 906 5681 dt

598 5629 673 5754 id;
693 5693 806 5741 ibid.
831 5695 906 5743 31.

1805 260 1860 316 S.
1904 250 2263 316 AL'GUSTlNl
2303 254 2602 314 EPlSCOPl

3705 255 3849 334 ista

2267 381 2373 425 tem
2419 382 2590 426 mater
2627 371 3029 430 maledictioncs
3071 389 3195 432 suas
3234 378 3298 434 ad
3331 390 3527 438 tantam
3555 384 3849 444 efﬁcaciam

2261 466 2588 531 pervenisse,
2631 463 2918 534 impietatis
2961 483 3072 522 sum
3119 473 3501 529 conscientiam
3546 485 3600 532 et
3645 494 3846 551 oppro-

2259 554 2435 609 brium
2467 555 2740 611 hominum
2770 558 2968 614 diutius
2994 560 3133 618 ferre
3157 580 3262 619 non
3290 569 3463 636 potuit
3488 587 3502 624 :
3530 571 3624 626 sed
3655 573 3850 644 laqueo

2256 658 2436 718 guttur
2454 653 2774 723 astringcns,
2801 655 3094 713 luctuosam
3114 660 3273 716 vitam
3300 666 3526 721 termino
3553 669 3849 729 funestiore

2255 741 2537 796 conclusit.
2570 744 2785 813 Egressi
2813 761 2942 817 ergo
2981 764 3079 804 nos
3117 768 3326 822 omnes,
3357 761 3703 827 opprobrium
3747 781 3849 820 no-

2255 839 2423 884 strum
2445 848 2552 895 non
2577 833 2831 904 ferentes,
2851 846 2905 893 et
2923 853 3262 898 communem
3283 848 3507 916 patriam
3533 852 3849 923 relinquen-

2258 922 2338 977 tes
2367 924 2562 992 passim
2592 941 2776 982 sumus
2805 944 2899 998 per
2926 930 3139 988 diversa
3167 934 3416 1006 dispersi.
3447 926 3527 996 Ex
3557 922 3712 999 nobis
3748 962 3846 999 au-

2254 1022 2360 1070 tem
2389 1017 2636 1105 omnibus
2664 1019 2850 1076 decem
2892 1021 3164 1093 fratribus,
3204 1029 3295 1098 qui
3341 1035 3593 1090 nascendi
3631 1053 3848 1110 quoque

2249 1105 2440 1163 ordine
2467 1110 2696 1178 primum
2722 1114 2964 1195 sequitur
2988 1115 3054 1170 ad
3079 1117 3299 1186 gloriosi
3330 1128 3583 1196 martyris
3605 1105 3846 1186 Lauren-

2252 1198 2309 1253 tii
2349 1202 2659 1258 memoriam
2679 1244 2696 1270 ,
2721 1220 2842 1273 quae
2869 1191 3012 1275 apud
3036 1198 3343 1266 Ravennam
3379 1191 3549 1285 nuper
3582 1220 3843 1276 collocata

2249 1298 2354 1358 est,
2391 1293 2535 1348 sicut
2576 1295 2893 1364 audivimus,
2937 1301 3134 1356 meruit
3180 1304 3488 1362 sanitatem.
3521 1309 3631 1380 Ego
3658 1314 3841 1368 autem

2247 1383 2338 1450 qui
2369 1383 2622 1439 nascendi
2647 1385 2835 1443 ordine
2863 1403 2981 1443 sum
3005 1400 3191 1447 sextus
3213 1393 3454 1463 illorum,
3476 1414 3600 1454 cum
3633 1387 3733 1458 hac
3754 1419 3846 1458 so-

2250 1479 2374 1528 rore
2418 1490 2556 1540 mea,
2599 1491 2721 1546 qua:
2765 1494 2852 1534 me
2891 1472 3050 1537 mtate
3094 1483 3470 1556 subsequitur,
3520 1492 3843 1564 ubicumque

2249 1563 2506 1631 gentium,
2530 1565 2852 1638 ubicumque
2875 1575 3138 1626 terrarum
3166 1573 3283 1630 loca
3309 1591 3430 1632 esse
3453 1594 3625 1648 sacra,
3650 1581 3702 1636 in
3722 1563 3846 1653 qui-

2249 1651 2349 1710 bus
2376 1665 2688 1724 operaretur
2720 1658 2864 1714 Deus
2902 1660 3178 1729 miracula,
3205 1670 3611 1739 comperissem,
3641 1651 3840 1744 magno

2247 1741 2565 1800 desideratas
2599 1746 2841 1805 sanitatis
2873 1761 3058 1806 amore
3093 1755 3376 1824 carpebam
3408 1759 3528 1815 iter.
3553 1761 3659 1818 Sed
3689 1741 3755 1818 ut
3772 1764 3842 1820 de

2241 1833 2460 1888 cteteris
2493 1835 2861 1894 celeberrimis
2897 1851 3201 1898 sanctorum
3239 1845 3370 1902 locis
3403 1851 3639 1916 mceam,
3676 1855 3842 1910 etiam

2243 1923 2316 1978 ad
2336 1925 2634 1992 Anconam,
2655 1927 2820 1984 Italia:
2841 1931 3132 2002 civitatem,
3159 1935 3245 1992 ubi
3271 1953 3371 2008 per
3389 1941 3840 2010 gloriosissimum

2247 2024 2534 2086 martyrem
2577 2017 2909 2090 Stephanum
2959 2024 3128 2080 multa
3153 2028 3408 2086 miracula
3435 2033 3689 2092 Dominus
3709 2053 3841 2108 ope-

2245 2105 2417 2172 ratur,
2448 2104 2636 2164 eadem
2664 2110 2978 2169 circuitione
3013 2119 3251 2185 perveni.
3279 2120 3386 2178 Sed
3421 2123 3542 2180 ideo
3576 2128 3705 2184 alibi
3739 2104 3838 2185 cu-

2245 2196 2355 2249 rari
2386 2211 2492 2251 non
2519 2197 2688 2267 potui,
2716 2201 2838 2269 quia
2866 2202 2989 2258 huic
3017 2204 3134 2262 loco
3160 2207 3339 2264 divina
3371 2213 3840 2281 prmdestinatione

2249 2284 2525 2342 servabar.
2563 2287 2676 2344 Nec
2717 2289 2919 2346 Uzalim
2966 2293 3234 2352 civitatem
3264 2299 3455 2357 Africa:
3495 2309 3836 2378 praetermisi,

2246 2374 2336 2428 ubi
2373 2376 2560 2432 beatus
2599 2389 2801 2452 martyr
2827 2381 3128 2453 Stephanus
3162 2403 3352 2460 magna
3381 2395 3700 2463 praedicatur
3726 2374 3838 2456 fre;

2245 2475 2474 2536 quenter
2501 2471 2736 2541 operari.
2771 2472 3144 2534 Verumtamen
3176 2490 3300 2537 ante
3334 2483 3432 2540 hos
3461 2497 3572 2544 tres
3595 2505 3836 2560 menses,-

2245 2555 2298 2611 id
2327 2566 2429 2626 est,
2464 2561 2804 2618 colendarum
2838 2565 3202 2635 januariarum
3235 2573 3252 2604 ί
3277 2573 3386 2640 die,
3412 2584 3518 2632 tam
3543 2593 3644 2650 ego
3670 2555 3834 2652 quani

2243 2662 2402 2704 soror
2442 2665 2581 2716 mea,
2612 2669 2732 2722 quae
2760 2653 2848 2710 hic
2875 2671 3083 2714 mecum
3124 2671 3230 2727 est,
3268 2664 3455 2720 eadem
3494 2667 3669 2726 adhuc
3705 2688 3836 2742 pas-

2244 2738 2397 2794 sione
2423 2739 2660 2809 detenta,
2684 2745 2916 2802 evidenti
2944 2763 3128 2807 sumus
3157 2754 3358 2812 visione
3382 2738 3720 2818 commoniti.
3742 2766 3838 2820 Ait

2246 2828 2388 2883 enim
2420 2831 2551 2885 mihi
2583 2833 2798 2902 quidam
2843 2847 3062 2907 aspectu
3101 2842 3310 2912 clarus,
3349 2855 3404 2902 et
3427 2850 3654 2907 candido
3683 2855 3837 2912 crine

2246 2919 2594 2988 Venerabilis,
2632 2923 2775 2992 quod
2815 2925 2952 2982 intra
2994 2930 3212 2988 tertium
3253 2950 3492 2993 mensem
3531 2940 3835 3001 desiderata

2245 3018 2390 3065 esset
2417 3009 2550 3065 mihi
2583 3014 2785 3070 sanitas
2809 3015 3070 3074 adfutura.
3093 3020 3275 3079 Sorori
3304 3036 3480 3084 autem
3509 3047 3642 3088 mea:
3668 3035 3721 3090 in
3749 3041 3834 3091 vi-

2245 3097 2398 3154 sione
2419 3099 2687 3158 Sanctitas
2716 3112 2803 3162 tua
2835 3107 2886 3161 in
2912 3123 2974 3163 ea
3003 3108 3202 3182 efﬁgie,
3235 3115 3290 3170 in
3317 3133 3426 3188 qua
3453 3129 3505 3176 te
3534 3135 3836 3192 praesentes

2243 3189 2508 3286 videmus,
2536 3196 2782 3263 apparuit
2806 3214 2819 3250 :
2849 3213 2945 3268 per
2969 3202 3109 3271 quod
3151 3205 3306 3262 nobis
3341 3189 3696 3280 significatum
3725 3225 3833 3286 est,

2243 3279 2313 3335 ad
2339 3282 2497 3336 istum
2525 3283 2700 3340 locum
2725 3302 2824 3344 nos
2843 3290 3028 3347 venire
3049 3294 3318 3354 debuisse.
3339 3279 3474 3358 Nam
3498 3315 3552 3361 et
3579 3323 3680 3378 ego

2245 3371 2524 3430 titudinem
2547 3385 2692 3432 tuam
2722 3381 2921 3451 saepius
2947 3395 3132 3454 postea
3158 3389 3406 3448 videbam
3431 3409 3528 3465 per
3551 3371 3684 3456 alias
3702 3403 3836 3458 civi.

2246 3471 2384 3520 tates
2405 3465 2456 3520 in
2481 3466 2690 3535 itinere,
2719 3485 2827 3541 quo
2853 3475 3220 3546 veniebamus,
3247 3483 3404 3540 talem
3431 3501 3667 3559 prorsus,
3697 3510 3837 3564 qua-

2243 3555 2352 3612 lem
2381 3558 2541 3614 modo
2565 3563 2855 3631 conspicio.
2886 3565 3158 3624 Admoniti
3184 3588 3312 3644 ergo
3338 3555 3568 3636 evidenti
3595 3555 3838 3642 aucti-ori-

2247 3654 2352 3702 tate
2389 3647 2590 3716 divina,
2634 3650 2702 3706 ad
2749 3652 2887 3710 hanc
2927 3658 3170 3717 venimus
3213 3665 3486 3723 civitatem
3536 3681 3662 3730 ante
3711 3675 3837 3734 dies

2245 3736 2412 3794 ferme
2437 3741 2758 3811 quindecim.
2783 3747 3054 3806 Passionis
3091 3769 3225 3810 mete
3256 3757 3342 3813 vel
3379 3762 3516 3816 oculi
3553 3768 3716 3822 vestri
3746 3777 3834 3825 te-

2243 3839 2352 3887 stes
2379 3840 2523 3898 sunt,
2547 3835 2628 3890 vel
2660 3837 2974 3895 miserabilis
2995 3858 3148 3899 soror
3169 3861 3307 3913 mea,
3336 3865 3456 3920 qua:
3480 3853 3546 3908 ad
3572 3857 3833 3914 eruditio-

2243 3935 2365 3977 nem
2390 3925 2648 3991 omnium,
2681 3931 2982 3987 communis
3010 3935 3136 3990 mali
3166 3939 3368 4006 praebet
3397 3947 3699 4016 exemplum
3728 3968 3743 4004 :
3771 3963 3833 4006 ut

2241 4013 2331 4083 qui
2367 4013 2418 4067 in
2461 4015 2549 4068 illa
2589 4017 2760 4086 qualis
2797 4035 2896 4090 ego
2924 4021 3118 4080 fuerim
3149 4027 3349 4098 vident,
3377 4032 3428 4088 in
3458 4013 3830 4106 meiquantum

2240 4118 2336 4174 per
2373 4105 2625 4174 Spiritum
2667 4118 2908 4166 sanctum
2946 4127 3101 4170 suum
3140 4117 3396 4178 Dominus
3437 4125 3508 4178 sit
3547 4105 3830 4198 operatus,

2241 4205 2552 4265 agnoscant.
2579 4196 2806 4256 Orabam
2833 4217 2934 4274 ego
2961 4207 3196 4275 quotidie
3237 4226 3358 4267 cum
3408 4196 3613 4287 magnis
3650 4220 3832 4292 laery-

2241 4287 2344 4340 mis
2374 4287 2426 4340 in
2467 4287 2585 4342 loco
2622 4290 2712 4345 ubi
2751 4300 2835 4346 est
2875 4297 3131 4352 memoria
3168 4299 3537 4369 gloriosissimi
3575 4287 3833 4382 martyris

2241 4378 2519 4449 Stephani.
2552 4381 2643 4435 Die
2668 4394 2844 4439 autem
2875 4384 3141 4444 dominico
3167 4391 3419 4463 Pascha},
3446 4397 3584 4452 sicut
3617 4378 3831 4472 alii—qui

2243 4478 2535 4536 praesentes
2578 4479 2750 4538 crant,
2791 4473 3056 4544 viderunt,
3097 4479 3222 4535 dum
3269 4499 3430 4540 orans
3467 4501 3588 4542 cum
3632 4505 3831 4562 magno

2240 4556 2369 4611 fletu
2412 4559 2678 4614 cancellos
2718 4570 2894 4630 teneo,
2926 4568 3100 4624 subito
3128 4573 3317 4627 cecidi.
3348 4576 3620 4634 Alienatus
3645 4556 3828 4637 autem

2238 4662 2268 4700 a
2299 4663 2478 4713 sensu,
2509 4649 2596 4703 ubi
2638 4650 2825 4708 fuerim
2855 4659 3056 4712 nescio.
3089 4660 3214 4716 Post
3239 4667 3507 4734 paululum
3533 4676 3828 4743 assurrexi,

2241 4749 2294 4796 et
2334 4739 2481 4794 illum
2517 4750 2803 4801 tremorem
2838 4748 2889 4802 in
2916 4765 3140 4823 corpore
3168 4772 3292 4813 meo
3322 4775 3426 4815 non
3459 4763 3656 4818 inveni.
3691 4766 3832 4822 iluie

2237 4829 2415 4900 itaque
2438 4841 2585 4888 tanto
2607 4833 2698 4889 Dei
2721 4836 2981 4895 beneﬁcio
3004 4860 3107 4898 non
3133 4846 3390 4918 ingratus,
3418 4853 3555 4909 hunc
3584 4856 3826 4914 libellum

2235 4921 2439 4988 obtuli;
2480 4924 2530 4978 in
2561 4940 2666 4995 quo
2711 4929 2870 4984 etiam
2917 4947 3034 5003 quzc
3078 4935 3147 4991 de
3192 4942 3391 4997 nostris
3432 4945 3828 5006 calamitatibus

2267 5055 2415 5142 5.3.9..
2436 5055 3087 5142 tibiaillfszjuucem-
3115 5074 3327 5142 srvatum
3350 5086 3485 5142 sane.
3512 5091 3618 5142 pro.
3644 5079 3831 5142 iamm-

2231 5117 2417 5198 ξίέττξυη
2440 5126 2522 5198 ut
2545 5117 2928 5198 rebare-im.
2945 5127 2991 5175 ια
3007 5117 3245 5198 siquidm
3253 5117 3832 5198 scurras

2231 5178 2420 5261 EB
2433 5215 2464 5261 ,'
2472 5178 2734 5261 annolorsi
2739 5185 2947 5261 laudis,
2955 5249 2968 5261 _
2978 5178 3079 5252 quo
3109 5178 3746 5261 rigabaj‘ia'iﬁinﬂieixi'
3758 5178 3833 5255 Ῐδ

2230 5237 2547 5327 incidit
2581 5243 2744 5327 ipsum)
2774 5237 3379 5327 aumotdm'idg'ﬁsinhs
3404 5237 3724 5327 ἶῖίὶἓῦτῖἓὲ
3756 5237 3832 5316 ἆέ

2227 5304 2691 5385 sesesese»;
2713 5305 2878 5385 seu
2899 5304 3828 5385 amans:ise‘anesais'ia'aéc

2726 5364 3003 5448 pauloante
3025 5374 3090 5448 de
3127 5364 3666 5448 Ιίἰιθῖιίἐᾶἇιῖεᾎῧῦξῗ

2469 5426 3121 5508 ἓὶέρὲδιὲἐὲίνρρηθ-τφείρ
3145 5426 3648 5508 οκειῶοῐόίῧὲἐὲῖ,
3677 5426 3831 5502 Iit-EE

2235 5499 2256 5570 ξ
2279 5489 2910 5570 Ξὲἓὲίὶίῗέἳυὶὲηὲἶὶτὲἓιί¹ξὶ
2929 5489 3186 5570 εξιιξξιῖιιιιω
3207 5489 3658 5570 obambulant
3673 5489 3703 5570 ν’

2233 5559 2255 5588 α
2278 5548 2911 5635 λίθθὲἱὺυδὲὶιῳηί
2928 5556 3033 5635 .dati
3055 5548 3198 5622 sunt,
3215 5548 3712 5635 Hai'Féc’iiziFéiifui'iii
3731 5548 3828 5635 ἶὖῖ

2231 5620 2255 5648 ι
2278 5603 2722 5684 pulsam-namque
2745 5612 2848 5663 fieri
2868 5603 3302 5684 voluimus—arctat:

2232 5682 2254 5710 ι
2280 5667 2546 5781 Ιιίοηηὶιξὲη,
2573 5667 2749 5783 θῗέιυο
2771 5677 2894 5742 apud
2915 5667 3821 5756 11ἰιηιόῆρυῖ-’ἦὲέἱῦἷηᾞοέίῖἱίνεὲξῖξῖξ

2234 5749 2254 5778 α
2279 5748 2475 5783 memori
2529 5749 2550 5778 ν
2579 5747 2606 5782 e
2663 5769 2674 5782 .

2234 5749 2254 5778 α
2279 5747 2506 5783 memoria
2529 5749 2550 5778 ν
2579 5747 2674 5783 εις.
