4108 6326
325 295 461 353 ms

322 410 666 482 ignorabatis,
689 405 902 479 etquod
925 406 989 461 de
1012 419 1129 460 mea
1155 402 1518 459 incolumitate
1544 409 1596 455 et
1620 400 1788 454 salute
1809 410 1899 450 eo-

325 503 601 574 gnovistis,
628 500 844 556 exhibui
870 517 882 553 :
907 508 1037 553 utet
1064 512 1160 568 pro
1185 510 1304 550 mea
1332 509 1517 550 sorore
1545 506 1698 547 orare
1723 489 1905 560 digne-

326 596 478 662 mini,
510 602 564 649 et
591 608 689 663 pro
719 607 803 647 me
833 604 989 659 agere
1016 589 1126 643 Deo
1154 586 1350 657 gratias
1383 585 1480 656 (a).

751 680 979 737 SERMO
1017 675 1309 733 CCCXXIll
1362 674 1483 745 (6)4

551 774 747 825 Habitus
768 777 874 835 post
897 767 1117 819 libellum
1148 768 1213 817 de
1236 773 1403 815 sancto
1418 762 1675 825 Stephano.

398 856 624 913 CAPUT
663 852 946 909 PRIMUM.
969 882 1040 891 —
1069 853 1120 905 l.
1152 848 1429 903 Parentum
1452 844 1832 916 imprecationes
1854 839 1906 892 in

330 950 492 1012 ﬁlios,
523 962 673 1016 quant
702 943 1114 1015 reformidanda.
1142 937 1505 994 Misericordia
1537 934 1748 1005 quidem
1782 930 1905 993 Dei,

330 1040 539 1103 fratres,
570 1038 707 1092 sicut
731 1034 1053 1090 credendum
1080 1041 1182 1098 est,
1210 1043 1399 1084 onmes
1424 1027 1509 1082 isti
1536 1026 1749 1088 fratres,
1776 1035 1909 1091 quos

331 1147 436 1186 una
464 1130 555 1185 Dei
588 1130 665 1185 ira
697 1136 933 1183 materna
957 1127 1104 1196 plaga
1134 1122 1419 1195 percussit,
1443 1119 1509 1174 ad
1539 1117 1695 1187 hujus
1714 1115 1781 1169 de
1804 1126 1910 1183 quo

332 1222 643 1293 gaudemus,
667 1219 983 1290 quandoque
1006 1214 1308 1287 perventuri
1333 1221 1457 1268 sunt
1476 1209 1779 1265 sanitatem.
1801 1205 1907 1260 Ve-

334 1323 634 1369 rumtamen
665 1310 871 1365 discant
901 1310 990 1363 filii
1020 1306 1261 1378 obsequi,
1286 1307 1506 1361 timeant
1530 1309 1772 1372 parenles
1803 1298 1910 1352 ira-

331 1404 429 1458 sci.
453 1402 718 1470 Scriptum
740 1410 840 1467 est,
866 1399 1153 1454 Benedictio
1180 1398 1337 1468 patris
1355 1396 1527 1465 ﬁrmat
1548 1395 1749 1447 domum
1778 1389 1913 1458 ﬁlio-

331 1510 446 1547 rum
469 1508 488 1546 :
509 1491 791 1545 maledictio
812 1490 987 1544 matris
1010 1488 1234 1542 eradicet
1260 1486 1588 1556 fundamenta
1614 1480 1805 1553 (Eccli.
1829 1495 1909 1545 tu,

334 1584 449 1654 Η).
481 1581 635 1637 Modo
663 1582 749 1636 isti
781 1596 875 1651 per
906 1591 1073 1635 terras
1114 1580 1166 1633 in
1203 1577 1558 1633 fundamentis
1587 1573 1772 1644 patria:
1802 1584 1912 1625 suae

334 1690 439 1730 non
477 1684 637 1730 ειιιιιε
665 1677 902 1745 praebent
945 1674 1141 1743 ubique
1180 1671 1574 1742 spectaculum,
1611 1673 1914 1737 preponuut

334 1780 489 1821 suum
532 1763 880 1837 supplicium;
924 1763 1163 1833 prtebeut
1208 1762 1377 1817 oculis
1420 1758 1687 1814 miseriam
1740 1770 1911 1818 suam,

338 1867 539 1913 terrent
576 1857 879 1927 superbiam
921 1856 1169 1911 alienam.
1202 1855 1397 1909 Discite
1457 1852 1548 1907 filii
1572 1895 1587 1917 ,
1619 1849 1759 1921 quod
1789 1848 1917 1903 dicit

334 1949 629 2018 Scriptura,
656 1948 882 2003 reddere
910 1946 1167 2001 honorem
1196 1944 1503 2015 parentibus
1528 1943 1788 1998 debitum.
1811 1939 1915 1996 Sed

336 2051 392 2095 et
430 2054 545 2105 vos,
589 2048 856 2107 parentes,
899 2036 1110 2105 quando
1153 2034 1505 2099 olfeudimini»,
1535 2042 1783 2101 parentes
1818 2042 1915 2084 vos

336 2145 460 2186 esse
482 2129 851 2185 recordamini.
876 2128 1059 2183 Oravit
1086 2136 1253 2181 mater
1273 2137 1456 2179 contra
1483 2125 1642 2188 filios,
1666 2121 1917 2177 exaudita

338 2230 456 2287 est;
502 2221 623 2291 quia
664 2220 803 2273 Deus
840 2234 966 2273 vere
1007 2218 1180 2287 justus
1220 2225 1335 2282 est,
1365 2217 1483 2285 quia
1516 2230 1639 2269 vere
1670 2214 1917 2284 injuriam

338 2325 493 2381 passa
521 2310 712 2365 fuerat.
743 2308 890 2364 Unus
919 2308 1155 2377 ipsorum
1182 2315 1233 2361 et
1261 2306 1423 2359 verba
1453 2304 1836 2359 contumeliosa
1866 2310 1921 2357 et

339 2417 531 2457 manus
562 2401 847 2471 injecerat;
880 2409 934 2455 et
954 2399 1139 2454 caeteri
1168 2399 1350 2452 matris
1380 2397 1626 2467 injuriam
1660 2395 1921 2466 patienter

340 2493 597 2558 tulerunt,
639 2506 737 2547 nec
778 2501 940 2545 unum
980 2496 1074 2561 p‘ro
1112 2502 1178 2544 ea
1216 2488 1435 2543 verbum
1476 2496 1660 2542 contra
1704 2487 1919 2541 fratrem

341 2583 749 2654 responderunt.
786 2582 970 2637 Justus
1014 2581 1152 2635 Deus
1202 2580 1290 2650 qui
1331 2570 1530 2633 audivit
1576 2583 1917 2647 precantem,

342 2676 541 2731 audivit
569 2674 857 2730 dolentem.
884 2673 988 2729 Sed
1016 2672 1141 2743 quid
1182 2672 1266 2726 illa
1308 2669 1537 2725 misera?
1564 2669 1751 2725 Nonne
1781 2668 1923 2724 unde

342 2769 499 2822 citius
529 2766 773 2822 exaudita
796 2806 810 2831 ,
842 2765 966 2820 inde
996 2766 1114 2833 plus
1143 2760 1359 2835 punita?
1390 2763 1585 2817 Discite
1611 2762 1713 2816 hoc
1742 2769 1923 2831 petere

343 2876 373 2915 a
406 2861 534 2925 Deo,
563 2859 650 2913 ubi
680 2874 786 2913 non
817 2858 1043 2913 timeatis
1071 2856 1326 2912 exaudiri.

338 2979 347 2987 ε
416 2951 642 3008 CAPUT
681 2952 744 3005 ll.
780 2982 851 2993 -—
876 2952 931 3005 2.
965 2950 1172 3005 Sanitas
1201 2948 1396 3002 duobus
1425 2947 1665 3019 fratribus
1695 2963 1796 3000 non
1824 2947 1923 2999 im.

346 3053 540 3115 petrata
566 3044 818 3108 Anconae,
845 3052 899 3095 ut
924 3042 986 3095 iis
1016 3040 1257 3111 Hippone
1285 3038 1653 3093 concederetur.
1677 3036 1926 3091 Memoria

347 3137 596 3207 Stephani
630 3150 730 3206 qua
767 3136 1027 3189 occasione
1070 3132 1207 3205 apud
1241 3132 1501 3185 Anconam
1545 3141 1659 3184 ante
1703 3131 1927 3201 corporis

347 3230 456 3298 ejus
483 3228 807 3281 detectionem
834 3235 1107 3280 eastructa.
1131 3224 1239 3279 Nos
1264 3232 1461 3285 autem,
1488 3222 1697 3286 fratres,
1721 3230 1927 3291 satagu-

348 3334 466 3374 mus
494 3319 719 3373 Domino
747 3318 859 3373 Deo
889 3327 1070 3371 nostro
1110 3315 1304 3386 gratias
1342 3315 1543 3369 referre
1584 3329 1679 3384 pro
1723 3312 1812 3366 illo
1839 3313 1927 3381 qui

347 3417 564 3463 sanatus
603 3417 718 3472 est;
748 3417 801 3463 et
843 3422 940 3476 pro
979 3407 1068 3460 illa
1112 3421 1230 3475 quae
1269 3405 1441 3459 adhuc
1487 3412 1714 3468 tenetur,
1746 3416 1929 3471 preces

350 3502 652 3557 fundamus.
681 3501 1062 3555 Bcnedicamus
1093 3500 1279 3563 Deum,
1316 3498 1439 3567 quia
1478 3497 1665 3567 dignos
1700 3512 1795 3550 nos
1833 3496 1929 3549 ha-

349 3592 487 3657 buit,
515 3599 574 3646 ut
608 3592 711 3646 hoc
735 3590 1057 3645 videremus.
1091 3587 1225 3656 Quid
1255 3589 1395 3644 enim
1436 3602 1640 3653 sumus,
1682 3588 1802 3657 quia
1833 3603 1931 3659 ego

351 3685 569 3755 apparui
613 3684 728 3739 istis
768 3682 1044 3737 nesciens?
1071 3680 1148 3736 Illi
1174 3681 1316 3736 enim
1344 3696 1428 3735 me
1458 3680 1726 3747 videbant,
1757 3692 1809 3735 et
1833 3697 1932 3750 ego

354 3779 654 3833 nesciebam
684 3795 697 3829 :
726 3786 779 3831 et
804 3776 1226 3831 admonebantur
1265 3784 1322 3829 ut
1362 3776 1428 3829 ad
1468 3776 1620 3829 istam
1662 3775 1933 3830 civitatem

354 3871 616 3927 venirent.
638 3869 768 3938 Quis
793 3884 908 3924 sum
936 3868 1070 3938 ego?
1099 3867 1266 3923 llomo
1302 3882 1421 3922 sum
1460 3883 1595 3921 unus
1624 3866 1690 3921 de
1715 3867 1931 3933 multis,

355 3980 461 4019 non
492 3963 559 4018 de
599 3964 821 4033 magnis.
851 3963 919 4017 Et
954 3976 1114 4027 vere,
1153 3970 1207 4016 ut
1250 3960 1429 4016 audiat
1454 3960 1695 4017 Charitas
1731 3971 1931 4031 vestra,

353 4054 578 4108 multum
633 4055 817 4119 miror,
866 4061 920 4107 et
970 4053 1172 4123 gaudeo
1218 4052 1370 4106 nobis
1414 4066 1534 4107 esse
1577 4066 1933 4109 concessum:

357 4147 606 4216 quoniam
653 4146 751 4201 iste
795 4145 953 4200 homo
995 4160 1093 4200 nec
1120 4146 1350 4200 Aucoum
1383 4145 1557 4199 curari
1598 4146 1797 4215 potuit;
1831 4147 1936 4202 imo

358 4240 549 4308 potuit,
574 4238 667 4293 sed
697 4246 911 4307 propter
939 4253 1035 4293 nos
1064 4236 1258 4293 factum
1288 4252 1391 4291 non
1420 4246 1517 4302 est,
1544 4239 1663 4307 quia
1688 4238 1937 4294 facillime

359 4328 474 4383 fieri
507 4330 694 4397 potuit.
726 4328 912 4383 Sciunt
954 4329 1095 4383 enim
1139 4328 1289 4382 multi
1329 4336 1524 4397 quanta
1562 4330 1813 4384 miracula
1846 4346 1939 4400 per

360 4420 724 4475 beatissimum
773 4429 1059 4491 martyrem
1104 4419 1431 4489 Stephanum
1479 4421 1530 4473 in
1579 4420 1677 4475 ista
1727 4422 1939 4477 civitate

362 4509 506 4564 fiant.
537 4510 602 4564 Et
628 4510 806 4565 audite
842 4510 983 4580 quod
1021 4510 1282 4564 miremini
1316 4528 1330 4565 :
1360 4512 1614 4566 memoria
1651 4512 1765 4581 ejus
1798 4513 1938 4566 auti-

362 4618 462 4672 qua
494 4601 563 4656 ibi
595 4611 730 4667 erat,
763 4612 816 4657 et
844 4604 956 4673 ipsa
994 4611 1076 4658 est
1105 4603 1197 4658 ibi.
1222 4602 1324 4659 Sed
1354 4604 1575 4658 fortasse
1602 4605 1734 4659 dicis
1761 4623 1775 4659 :
1803 4604 1938 4659 Cor-

328 4765 339 4779 .
362 4708 460 4763 pus
482 4694 596 4763 ejus
618 4694 849 4748 nondum
875 4705 1210 4765 apparuerat,
1242 4698 1495 4751 memoria
1527 4698 1595 4752 ibi
1627 4698 1766 4754 unde
1790 4699 1942 4754 erat?

340 4786 515 4851 ,Latet
536 4785 747 4855 quidem
776 4801 936 4841 causa
962 4804 975 4841 :
997 4787 1089 4841 sed
1111 4787 1236 4858 quid
1264 4788 1330 4842 ad
1358 4804 1455 4844 nos
1482 4788 1619 4844 fama
1644 4792 1938 4860 pertulerit,

364 4890 469 4929 non
504 4877 689 4931 tacebo
710 4874 962 4932 Charitati
991 4887 1198 4932 vestrm.
1222 4879 1444 4945 Quando
1467 4880 1797 4949 lapidabatur
1822 4897 1944 4937 san-

333 4977 478 5039 ,ctus
513 4967 833 5039 Stephanus,
866 4969 1027 5040 aliqui
1069 4971 1227 5025 etiam
1274 4972 1605 5041 innocentes,
1636 4982 1686 5027 et
1714 4975 1945 5029 maxime

340 5048 431 5114 de
474 5061 538 5115 iis
575 5061 665 5131 qui
703 5061 811 5129 jam
858 5062 908 5115 in
939 5060 1209 5117 Christum
1246 5063 1604 5131 crediderant,
1631 5065 1945 5119 circumsta-

366 5148 492 5203 bant
523 5168 536 5204 :
564 5150 755 5204 dicitur
788 5150 921 5220 lapis
962 5152 1172 5207 venisse
1215 5153 1268 5207 in
1313 5153 1572 5220 cubitum,
1608 5164 1661 5210 et
1690 5170 1946 5213 excussus

368 5239 490 5297 inde
523 5241 733 5297 venisse
767 5253 888 5297 ante
927 5243 1209 5313 quemdam
1250 5245 1577 5316 religiosum.
1602 5246 1745 5302 Tulit
1773 5247 1942 5313 illum,

368 5340 422 5385 et
458 5332 707 5387 servavit.
731 5330 902 5387 llomo
931 5342 1046 5389 erat
1074 5334 1142 5389 de
1167 5335 1555 5405 navigantibus,
1586 5352 1703 5392 sors
1731 5338 1944 5409 naviga-

370 5418 529 5474 tionis
558 5421 733 5476 attulit
757 5422 902 5477 illum
930 5422 995 5477 ad
1026 5422 1173 5479 littus
1196 5426 1450 5493 Anconae,
1474 5437 1527 5482 et
1551 5429 1838 5483 revelatum
1865 5440 1948 5485 est

368 5509 443 5564 illi
474 5510 544 5565 ibi
574 5511 769 5569 debere
797 5514 981 5583 reponi
1023 5510 1250 5583 lapidem
1282 5518 1448 5572 illum.
1480 5519 1573 5575 llle
1599 5520 1829 5577 obcdivit
1860 5536 1947 5577 re-

432 5665 505 5791 fe;
528 5667 627 5738 vid.
654 5666 738 5716 lib.
762 5667 906 5739 ﬁde
928 5670 1128 5741 civitate
1152 5672 1254 5733 Dei,
1276 5686 1379 5733 cap.
1405 5673 1452 5721 8.

456 5728 484 5775 ὸ
530 5727 668 5790 Alias,
703 5729 766 5778 de
790 5737 995 5780 tnversas
1020 5731 1095 5780 32.

456 5727 505 5790 ὸ)
530 5727 668 5790 Alias,
703 5729 766 5778 de
790 5733 995 5780 Diversis
1020 5731 1095 5780 52.

1625 282 1850 339 SEMIU
1886 276 2208 337 CCCXXIV.

3450 274 3591 339 me

2014 395 2280 460 velationi,
2305 404 2357 448 et
2386 393 2509 448 fecit
2533 392 2670 463 quod
2694 392 2899 463 jussqu
2928 403 3011 448 est
3036 412 3049 448 :
3077 408 3141 449 ex
3175 392 3264 449 illo
3284 396 3445 465 coepit
3467 409 3589 450 esse

2014 486 2085 540 ibi
2117 488 2367 541 memoria
2399 487 2565 541 sancti
2588 486 2861 555 Stephani,
2888 497 2942 541 et
2966 502 3149 542 rumor
3173 496 3287 542 erat
3311 489 3432 558 quia
3461 489 3587 543 bra-

2015 576 2192 631 chlum
2223 578 2389 632 sancti
2413 578 2666 648 Stephani
2697 577 2763 633 ibi
2789 587 2891 645 est,
2911 579 3267 633 nescientibus
3290 579 3590 635 hominibus

2015 668 2139 737 quid
2181 671 2507 739 contigisset.
2540 669 2739 725 Verum
2770 678 2944 725 autem
2978 670 3288 741 intelligitur
3314 681 3593 741 propterea

2016 759 2085 813 ibi
2131 758 2294 814 fuisse
2339 761 2651 827 revelatum,
2683 770 2739 815 ut
2780 760 2850 815 ibi
2894 772 3111 831 poneret
3150 761 3378 832 lapidem
3408 765 3496 833 qui
3528 764 3596 819 de

2017 849 2194 903 cubito
2242 849 2483 922 Martyris
2529 866 2785 906 excussus
2828 861 2929 918 est,
2973 852 3093 924 quia
3141 868 3311 923 graece
3355 855 3592 910 cubitum

2016 943 2169 1007 ἀγκών
2198 941 2408 995 dicitur.
2440 941 2539 996 Sed
2568 944 2659 1011 qui
2699 944 2872 997 sciunt
2901 959 3017 1014 qua:
3047 943 3119 997 ibi
3156 944 3405 1000 miracula
3446 946 3593 1014 flatu,

2019 1031 2118 1102 ipsi
2143 1047 2239 1086 nos
2260 1032 2505 1086 doceant.
2526 1033 2639 1087 Non
2663 1033 2730 1088 ibi
2754 1044 3033 1104 creperum
3054 1035 3165 1089 fieri
3193 1035 3292 1091 ista
3318 1038 3591 1103 miracula,

2019 1125 2122 1179 nisi
2177 1135 2520 1195 posteaquam
2570 1140 2764 1194 corpus
2811 1126 2980 1181 sancti
3028 1128 3280 1197 Stephani
3331 1130 3592 1198 apparuit.

2019 1215 2159 1272 Ecce
2190 1217 2258 1271 ibi
2293 1232 2393 1270 non
2424 1226 2503 1271 est
2530 1227 2741 1271 curatus
2771 1218 2869 1273 iste
2892 1218 3124 1289 juvenis,
3156 1229 3211 1273 ut
3241 1222 3437 1274 nostris
3462 1236 3595 1275 ocu-

2017 1308 2084 1363 lis
2112 1319 2431 1364 servaretur.

2091 1402 2143 1457 3.
2186 1401 2263 1456 De
2307 1402 2562 1455 miraculis
2592 1402 2730 1474 apud
2762 1399 2961 1457 Uzalim
2984 1404 3151 1472 factis.
3196 1404 3349 1475 Apud
3391 1404 3591 1461 Uialim

2019 1493 2109 1547 ubi
2135 1501 2215 1548 est
2244 1494 2523 1563 episcopus
2550 1493 2711 1548 frater
2743 1508 2893 1548 meus
2919 1494 3150 1549 Evodius
3169 1538 3183 1562 ,
3221 1505 3412 1566 quanta
3437 1498 3597 1571 mira.

2020 1586 2137 1640 cula
2164 1586 2233 1639 ibi
2264 1587 2388 1639 tiant
2417 1586 2668 1655 quaerite,
2694 1596 2748 1639 et
2778 1586 3075 1640 invenietis.
3104 1587 3481 1642 Prwtermissis
3502 1603 3596 1641 au-

2019 1684 2127 1731 tem
2155 1678 2271 1732 aliis
2291 1719 2304 1742 ,
2337 1676 2511 1732 indico
2538 1676 2687 1731 vobis
2721 1693 2884 1732 unum
2915 1677 3053 1747 quod
3083 1677 3152 1731 ibi
3178 1678 3367 1732 factum
3399 1688 3510 1746 est,
3542 1688 3600 1735 ut

2021 1766 2245 1821 videatis
2266 1775 2457 1835 quanta
2486 1767 2555 1821 sit
2580 1766 2647 1821 ibi
2678 1767 2955 1837 praesentia
2980 1766 3289 1836 majestatis.

2094 1857 2320 1912 CAPUT
2366 1856 2454 1911 lll.
2497 1887 2569 1898 —
2611 1858 2796 1912 Mulier
2842 1857 3082 1927 quaedam
3126 1856 3300 1911 subito
3346 1866 3600 1928 mgrot‘um

2022 1945 2186 2003 filium
2207 1991 2219 2013 ,
2250 1950 2334 2003 eui
2363 1964 2675 2004 succurrere
2701 1948 2998 2003 festinando
3037 1964 3141 2003 non
3179 1950 3374 2018 potuit,
3399 1950 3448 2003 in
3476 1965 3602 2019 gre-

2026 2040 2132 2092 mio
2170 2054 2266 2092 suo
2304 2038 2742 2093 catechumenum
2771 2037 2985 2091 amisit:
3014 2054 3131 2107 qua:
3166 2038 3433 2105 "clamans,
3468 2039 3607 2095 Mor-

2026 2142 2148 2186 tuus
2178 2140 2258 2185 est
2279 2173 2292 2194 ,
2324 2131 2490 2201 inquit
2510 2173 2524 2196 ,
2554 2130 2691 2185 filius
2721 2144 2869 2183 meus
2898 2129 3329 2184 catechumenus.

2099 2224 2151 2278 4.
2196 2223 2385 2295 Populi
2415 2224 2605 2277 clamor
2628 2239 2691 2277 ex
2718 2222 2881 2275 subita
2902 2224 3158 2276 curatione
3179 2223 3363 2295 puclla:
3380 2233 3603 2280 exortus.

2028 2312 2093 2369 Et
2123 2330 2243 2368 cum
2274 2315 2385 2368 haec
2405 2314 2607 2369 diceret
2634 2314 2956 2383 Augustinus
2975 2356 2989 2379 ,
3019 2314 3244 2384 populus
3263 2314 3330 2369 de
3350 2317 3603 2372 memoria

2029 2404 2195 2459 sancti
2234 2403 2488 2474 Stephani
2513 2406 2744 2460 clamare
2770 2404 2931 2473 cmpit
2951 2446 2963 2467 ,
2991 2404 3099 2459 Deo
3136 2396 3363 2475 gratias!
3396 2406 3608 2461 Christo

2028 2494 2245 2551 laudes!
2272 2480 2329 2549 lu
2369 2511 2474 2565 quo
2513 2495 2764 2550 continuo
2788 2495 3046 2559 clamore,
3079 2496 3252 2566 puella
3281 2513 3400 2567 qua:
3425 2506 3607 2553 curata

2029 2596 2111 2642 est
2139 2586 2206 2643 ad
2248 2587 2485 2642 absidam
2515 2587 2765 2657 perducta
2795 2595 2896 2641 est.
2926 2586 3038 2655 Qua
3066 2588 3174 2641 visa
3193 2629 3217 2655 ,ν
3236 2589 3462 2658 populus
3486 2605 3607 2645 cum

2029 2677 2222 2748 gaudio
2266 2686 2319 2732 et
2361 2676 2518 2741 ﬂetu,
2548 2678 2703 2731 nullis
2747 2677 3072 2745 interpositis
3116 2678 3483 2747 sermonibus,
3512 2679 3607 2734 sed

2030 2768 2146 2824 Solo
2185 2768 2407 2839 strepitu
2454 2767 2765 2836 interposito
2786 2806 2799 2833 ,
2830 2767 3132 2837 aliquandiu
3162 2767 3450 2823 clamorem
3483 2784 3609 2838 pro-

2032 2861 2191 2916 traxit
2216 2878 2227 2914 :
2252 2868 2307 2915 et
2338 2859 2549 2914 silentio
2578 2858 2716 2914 facto
2735 2900 2749 2924 ,
2784 2859 3107 2929 Augustinus
3136 2859 3414 2929 episcopus
3439 2859 3572 2914 dixit
3591 2901 3607 2926 ,

2030 2952 2295 3022 Scriptum
2340 2960 2422 3006 est
2466 2951 2517 3005 in
2562 2950 2777 3005 Psalmo
2798 2992 2812 3017 ,
2846 2934 2999 3017 Dixi,
3034 2950 3314 3021 Proloquar
3350 2953 3612 3007 adversum

2034 3063 2113 3099 me
2138 3046 2369 3099 delictum
2396 3060 2560 3097 meum
2584 3041 2800 3096 Domino
2827 3041 2934 3095 Deo
2955 3056 3063 3096 meo
3082 3083 3097 3110 ,
3121 3051 3167 3096 et
3192 3052 3243 3095 tu
3264 3043 3497 3097 dimisisti
3516 3044 3613 3096 im-

2035 3139 2267 3207 pietatem
2292 3138 2458 3190 cordis
2488 3136 2584 3189 mei
2611 3134 2779 3205 (Psal.
2809 3151 2937 3189 XXXI
2958 3176 2972 3202 ,
3000 3133 3075 3207 5).
3106 3134 3226 3189 Dixi
3244 3177 3259 3201 ,
3292 3134 3613 3206 Proloquar:

2035 3229 2270 3284 nondum
2292 3226 2595 3296 prolocutus
2628 3242 2744 3281 sum
2770 3243 2783 3279 :
2807 3225 2956 3289 Dixi,
2986 3224 3289 3292 Proloquar,
3317 3236 3363 3280 et
3386 3236 3439 3280 tu
3464 3227 3616 3280 dimi-

2035 3323 2164 3376 sisti.
2210 3318 2588 3375 Commendavi
2632 3318 2784 3375 istam
2826 3318 3075 3375 miseram
3096 3358 3110 3381 ,
3142 3318 3249 3375 imo
3288 3332 3352 3370 ex
3380 3318 3571 3371 misera
3595 3358 3610 3382 ,

2036 3408 2403 3464 commendavi
2451 3422 2569 3460 eam
2614 3406 2803 3465 vestris
2845 3405 3193 3460 orationibus.
3248 3406 3614 3474 Disposuimus

2038 3514 2222 3562 orare,
2247 3506 2301 3551 et
2338 3495 2571 3552 exauditi
2594 3510 2797 3550 sumus.
2827 3494 2906 3551 Sit
2929 3495 3177 3566 gaudium
3207 3505 3447 3555 nostrum
3476 3496 3616 3553 actio

2036 3589 2349 3659 gratiarum.
2380 3586 2549 3643 Citius
2574 3584 2821 3641 exaudita
2846 3594 2932 3640 est
2969 3594 3138 3643 mater
3164 3586 3426 3653 Ecclesia,
3457 3602 3615 3657 quam

2040 3682 2094 3736 iu
2123 3679 2411 3751 perniciem
2434 3677 2712 3734 maledicta
2738 3684 2907 3732 mater
2929 3676 3037 3731 illa.
3068 3677 3321 3743 Conversi
3347 3677 3413 3733 ad
3439 3677 3618 3733 Domi-

2040 3788 2165 3827 num
2186 3812 2201 3838 ,
2230 3778 2334 3827 etc.

2501 3860 2728 3917 SERMO
2749 3860 3045 3916 cccxxw
3064 3860 3159 3933 (a).

2046 3956 2158 4025 Quo
2186 3956 2498 4027 Augustinus
2536 3955 2749 4025 complet
2775 3964 2967 4025 partem
3003 3956 3246 4008 sermonis
3274 3968 3391 4008 mox
3418 3969 3608 4024 prtece-

2463 4045 2622 4099 dentis
2642 4044 2884 4099 miraculo
2912 4044 3195 4115 interrupti.

2117 4137 2423 4192 Miraculum
2448 4136 2587 4207 apud
2626 4135 2824 4192 Uzalint
2864 4140 3072 4205 factum.
3124 4134 3349 4191 Parvula
3392 4145 3508 4191 ante
3528 4136 3622 4192 ba-

2046 4228 2282 4298 ptismum
2325 4228 2540 4281 extincto
2582 4232 2683 4281 vita
2712 4225 2927 4289 reddita,
2962 4234 3013 4277 ut
3042 4237 3361 4280 sacramenta
3389 4228 3620 4297 percipe-

2038 4330 2139 4375 ret.
2164 4320 2333 4375 Debet
2359 4334 2387 4372 a
2411 4317 2564 4373 nobis
2593 4317 2874 4372 hesternus
2897 4331 3072 4375 sermo
3102 4317 3480 4386 compleri,qui
3510 4332 3627 4373 ma-

2041 4412 2145 4483 jori
2172 4412 2498 4479 interruptus
2522 4417 2604 4464 est
2628 4408 2840 4479 gaudio.
2870 4408 3169 4463 Statueram
3200 4407 3342 4461 enim
3372 4417 3426 4460 et
3445 4422 3624 4476 cmpe-

2047 4518 2161 4557 ram
2190 4501 2331 4571 loqui
2360 4499 2615 4555 Charitati
2655 4508 2874 4564 vestrae,
2912 4512 3074 4568 quare
3112 4497 3241 4552 mihi
3267 4497 3511 4551 videntur
3538 4496 3625 4561 isti

2048 4594 2241 4649 fratres
2270 4591 2445 4647 divina
2474 4591 2788 4646 auctoritate
2824 4589 2891 4644 ad
2930 4590 3066 4643 hanc
3105 4587 3369 4645 civitatem
3398 4601 3516 4642 esse
3542 4586 3626 4641 di«

2048 4686 2215 4751 recti,
2247 4693 2305 4738 ut
2330 4684 2413 4738 hic
2441 4684 2493 4737 in
2536 4682 2614 4738 eis
2650 4682 2740 4736 diu
2778 4689 2955 4751 aptata
2994 4689 3048 4735 et
3086 4686 3388 4748 exspectata
3429 4680 3626 4735 sanitas

2048 4778 2377 4846 impleretur.
2405 4776 2469 4830 Et
2500 4775 2601 4830 hoc
2625 4774 2808 4829 volens
2841 4772 3049 4837 dicere,
3079 4771 3224 4841 prius
3248 4771 3627 4826 commendare

2050 4884 2319 4939 ceperam
2348 4866 2601 4920 Charitati
2629 4875 2818 4920 vestra:
2838 4863 2950 4917 loca
2971 4870 3154 4917 sancta
3173 4904 3188 4928 ,
3219 4863 3272 4917 in
3301 4862 3492 4932 quibus
3519 4877 3625 4916 non

2051 4970 2178 5016 sunt
2215 4959 2416 5025 sanati,
2447 4968 2499 5013 et
2528 4958 2594 5012 ad
2626 4972 2721 5012 nos
2764 4954 2886 5010 inde
2929 4961 3053 5007 sunt
3080 4952 3290 5021 directi.
3330 4954 3395 5007 Et
3432 4952 3537 5008 dixi
3561 4953 3630 5009 de

2052 5054 2270 5107 Ancona
2298 5050 2507 5105 civitate
2530 5049 2692 5103 Italiae
2717 5066 2728 5100 :
2755 5060 3020 5115 coeperam
3051 5044 3119 5100 de
3154 5044 3296 5101 Uzali
3319 5045 3530 5100 civitate
3550 5046 3632 5099 di<

2053 5161 2207 5211 cere,
2239 5159 2357 5215 qua:
2401 5151 2482 5197 est
2528 5143 2580 5195 iu
2620 5138 2797 5193 Africa
2832 5137 3178 5209 (episcopum
3210 5137 3369 5192 habet
3416 5137 3629 5191 fratrem

2054 5252 2231 5292 meum
2253 5275 2268 5301 ,
2296 5250 2453 5306 quem
2489 5231 2688 5295 nostis,
2720 5228 2999 5300 Evodium)
3022 5246 3036 5295 ;
3063 5232 3186 5300 quia
3211 5243 3263 5284 et
3288 5229 3353 5283 ad
3378 5229 3520 5285 illam
3550 5229 3631 5284 ci-

2055 5332 2272 5386 vitatem
2301 5342 2392 5385 eos
2420 5326 2620 5385 venire.
2655 5323 2788 5378 fama
2815 5322 3049 5394 ejusdem
3072 5322 3318 5394 martyris
3338 5332 3392 5377 et
3410 5335 3630 5393 operum

2055 5423 2172 5493 ejus
2195 5417 2558 5490 compulisset.
2598 5414 2714 5469 Non
2755 5424 2836 5469 est
2864 5414 2972 5468 illic
2997 5414 3176 5469 datum
3203 5414 3342 5484 quod
3385 5412 3496 5468 dari
3540 5428 3634 5483 po-

2057 5514 2176 5578 tuit,
2198 5521 2256 5565 ut
2284 5510 2370 5563 hie
2396 5507 2609 5561 daretur
2638 5505 2723 5559 ubi
2750 5505 2863 5561 dari
2885 5504 3085 5559 debuit.
3112 5504 3243 5560 Cum
3272 5514 3446 5561 autem
3469 5520 3629 5573 upera

2058 5603 2231 5657 divina
2265 5614 2357 5669 per
2389 5605 2629 5652 sanctum
2656 5595 2939 5666 Martyrem
2961 5610 3379 5652 commemorare
3405 5595 3627 5650 breviter

2127 5736 2197 5797 (τι)
2223 5735 2361 5793 Abas,
2382 5727 2445 5777 de
2468 5728 2676 5777 Diversis
2692 5727 2767 5775 55.
