4108 6326
551 254 682 322 ista

548 377 770 441 vellem,
798 370 1012 428 omissis
1058 365 1302 433 caeteris,
1335 377 1497 418 unum
1542 360 1878 434 institueram
1909 355 2086 409 dicere
2115 370 2128 404 :

549 467 691 538 quod
730 479 850 518 cum
877 461 1027 525 dico,
1060 462 1302 514 restituta
1338 455 1412 509 illi
1454 451 1643 524 puella:
1671 447 1930 512 sanitate,
1959 444 2134 538 subito

546 535 744 613 laetitia:
773 553 1029 608 tumultus
1059 557 1277 604 exortus
1305 555 1416 611 est,
1448 552 1506 599 ct
1545 556 1648 597 nos
1685 540 1838 595 aliter
1877 535 2135 606 compulit

546 647 702 703 finire
719 658 1045 702 sermonem.
1072 643 1212 712 Ergo
1240 640 1343 694 tale
1377 637 1449 693 ibi
1485 634 1794 691 miraculum
1821 631 2020 687 scimus
2049 629 2130 683 fa-

545 747 692 793 ctum
715 736 852 790 inter
871 733 1036 788 multa
1060 733 1160 786 alia
1181 772 1195 796 ,
1225 744 1346 800 qua:
1371 726 1779 782 commemorari
1805 724 1982 791 utique
2003 734 2131 774 eun-

547 837 632 882 eta
665 842 772 882 non
814 832 1058 896 possunt.
1104 821 1292 877 Mulier
1329 817 1570 890 quaedam
1614 815 1792 870 amisit
1831 813 1885 868 in
1927 811 2131 883 gremio

546 924 894 988 aegrotantem
943 914 1112 968 lilium
1155 911 1594 966 catechumenum
1637 904 1888 961 infantem
1935 904 2132 956 lacten-

547 1015 676 1062 tem.
695 1007 824 1075 Quae
844 1021 962 1061 eum
988 1004 1206 1058 vidisset
1225 1001 1480 1056 amissum
1502 1009 1554 1053 et
1577 995 1989 1066 irreparabilitcr
2011 1009 2131 1062 per-

548 1099 738 1164 ditum,
757 1098 1048 1167 cmpiteum
1068 1095 1232 1165 magis
1249 1093 1376 1148 ﬁere
1394 1090 1638 1154 ﬁdeliter,
1660 1103 1817 1157 quam
1840 1095 2006 1139 mater
2025 1081 2124 1156 (a).

547 1191 665 1247 Non
695 1193 837 1246 enim
873 1189 969 1242 ﬁlii
999 1187 1080 1242 sui
1125 1184 1462 1241 desiderabat
1501 1183 1692 1244 vitam,
1725 1178 1826 1232 nisi
1871 1177 1922 1230 in
1951 1175 2128 1230 futuro

547 1283 783 1347 smculo,
812 1290 866 1337 et
893 1281 1027 1336 hanc
1067 1279 1169 1334 sibi
1215 1277 1444 1332 ablatam
1488 1285 1541 1330 et
1583 1273 1784 1344 perisse
1827 1269 2126 1340 plangebat.

546 1372 768 1443 impleta
799 1371 994 1426 aiieetu
1037 1368 1247 1424 ﬁducia:
1278 1366 1397 1422 tulit
1435 1365 1581 1419 illum
1619 1372 1917 1427 mortuum,
1949 1368 2004 1415 et
2031 1376 2126 1414 cu-

546 1465 714 1518 enrrit
738 1464 806 1519 ad
835 1462 1148 1518 memoriam
1169 1460 1308 1515 beati
1334 1457 1582 1528 martyris
1599 1454 1874 1524 Stephani,
1895 1463 1948 1509 et
1967 1451 2129 1521 ccepit

546 1557 616 1611 ab
642 1556 733 1610 illo
759 1556 972 1626 exigere
997 1554 1180 1621 ﬁlium,
1199 1563 1253 1608 et
1276 1551 1457 1606 dicere
1481 1569 1493 1603 :
1517 1551 1710 1606 Sancte
1736 1557 1956 1618 martyr,
1981 1546 2127 1601 vides

547 1649 752 1704 nullum
792 1648 923 1703 mihi
943 1647 1262 1704 remansisse
1287 1645 1556 1700 solatium.
1600 1641 1717 1696 Non
1743 1641 1883 1696 enim
1913 1653 2127 1709 possum

547 1741 729 1798 dicere
781 1741 945 1796 tilium
995 1737 1368 1810 praecessisse,
1413 1749 1572 1806 quem
1615 1733 1756 1788 nosti
1798 1732 2041 1802 perisse:
2072 1739 2128 1784 tu

547 1835 692 1889 enim
728 1832 876 1888 vides
917 1846 1082 1902 quare
1120 1831 1385 1900 plangam.
1425 1826 1608 1883 Redde
1637 1825 1801 1880 ﬁlium
1833 1838 2041 1887 meum,
2070 1829 2128 1876 ut

547 1925 772 1980 habeam
802 1939 923 1988 eum
950 1931 1074 1977 ante
1093 1930 1435 1990 conspectum
1455 1916 1786 1974 coronatoris
1815 1914 1906 1968 tui.
1932 1914 2054 1967 iiree
2075 1920 2128 1966 et

547 2016 670 2070 talia
695 2031 814 2069 cum
843 2023 1167 2084 precaretur,
1197 2010 1445 2081 laerymis
1466 2008 1692 2079 quodam
1720 2005 1878 2060 modo
1903 2021 2008 2060 non
2038 2019 2128 2074 pe-

547 2107 778 2162 tentibus
799 2147 812 2170 ,
840 2105 932 2160 sed
964 2112 1021 2158 ut
1043 2103 1182 2170 dixi,
1210 2100 1542 2172 exigentibus
1563 2139 1579 2166 ,
1604 2097 1802 2152 revixit
1832 2096 1966 2150 ﬁlius
1988 2095 2122 2165 ejus.

546 2198 614 2253 Et
640 2197 762 2267 quia
788 2195 1030 2256 dixerat.
1060 2192 1210 2248 Nosti
1248 2206 1415 2262 quare
1455 2190 1601 2245 illum
1641 2202 1875 2258 quairam
1905 2195 2126 2241 :osten-

544 2288 671 2343 dere
696 2286 860 2342 voluit
888 2286 1046 2340 etiam
1076 2285 1214 2338 Deus
1244 2297 1427 2337 verum
1473 2279 1710 2335 animum
1755 2278 1940 2348 ipsius.
1975 2275 2118 2331 Con-

547 2379 696 2433 tinuo
723 2377 844 2432 tulit
868 2377 1013 2430 illum
1039 2374 1104 2428 ad
1126 2372 1468 2444 presbyteros
1485 2411 1500 2436 ,
1531 2369 1826 2439 baptizatus
1852 2375 1968 2432 est,
1996 2380 2124 2421 san-

479 2484 488 2492 '
545 2469 806 2525 etiﬁcatus
857 2477 971 2530 est,
1005 2474 1193 2520 unctus
1237 2471 1352 2528 est,
1380 2461 1625 2532 imposita
1669 2469 1754 2517 est
1799 2459 1852 2515 ei
1896 2473 2122 2526 manus,

544 2552 824 2629 completis
862 2557 1108 2612 omnibus
1145 2555 1524 2618 sacramentis,
1551 2559 1855 2622 assumptus
1894 2559 1998 2606 est.
2031 2549 2124 2604 illa

544 2659 724 2704 autem
771 2648 860 2702 tali
905 2662 1025 2702 eum
1070 2661 1189 2701 cum
1233 2643 1378 2699 vultu
1424 2642 1676 2707 deduxit,
1719 2648 1965 2712 tanquam
2017 2655 2122 2696 non

544 2738 832 2794 deduceret
853 2737 918 2792 ad
941 2737 1176 2808 requiem
1199 2735 1449 2806 sepulcri,
1472 2735 1566 2789 sed
1585 2733 1652 2788 ad
1679 2733 1854 2788 sinum
1877 2733 2125 2802 martyris

544 2827 819 2900 Stephani.
851 2828 1134 2883 Probatum
1167 2835 1248 2882 cst
1272 2841 1366 2882 cor
1394 2825 1550 2880 ﬁdele
1580 2825 1838 2880 mulieris.
1866 2823 1969 2880 Ubi
1995 2838 2122 2891 ergo

545 2920 648 2978 tale
672 2920 984 2974 miraculum
1013 2918 1135 2973 fecit
1163 2919 1302 2974 Deus
1343 2932 1438 2986 per
1466 2916 1750 2987 Martyrem
1786 2930 1940 2970 suum
1964 2957 1979 2980 ,
2014 2930 2122 2982 non

544 3011 716 3080 potuit
754 3011 824 3065 ibi
864 3012 996 3066 istos
1024 3011 1248 3065 curare?
1274 3011 1339 3064 Et
1370 3019 1549 3065 tamen
1592 3009 1696 3064 huc
1736 3007 1892 3065 nobis
1930 3007 2121 3064 directi

544 3111 685 3155 sunt.
715 3100 971 3156 Conversi
999 3100 1066 3156 ad
1097 3101 1379 3156 Dominum
1401 3142 1416 3166 ,
1447 3109 1552 3157 etc.

977 3212 1204 3268 ΞΕ.ῐίΜο
1241 3211 1515 3268 ccexxv
1541 3216 1560 3237 θ
1585 3212 1680 3284 (b).

929 3332 980 3376 in
996 3325 1143 3377 Natali
1167 3327 1337 3390 viginti
1357 3333 1608 3391 Martyrum
1631 3325 1719 3390 (ο).

615 3430 665 3483 1.
741 3427 1094 3483 Solemnitates
1174 3438 1455 3499 martyrum
1521 3443 1612 3482 cur
1684 3428 1944 3484 instituta.
2024 3428 2120 3485 Die

541 3518 768 3575 solemni
801 3529 1104 3574 sanctorum
1129 3517 1415 3589 Martyrum
1442 3517 1653 3574 debitus
1674 3533 1851 3574 sermo
1889 3518 2118 3573 redden-

539 3608 639 3664 dus
665 3617 766 3663 est.
800 3608 874 3662 De
903 3608 1068 3678 gloria
1111 3616 1400 3678 martyrum
1440 3608 1738 3674 locuturos,
1772 3608 2007 3664 breviter
2028 3609 2118 3678 ju-

541 3709 677 3753 stam
706 3713 919 3753 causam
944 3707 1235 3770 martyrum
1265 3699 1565 3765 locuturos,
1594 3698 1844 3769 adjuvent
1869 3715 1965 3755 nos
1990 3716 2116 3756 ora-

541 3792 713 3845 tiones
757 3798 1069 3861 martyrum.
1100 3790 1213 3845 l‘ioe
1255 3791 1395 3845 enim
1444 3806 1537 3860 per
1583 3792 1713 3848 istas
1754 3793 2120 3852 solemnitates

542 3881 953 3935 commemorari
999 3879 1158 3935 debet
1200 3880 1463 3936 Sanctitas
1509 3891 1720 3949 vestra,
1770 3885 1996 3954 primum
2049 3901 2118 3942 ne

542 3971 863 4026 arbitremur
887 3971 1084 4042 aliquid
1111 3987 1209 4028 nos
1230 3971 1478 4028 conferre
1499 3975 1852 4044 martyribus,
1882 3977 2002 4048 quia
2027 3994 2118 4034 eo-

540 4078 657 4117 rum
684 4063 798 4118 dies
823 4062 1239 4119 solemnissimos
1264 4063 1616 4119 celebramus.
1645 4064 1724 4120 illi
1751 4070 1944 4123 nostris
1971 4068 2120 4125 festi-

537 4153 787 4208 vitatibus
809 4168 913 4208 non
941 4163 1124 4223 egent,
1154 4153 1275 4223 quia
1311 4154 1362 4208 in
1403 4155 1552 4210 cmlis
1585 4171 1704 4210 cum
1747 4158 1964 4228 Angelis
1989 4175 2116 4229 gau-

540 4243 712 4300 dent:
744 4243 1074 4313 congaudent
1117 4253 1293 4299 autem
1336 4246 1520 4312 nobis,
1552 4261 1658 4302 non
1703 4247 1747 4301 si
1794 4248 2116 4308 honoremus

539 4350 662 4401 eos,
687 4335 780 4391 sed
821 4336 864 4390 si
896 4335 1164 4390 imitemur
1191 4350 1302 4390 eos.
1331 4336 1643 4407 Quanquam
1672 4348 1724 4392 et
1767 4340 1906 4408 quod
1946 4340 2117 4396 hono-

539 4441 750 4491 ramus,
780 4424 933 4480 nobis
978 4425 1225 4494 prodest,
1256 4443 1360 4481 non
1409 4427 1535 4480 illis.
1585 4426 1689 4482 Sed
1735 4428 2031 4493 honorare,
2063 4440 2118 4486 et

539 4533 644 4570 non
677 4516 899 4581 imitari,
931 4516 1057 4570 nihil
1082 4524 1164 4570 est
1187 4517 1326 4571 aliud
1356 4532 1514 4586 quam
1543 4518 1871 4574 mendaciter
1888 4521 2112 4576 adulari.

541 4608 620 4662 Ad
655 4607 756 4663 hoc
785 4622 913 4676 ergo
943 4608 1058 4662 ista:
1089 4605 1400 4662 festivitates
1441 4609 1492 4662 in
1538 4608 1775 4664 Ecclesia
1813 4611 2115 4667 constituta:

539 4708 664 4755 sunt
701 4699 931 4765 Christi,
976 4707 1036 4752 ut
1083 4715 1176 4768 per
1218 4714 1308 4753 eas
1359 4701 1695 4769 congregatio
1753 4701 2114 4758 membrorum

540 4792 736 4846 Christi
764 4789 1112 4845 admoneatur
1142 4790 1335 4844 imitari
1358 4799 1617 4860 martyres
1643 4791 1856 4845 Christi.
1888 4791 2011 4848 llmc
2031 4800 2117 4848 est

536 4883 754 4938 omnino
801 4882 958 4951 hujus
1003 4881 1304 4937 festivitatis
1350 4881 1578 4945 utilitas,
1611 4883 1710 4938 alia
1755 4898 1859 4938 non
1903 4893 2003 4940 cst.
2057 4885 2114 4942 Si

599 5000 617 5018 '
641 4993 847 5047 Collatus
867 4996 1012 5046 acim.
1039 5009 1080 5045 r.
1109 5009 1200 5044 rm.
1228 5001 1264 5045 t.
1288 5009 1336 5045 v.
1382 5003 1434 5046 et
1467 4994 1526 5044 ad
1548 4996 1682 5046 sirm.

621 5066 671 5118 α)
695 5066 854 5118 Forte,
879 5067 1108 5108 materne.

622 5118 670 5182 b)
694 5119 832 5178 Alias,
858 5122 985 5169 inter
1007 5118 1360 5184 sirmondianos
1379 5119 1456 5168 50.
1800 5183 1819 5184 η
2090 5179 2094 5184 λ

599 5180 669 5252 (c)
691 5190 783 5252 Hos
800 5180 1260 5252 Damniusneosriem
1282 5188 1453 5252 censet
1468 5193 1601 5252 cum
1625 5183 1904 5252 atartyribus
1926 5180 2112 5252 viginti,

472 5279 478 5294 .
534 5241 618 5306 qui
641 5241 766 5304 apud
786 5251 931 5291 'rarsu
955 5258 981 5288 ιι
1005 5241 1174 5290 cilicia:
1199 5244 1321 5306 passi
1344 5243 1436 5290 sub
1456 5241 1757 5306 Diocletiano
1781 5241 2010 5306 leguntur
2032 5241 2115 5296 die

567 5259 618 5292 111
641 5259 766 5304 apua
786 5259 931 5291 'I'a'l'Sll
955 5259 981 5288 il
1005 5259 1174 5290 L‘iilCIIB
1199 5259 1321 5302 passr
1344 5259 1436 5290 5111)
1468 5259 1757 5291 1110010113Πο
1781 5259 2010 5306 leguntur
2032 5259 2114 5296 me

534 5259 568 5353 ὃ
595 5306 735 5368 juuii.
757 5305 976 5353 Diversos
1007 5305 1352 5368 esse,_ccrt_ius
1391 5305 1674 5368 viderihsibi
1711 5315 1875 5354 monet
1908 5309 2114 5355 sirmon-

535 5364 642 5426 dus,
664 5366 802 5427 cujus
834 5377 922 5431 nos
958 5366 1167 5431 Opinioni
1201 5364 1385 5431 facilius
1415 5366 1702 5431 accedimus.
1722 5375 1910 5431 Horum
1945 5377 2116 5431 marty-

534 5441 642 5477 rum
680 5426 965 5487 memoriam
992 5426 1219 5487 'Hippoue
1255 5426 1625 5476 celeberrimam
1667 5429 1815 5477 fuisse
1851 5428 1994 5478 docet
2032 5426 2117 5479 Αἰι-

535 5491 776 5551 gustinus,
801 5486 990 5551 illustre
1004 5486 1132 5551 quod
1157 5490 1203 5551 iu
1228 5501 1286 5536 ea
1310 5491 1581 5550 contigerat
1602 5489 1883 5540 miraculum
1904 5502 2116 5539 comme-

538 5545 728 5612 r'norans
750 5552 799 5598 in
823 5545 946 5612 ﬁbra
966 5545 1037 5596 (ΒΞ
1057 5549 1133 5612 de
1154 5550 1354 5612 civitate
1385 5545 1488 5609 Dei,
1507 5564 1610 5612 cap.
1635 5551 1681 5598 8.
1704 5552 1763 5600 Ad
1789 5554 1926 5601 istam
1952 5552 2116 5601 basili-

535 5623 640 5659 mm
659 5611 815 5659 dictus
830 5611 918 5658 fuit
937 5619 1101 5659 sermo
1118 5611 1222 5660 148.
1242 5617 1309 5660 De
1327 5612 1498 5661 iisdem
1514 5611 1681 5674 viginti
1699 5613 1976 5676 Martyribus
1993 5616 2116 5665 forte

538 5679 613 5721 cst
634 5684 794 5720 sermo
815 5676 1135 5734 subsequens.

1760 245 1814 302 S.
1854 238 2215 300 AUGUSTINI
2260 237 2559 299 EPlSCOPl

3685 241 3828 306 1448

2241 353 2382 407 enim
2429 355 2580 410 nobis
2624 364 2950 427 proponatur
2988 355 3274 414 imitandus
3320 357 3492 426 Deus,
3532 362 3823 431 respondet

2235 443 2467 512 humana
2511 445 2793 516 fragilitas,
2823 448 3045 502 multum
3091 464 3211 504 esse
3239 447 3307 504 ad
3333 464 3392 505 se
3420 451 3613 505 imitari
3659 467 3816 521 eum,

2236 534 2319 588 cui
2350 550 2457 589 non
2505 544 2680 605 potest
2717 538 3037 608 comparari.
3065 536 3122 595 Si
3161 525 3354 596 deinde
3398 541 3566 610 ipsius
3609 537 3824 600 Domini

2235 627 2403 682 nostri
2429 627 2557 682 Jesu
2579 628 2774 685 Christi
2801 630 2866 686 ad
2909 631 3259 689 imitationem
3297 634 3450 689 nobis
3492 638 3827 706 proponatur

2235 720 2536 791 exemplum
2558 760 2573 789 ,
2600 723 2688 792 qui
2721 732 3001 794 propterea
3049 740 3170 780 cum
3217 726 3358 783 Deus
3396 738 3575 798 esset,
3606 732 3822 786 mortali

2233 826 2395 866 carne
2435 815 2660 868 vestitus
2701 824 2812 884 est,
2839 825 2898 870 ut
2943 815 3251 874 hominibus
3293 820 3572 876 mortalem
3602 836 3821 878 carnem

2232 903 2538 972 gerentibus
2585 905 2878 962 insinuaret
2924 917 3274 979 praeceptum,
3323 919 3380 967 et
3425 910 3822 970 demonstraret

2233 993 2568 1072 exemplum;
2598 994 2666 1050 de
2705 1011 2809 1066 quo
2843 997 3004 1052 etiam
3033 999 3287 1069 scriptum
3314 1008 3425 1065 est,
3454 1001 3684 1058 Christus
3723 1021 3818 1072 pro

2232 1085 2373 1140 nobis
2399 1104 2576 1158 passus
2603 1098 2708 1154 est,
2737 1089 3027 1161 relinquens
3049 1093 3192 1146 nobis
3209 1094 3492 1164 exemplum
3511 1135 3526 1161 ,
3557 1103 3610 1148 ut
3633 1113 3819 1160 sequa-

2231 1192 2344 1229 mur
2375 1179 2580 1247 vestigia
2605 1180 2713 1251 ejus
2734 1180 2775 1252 (i
2810 1179 2952 1236 Petr.
2985 1199 3051 1247 ιι,
3079 1181 3173 1254 21)
3203 1201 3216 1236 :
3242 1193 3416 1240 tamen
3444 1195 3499 1241 et
3530 1186 3616 1240 hic
3641 1187 3819 1242 adhuc

2231 1267 2518 1336 respondet
2537 1268 2766 1324 humana
2792 1271 3074 1342 fragilitas,
3093 1273 3230 1339 Quid
3255 1274 3431 1330 simile
3451 1290 3550 1346 ego
3575 1286 3629 1331 et
3653 1277 3817 1331 Chri-

2231 1359 2375 1412 stus?
2406 1358 2498 1414 ille
2540 1361 2640 1416 etsi
2683 1376 2842 1427 caro,
2875 1372 3053 1419 tamen
3103 1364 3336 1420 Verbum
3387 1381 3534 1422 caro.
3599 1367 3819 1422 Verbum

2231 1449 2373 1504 enim
2393 1467 2512 1505 caro
2532 1456 2752 1522 factum,
2776 1463 2832 1508 ut
2860 1455 3105 1510 habitaret
3131 1459 3183 1511 in
3221 1457 3364 1512 nobis
3391 1457 3570 1532 (Joan.
3592 1477 3610 1515 ι
3629 1502 3646 1527 ,
3680 1463 3773 1533 16)
3800 1481 3814 1517 :

2229 1557 2447 1599 carnem
2471 1545 2789 1615 assumpsit,
2817 1563 2924 1602 non
2965 1547 3199 1604 Verbum
3243 1550 3506 1620 perdidit;
3537 1553 3679 1622 quod
3706 1569 3815 1610 non

2231 1642 2347 1690 erat
2369 1637 2573 1707 accepit
2590 1678 2606 1704 ,
2635 1654 2743 1694 non
2770 1640 2911 1710 quod
2931 1650 3048 1696 erat
3067 1642 3265 1697 amisit.
3289 1642 3428 1698 Deus
3453 1645 3597 1700 enim
3619 1655 3728 1698 erat
3759 1645 3817 1700 in

2231 1724 2431 1782 Christo
2460 1729 2701 1783 mundum
2726 1733 3059 1786 reconcilians
3085 1732 3180 1786 sibi
3205 1732 3269 1806 (ll
3301 1732 3420 1788 Cor.
3447 1750 3502 1800 ν,
3534 1735 3647 1808 19).
3672 1735 3815 1804 Quid

2231 1832 2358 1888 ergo
2385 1819 2557 1875 simile
2590 1834 2688 1891 ego
2727 1829 2781 1876 et
2804 1821 3085 1878 Christus?
3115 1822 3198 1878 Ad
3227 1823 3488 1880 tollendas
3508 1825 3666 1896 igitur
3690 1841 3816 1880 om-

2231 1923 2327 1964 nes
2352 1910 2722 1967 excusationes
2742 1911 2973 1968 inﬁdelis
3001 1912 3320 1968 inﬁrmitatis
3338 1956 3351 1981 ,
3377 1925 3638 1988 martyres
3659 1916 3818 1971 nobis

2230 2007 2450 2054 stratam
2488 2010 2919 2058 construxerunt.
2964 2002 3210 2074 Lapideis
3255 2004 3396 2060 enim
3440 2005 3636 2062 tabulis
3675 2020 3815 2063 oon-

2229 2089 2478 2144 struenda
2503 2099 2651 2160 erat,
2673 2107 2776 2163 qua
2803 2094 2979 2149 securi
2998 2094 3412 2150 ambularemus.
3445 2095 3548 2166 ipsi
3568 2093 3814 2152 fecerunt

2230 2181 2487 2251 sanguine
2535 2197 2669 2249 suo,
2723 2183 3144 2241 confessionibus
3200 2184 3332 2240 suis.
3384 2186 3622 2256 Denique
3676 2201 3813 2241 eon-

2230 2273 2446 2343 templis
2470 2275 2782 2344 corporibus
2803 2277 2914 2332 suis
2928 2318 2943 2344 ,
2970 2279 3202 2334 venienti
3228 2278 3296 2334 ad
3315 2288 3505 2349 gentes
3523 2279 3813 2335 lucrandas

2229 2362 2476 2432 Christo,
2509 2375 2757 2438 tanquam
2802 2368 2857 2422 in
2900 2368 3144 2438 jumento
3182 2370 3273 2425 illo
3315 2370 3558 2437 sedenti,
3585 2386 3812 2442 corpora

2230 2470 2325 2511 sua
2370 2458 2509 2513 sicut
2549 2459 2865 2516 vestimenta
2907 2471 3213 2518 straverunt
3244 2461 3457 2534 (Matth.
3489 2479 3612 2530 xxi,
3643 2464 3696 2530 7,
3725 2463 3809 2535 8).

2228 2548 2358 2616 Quis
2407 2559 2521 2616 est,
2566 2566 2724 2621 quem
2768 2553 2964 2623 pudeat
3005 2553 3218 2618 dicere,
3270 2554 3448 2625 impar
3494 2571 3609 2611 sum
3660 2556 3812 2611 Deo?

2229 2640 2390 2696 Plane
2406 2641 2594 2712 impar.
2619 2643 2794 2714 impar
2811 2659 2928 2699 sum
2947 2644 3199 2701 Christo?
3220 2646 3392 2702 Etiam
3420 2647 3629 2702 mortali
3647 2647 3810 2702 Chri-

2227 2740 2312 2785 sto
2342 2733 2530 2802 impar.
2571 2733 2764 2790 Petrus
2793 2735 2896 2792 hoc
2923 2745 3039 2791 erat
3065 2737 3206 2807 quod
3233 2747 3286 2792 tu
3305 2779 3319 2804 ,
3351 2738 3542 2795 Paulus
3567 2739 3670 2795 hoc
3693 2748 3812 2794 erat

2227 2823 2366 2893 quod
2395 2832 2448 2878 tu
2468 2865 2483 2891 ,
2512 2825 2750 2894 Apostoli
2779 2835 2830 2881 et
2860 2827 3139 2897 Pr0pheta:
3165 2827 3269 2885 hoc
3301 2840 3454 2884 erant
3482 2829 3622 2900 quod
3648 2839 3723 2886 tu.
3749 2829 3812 2885 Si

2229 2913 2372 2986 piget
2391 2914 2585 2970 imitari
2613 2917 2916 2983 Dominum,-
2935 2919 3143 2975 imitare
3166 2934 3505 2975 conservum.
3527 2920 3813 2976 Praecessit

2224 3020 2415 3078 agmen
2467 3023 2772 3072 servorum,
2813 3009 3020 3064 sublata
3069 3019 3152 3066 est
3191 3012 3463 3067 excusatio
3513 3013 3808 3083 pigrorum.

2225 3098 2507 3154 Postremo
2531 3099 2703 3156 adhuc
2739 3099 2904 3156 dicit:
2930 3101 3105 3172 impar
3129 3116 3250 3158 sum
3275 3102 3466 3170 Petro,
3489 3105 3659 3174 impar
3685 3121 3811 3161 sum

2225 3187 2410 3244 Paulo.
2439 3189 2612 3259 impar
2636 3205 2696 3246 es
2720 3191 2930 3247 veritati
2953 3193 3009 3247 ‘i
3032 3191 3330 3250 Coronatur
3353 3197 3623 3253 rusticitas
3646 3238 3662 3262 ,
3695 3213 3808 3252 non

2223 3289 2508 3334 excusatur
2541 3281 2764 3336 vanitas.
2791 3283 3068 3338 Postremo
3094 3284 3265 3354 impar
3293 3301 3352 3340 es
3398 3288 3608 3356 pueris?
3636 3287 3811 3358 impar

2225 3383 2283 3424 es
2304 3371 2525 3439 puellis?
2551 3372 2722 3442 impar
2751 3387 2811 3429 es
2847 3383 3047 3430 sancta:
3077 3375 3407 3432 Valerianze?
3434 3377 3490 3432 Si
3514 3377 3688 3434 adhuc
3713 3395 3810 3435 se-

2225 3463 2312 3531 qui
2335 3463 2510 3534 piget,
2540 3479 2644 3519 non
2672 3464 2754 3520 vis
2777 3465 3053 3522 adhzerere
3074 3466 3360 3522 Victoria?
3380 3469 3467 3524 Sic
3484 3469 3624 3525 enim
3649 3471 3810 3526 nobis

2224 3565 2526 3611 sanctorum
2553 3558 2735 3628 viginti
2757 3559 3044 3631 Martyrum
3070 3560 3237 3615 series
3259 3562 3476 3616 recitata
3502 3572 3600 3617 est.
3629 3563 3812 3632 Carpit

2223 3649 2290 3704 ab
2337 3649 2587 3718 episeopo
2635 3651 2912 3716 Fidentio,
2943 3653 3138 3708 clausit
3179 3653 3247 3708 ad
3298 3654 3505 3710 ﬁdelem
3549 3653 3811 3712 feminam

2223 3748 2459 3795 sanctam
2493 3741 2798 3797 Victoriam.
2822 3742 3034 3799 initium
3053 3760 3082 3798 a
3113 3744 3236 3810 ﬁde,
3261 3745 3381 3800 ﬁnis
3406 3746 3473 3801 ad
3503 3748 3807 3802 victoriam.

2291 3832 2346 3886 2.
2378 3831 2445 3886 In
2485 3833 2784 3905 martyribus
2819 3851 2920 3890 non
2963 3853 3110 3904 paena
3154 3837 3449 3904 attenditur,
3495 3839 3582 3892 sed
3621 3855 3806 3894 causa.

2223 3923 2604 3979 Donatistarum
2624 3925 2782 3998 falsos
2809 3935 3054 3997 martyres
3077 3928 3262 3999 carpit.
3282 3927 3470 3984 Videte
3510 3944 3658 4000 ergo,
3704 3928 3811 3983 fra-

2224 4024 2331 4072 tres
2361 4031 2375 4068 :
2405 4016 2483 4070 sic
2511 4016 2775 4072 celebrate
2805 4017 3078 4086 passiones
3125 4029 3437 4091 martyrum,
3468 4029 3527 4075 ut
3558 4021 3809 4091 cogitetis

2221 4105 2419 4160 imitari
2439 4114 2721 4178 martyres.
2756 4106 2830 4161 illi
2855 4119 2910 4162 ut
2937 4108 3256 4164 fructuosam
3287 4109 3549 4167 haberent
3565 4127 3805 4182 poenam,

2220 4201 2495 4270 elegerunt
2542 4215 2776 4255 causam.
2832 4201 3186 4257 Altenderunt
3232 4204 3374 4258 enim
3411 4203 3690 4258 Dominum
3721 4204 3809 4258 di.

2219 4302 2449 4359 centem,
2474 4308 2577 4346 non
2595 4291 2739 4346 Beati
2767 4293 2852 4364 qui
2896 4295 3290 4364 persecutionem
3329 4295 3626 4364 patiuntur;
3679 4296 3802 4362 sed,

2219 4379 2362 4435 Beati
2417 4383 2501 4452 qui
2549 4384 2940 4451 persecutionem
2993 4387 3254 4454 patiuntur
3303 4397 3508 4457 prapter
3544 4387 3806 4457 justitiam

2226 4467 2435 4542 (Matth.
2462 4485 2516 4537 v,
2538 4470 2646 4544 i0).
2682 4472 2831 4543 Elige
2855 4489 3091 4550 causam,
3115 4485 3171 4528 et
3215 4490 3322 4529 non
3359 4491 3521 4531 cures
3558 4491 3804 4547 penam.

2220 4554 2275 4616 Si
2300 4569 2475 4616 autem
2503 4577 2608 4616 non
2635 4562 2786 4632 eligis
2809 4578 3046 4630 causam,
3080 4574 3134 4620 et
3159 4566 3246 4622 hic
3267 4567 3400 4622 etin
3436 4567 3610 4624 futuro
3648 4570 3811 4625 inve-

2219 4650 2334 4705 nies
2356 4665 2585 4720 poenam.
2609 4651 2726 4706 Non
2747 4665 2798 4707 te
2824 4663 3196 4709 commoveant
3233 4657 3490 4726 supplicia
3527 4668 3582 4712 et
3626 4673 3808 4728 ptume

2223 4735 2689 4808 malefacientium,
2721 4745 3122 4814 sacrilegorum,
3160 4746 3394 4802 hostium
3425 4747 3592 4818 pacis,
3614 4760 3670 4803 et
3701 4749 3810 4804 ini-

2219 4832 2481 4888 micorum
2516 4833 2772 4888 veritatis.
2814 4833 2953 4892 Non.
2985 4836 3125 4889 enim
3171 4836 3245 4890 illi
3293 4852 3388 4907 pro
3427 4840 3649 4893 veritate
3685 4855 3810 4894 mo-

2221 4927 2428 4982 riuntur
2459 4945 2472 4981 :
2506 4927 2598 4983 sed
2622 4928 2742 4983 ideo
2764 4929 3078 4992 moriuntur,
3106 4945 3171 4984 ne
3205 4931 3402 4986 veritas
3428 4932 3804 4998 annuntietur,

2221 5033 2288 5072 ne
2315 5015 2509 5073 veritas
2540 5017 2876 5088 prgedieetur,
2909 5035 2973 5074 ne
2993 5021 3195 5075 veritas
3219 5030 3482 5089 teneatur,
3523 5038 3591 5078 ne
3618 5024 3808 5079 unitas

2220 5121 2446 5175 ametur,
2472 5127 2536 5165 ne
2561 5111 2794 5165 charitas
2813 5111 3081 5181 diligatur,
3107 5127 3175 5168 ne
3217 5115 3488 5169 aeternitas
3532 5124 3806 5171 teneatur.

2219 5198 2263 5256 Ο
2285 5216 2440 5255 causa
2465 5203 2724 5270 pessima!
2760 5202 2878 5256 ideo
2899 5217 3053 5271 parua
3082 5204 3426 5261 infructuosa.
3456 5205 3574 5261 Non
3623 5215 3808 5261 atten-

2220 5293 2319 5359 dis,
2345 5293 2434 5364 qui
2463 5303 2512 5346 te
2539 5293 2606 5348 de
2629 5308 2784 5363 poena
2808 5293 2998 5362 jactus,
3029 5303 3136 5350 tres
3173 5310 3357 5351 cruces
3379 5296 3559 5362 fuisse,
3587 5296 3809 5366 quando

2222 5387 2475 5440 Dominus
2516 5401 2701 5456 passus
2727 5387 2842 5441 est?
2867 5387 3009 5440 inter
3047 5387 3180 5443 duos
3224 5389 3458 5444 latrones
3492 5404 3681 5459 passus
3717 5399 3806 5444 est

2223 5479 2477 5532 Dominus
2511 5496 2523 5532 :
2549 5493 2703 5548 poena
2735 5494 2842 5532 non
2877 5478 3230 5547 discernebat,
3271 5480 3364 5536 sed
3405 5496 3570 5536 causa
3596 5481 3809 5536 discer-

2286 5618 2300 5647 ι
2327 5613 2591 5663 Victorinus
2625 5619 2705 5661 Iis.
2729 5620 2930 5683 almam;
2955 5625 3005 5664 es
3039 5620 3201 5678 postea
3461 5623 3601 5668 Forte
3624 5615 3806 5682 legen-

2222 5679 2361 5738 dum,
2388 5685 2543 5738 Impar
2567 5689 2616 5725 es
2638 5671 2930 5725 rusticitati?
