4036 6452
237 324 355 380 1119

234 440 394 497 nebat.
419 434 539 491 Ideo
566 440 854 504 martyrum
880 447 981 486 vox
1008 440 1090 486 est
1112 431 1162 484 in
1199 430 1288 485 illo
1318 429 1549 494 Psahno,
1601 428 1788 483 Jadica

234 551 320 593 me.
347 531 494 584 Deus.
521 525 635 581 Non
658 525 1077 596 timetjud’eium
1102 543 1115 579 :
1144 538 1249 578 non
1284 523 1428 577 enim
1452 522 1611 577 habet
1650 521 1792 592 quod

232 628 277 678 in
300 623 382 676 illo
404 619 535 690 ignis
552 617 833 681 absumat;
865 616 951 670 ubi
1007 624 1172 669 totum
1200 630 1387 668 aurum
1428 622 1529 679 est,
1579 614 1791 667 ﬂamma

229 716 343 787 quid
364 711 708 768 formidatur?
736 710 925 763 Judica
950 726 1045 775 me,
1075 708 1230 774 Deus,
1259 718 1305 762 et
1333 708 1558 762 discerne
1583 724 1790 761 causam

228 824 375 860 meam
419 806 478 858 de
524 813 669 874 gente
694 819 794 855 non
841 812 1015 854 sancta
1046 800 1212 866 (.Psal.
1262 816 1386 863 xui,
1413 798 1488 869 1).
1526 798 1790 869 Numquid

227 899 362 959 dixit,
397 896 646 949 Discerne
677 908 885 962 pinnam
915 892 1126 947 meam?
1166 892 1437 946 Diceretur
1458 892 1538 957 ei,
1570 891 1789 946 Poenam

228 1002 399 1057 passus
465 992 546 1038 est
588 983 749 1037 latro.
800 982 1065 1051 Numquid
1112 982 1204 1046 ait,
1257 982 1511 1037 Discerne
1574 996 1788 1035 crucem

228 1092 385 1130 meam
412 1074 513 1146 (a)?
537 1073 613 1127 lbi
640 1083 694 1129 et
713 1074 920 1127 adulter
944 1075 1178 1128 inclusus
1199 1082 1299 1127 est.
1344 1073 1609 1147 Numquid
1632 1073 1787 1140 dixit,

228 1171 462 1223 Discerne
510 1175 749 1221 catenam
783 1166 996 1220 meam?
1035 1166 1107 1219 lhi
1153 1166 1295 1219 fures
1346 1166 1503 1219 etiam
1552 1164 1786 1234 colligati

223 1271 355 1316 sunt.
381 1258 644 1328 Numquid
673 1258 825 1321 dixit,
858 1258 1110 1312 Discerno
1141 1258 1333 1311 vulnus
1372 1256 1593 1312 meum?
1623 1256 1790 1311 Ferro

223 1352 370 1406 etiam
390 1348 629 1404 scelerati
679 1347 849 1402 necati
888 1356 1031 1401 sunt.
1061 1348 1191 1401 Cum
1221 1363 1347 1417 ergo
1374 1348 1575 1402 videret
1610 1347 1788 1402 omnia

223 1441 364 1494 bonis
385 1439 643 1509 malisque
664 1439 963 1493 communia
1014 1440 1064 1492 in
1112 1438 1468 1508 passionibus,
1518 1440 1787 1494 exclama-

222 1532 306 1594 vit,
338 1540 389 1587 et
407 1531 498 1594 ait,
548 1528 736 1583 Indica
782 1546 878 1593 me,
936 1529 1171 1595 Domine,
1222 1539 1269 1584 et
1312 1530 1539 1585 discerne
1580 1547 1788 1584 causam

219 1645 368 1683 nteant
396 1628 457 1681 de
478 1634 627 1698 gente
646 1640 745 1677 non
767 1631 959 1677 sancta.
988 1623 1041 1678 Si
1064 1623 1324 1677 discernis
1352 1638 1566 1678 causam
1588 1639 1781 1689 meam,

217 1735 431 1785 coronas
446 1720 765 1791 patientiam
792 1716 1132 1771 meamlecc
1165 1714 1421 1770 Charitati
1456 1724 1647 1770 vestra:
1689 1732 1786 1785 pro

216 1811 574 1866 exhortatione
597 1810 648 1864 in
677 1809 777 1864 hoe
808 1817 995 1863 sancto
1032 1807 1152 1861 loco
1198 1805 1491 1870 sufficiant;
1534 1806 1783 1875 quoniam

216 1903 500 1974 diesparvi
518 1911 660 1967 sunt,
713 1911 766 1957 et
796 1899 971 1956 adhuc
1019 1898 1172 1952 nobis
1212 1898 1265 1952 in
1312 1898 1517 1967 majore
1564 1899 1784 1954 basilica

211 2003 398 2051 restant
418 2010 540 2065 quae
568 2009 787 2064 agamus
813 2007 935 2047 cum
961 1989 1233 2047 Charitate
1254 1998 1453 2045 vestra.

621 2144 852 2201 διεπιΜο
884 2142 1180 2200 cccxxv:
1204 2146 1222 2166 ο
1251 2141 1346 2215 (δ).

690 2287 743 2329 ω
764 2278 911 2330 Natali
931 2286 1180 2344 Martyrum
1200 2278 1294 2341 (c).

273 2410 325 2463 1.
380 2408 638 2479 Martyres
710 2408 777 2460 ad
824 2407 1107 2476 felicitatem
1164 2404 1385 2475 expediti
1431 2414 1782 2458 cucurrerunt.

211 2498 520 2553 Solemnitas
546 2497 974 2552 beatissimorum
1007 2497 1292 2567 Martyrum
1327 2496 1588 2550 laetiorem
1629 2495 1787 2552 nobis

209 2589 430 2644 reddidit
453 2590 618 2644 diem.
650 2589 937 2653 Lmtamur,
965 2588 1087 2658 quia
1112 2587 1178 2642 de
1207 2598 1347 2642 terra
1378 2588 1579 2643 laboris
1598 2588 1663 2642 ad
1697 2603 1787 2643 re-

210 2683 408 2750 gionem
447 2681 642 2752 quietis
689 2680 946 2751 Martyres
998 2680 1476 2735 transieruntzsed
1525 2678 1626 2733 hoc
1678 2693 1785 2733 non

209 2771 463 2839 saltando,
487 2770 584 2826 sed
610 2770 845 2835 orando;
870 2786 971 2823 non
1004 2770 1252 2839 potando,
1312 2770 1407 2825 sed
1451 2770 1782 2840 jejunando;

211 2879 307 2919 non
332 2863 584 2929 rixando,
611 2862 704 2918 sed
734 2862 1009 2916 tolerando
1038 2870 1367 2915 meruerunt.
1384 2860 1788 2916 Contristabitu-

210 2965 308 3018 tur,
367 2956 551 3019 credo,
592 2965 839 3025 parentes
887 2969 1092 3015 eorum,
1126 2953 1336 3023 quando
1368 2952 1436 3007 ad
1484 2953 1785 3023 passionem

210 3045 611 3101 abierunt:sed
663 3046 735 3099 illi
779 3045 1092 3099 laetabantur
1127 3053 1182 3100 et
1232 3044 1500 3110 dicebant,
1562 3043 1787 3098 Ltetatus

208 3152 309 3191 sum
335 3138 388 3191 in
411 3138 492 3191 his
518 3152 632 3205 qua:
652 3137 784 3190 dicta
809 3145 925 3190 sunt
949 3136 1093 3202 mihi,
1124 3136 1178 3189 in
1198 3136 1403 3190 domum
1452 3136 1656 3190 Domini
1692 3136 1788 3189 ibi-

208 3243 313 3282 mus
336 3227 511 3298 (Psal.
540 3244 685 3293 cm,
712 3228 791 3297 1).
816 3228 1010 3291 Nolite,
1043 3237 1312 3297 parentes,
1342 3228 1506 3283 nolite
1532 3228 1785 3298 plangere

208 3319 387 3387 gaudia
417 3328 625 3375 nostra.
650 3319 706 3374 Si
724 3333 819 3373 eos
839 3334 973 3388 quos
1016 3319 1278 3384 nutristis,
1303 3334 1407 3372 non
1428 3318 1589 3373 vultis
1616 3318 1667 3372 in
1689 3334 1784 3386 ge-

210 3407 431 3463 hennam
460 3411 571 3474 ire;
600 3409 794 3462 imitari
821 3408 1047 3472 debetis,
1083 3423 1187 3463 non
1212 3408 1492 3478 impedire.
1518 3408 1597 3462 illi
1624 3424 1787 3463 nove-

209 3509 318 3554 rant
343 3516 455 3571 quo
482 3500 795 3569 pergebant,
825 3508 881 3553 et
911 3508 1159 3567 parentes
1184 3498 1443 3553 increduli
1469 3499 1587 3553 sine
1624 3513 1785 3553 causa

208 3590 540 3661 plangebant.
561 3586 665 3643 Sed
688 3596 812 3640 tunc
832 3596 1072 3640 amantes
1090 3586 1226 3640 filios
1244 3587 1484 3641 carnales
1499 3587 1784 3657 lugebant:

208 3689 383 3749 postea
403 3678 691 3735 credentes
714 3678 766 3731 in
800 3678 964 3731 Deum
998 3676 1265 3739 dicebant,
1294 3674 1591 3730 Convertisti
1632 3676 1788 3745 plan-

206 3779 334 3822 ctum
377 3785 549 3823 meum
600 3769 652 3821 in
721 3768 965 3838 gaudium
1021 3766 1165 3833 mihi,
1236 3766 1529 3821 conscidisti
1585 3784 1790 3822 saccum

206 3876 385 3923 meum,
410 3870 460 3915 et
486 3860 792 3930 praecinxisti
819 3876 896 3914 me
937 3860 1111 3914 latitia
1149 3858 1319 3929 (Psat.
1350 3875 1496 3925 χιιι,
1530 3860 1641 3931 η).
1666 3860 1789 3917 Uti-

205 3962 345 4013 nam,
367 3952 583 4014 fratres,
613 3949 956 4017 rumpatur'in
990 3949 1141 4003 nobis
1161 3963 1345 4003 saccus
1362 3950 1707 4018 pmnitentize,
1735 3959 1791 4007 et

206 4037 508 4093 eﬁ‘undatur
523 4039 748 4108 pretium
766 4038 1124 4107 indulgentia).
1148 4038 1408 4109 Martyres
1422 4054 1609 4094 omnes
1625 4041 1791 4096 sarci-

205 4144 298 4185 nas
326 4131 602 4185 lucrornm
628 4129 806 4184 steculi
834 4129 990 4199 hujus
1008 4128 1096 4184 hic
1123 4139 1433 4200 posuerunt,
1458 4131 1542 4186 hic
1565 4131 1790 4187 dimise-

206 4231 346 4286 runt,
364 4230 419 4275 et
446 4222 588 4275 viam
610 4236 728 4289 qua:
752 4220 902 4275 ducit
923 4220 989 4274 ad
1012 4220 1197 4286 vitam,
1220 4221 1453 4290 expediti
1485 4222 1622 4276 sicut
1662 4222 1789 4278 boni

205 4311 396 4365 milites
420 4320 819 4375 cucurrerunt;
847 4311 985 4365 sicut
1008 4312 1262 4381 scriptum
1290 4321 1400 4377 est,
1430 4311 1692 4383 Tanquam
1711 4314 1791 4367 ni-

207 4401 273 4454 hil
296 4403 560 4464 habentes,
595 4412 641 4454 et
663 4402 838 4455 omnia
886 4402 1194 4470 possidentes
1235 4402 1301 4471 (ll
1324 4402 1443 4457 Cor.
1471 4419 1545 4467 vt,
1580 4403 1693 4475 10).
1726 4405 1790 4460 Et

205 4505 329 4546 vere
356 4493 409 4547 in
433 4500 577 4546 terra
607 4491 739 4544 nihil
784 4491 1071 4557 habebant,
1100 4493 1194 4547 sed
1215 4492 1268 4547 in
1314 4494 1453 4548 coelo
1480 4494 1787 4551 felicitatem

202 4594 517 4653 perpetuam
549 4582 908 4651 possidebant.
958 4583 1040 4638 Ad
1096 4584 1290 4639 calum
1333 4585 1525 4640 devote
1564 4586 1789 4641 festina-

202 4672 341 4738 bant,
370 4685 428 4729 et
451 4676 595 4728 viam
620 4675 741 4728 vita:
770 4676 940 4729 securi
970 4676 1289 4743 currebant;
1325 4685 1381 4731 et
1418 4677 1593 4733 adhuc
1633 4678 1791 4749 longe

201 4767 356 4832 positi
429 4782 631 4825 manus.
687 4767 755 4820 ad
826 4766 1054 4835 palmam
1112 4767 1491 4824 extendebant.
1559 4768 1788 4835 Currite,

199 4856 507 4920 sancti;sic
530 4857 751 4923 currite,
792 4865 851 4911 ut
874 4856 1358 4926 comprehendatis.
1399 4859 1634 4929 Regnum
1684 4877 1788 4914 cae-

256 5015 278 5079 ‘_
300 5015 596 5079 Eruendatus
614 5015 677 5079 ad
695 5029 736 5065 r.
751 5030 842 5079 rm.
868 5022 905 5067 t.
929 5030 978 5065 v.
1005 5023 1058 5067 et
1075 5015 1138 5066 ad
1158 5016 1295 5079 vign.

281 5079 334 5140 ᾳ)
356 5076 530 5140 Aliqua
552 5079 631 5127 hic
649 5077 1005 5127 desiderantur.

279 5137 328 5201 ὁ)
353 5137 503 5197 Alias,
527 5140 657 5201 inter
676 5140 994 5201 yignerianos
1028 5139 1108 5190 30.

260 5199 329 5260 (c)
353 5200 647 5273 Eorumdem
666 5199 794 5273 forte
816 5201 989 5262 viginti
1011 5200 1381 5273 martyruf‘mhde
1386 5201 1568 5273 quibus
1585 5208 1663 5251 est
1681 5215 1789 5273 ser-

197 5271 272 5309 mo
306 5263 556 5322 superior,
595 5262 679 5323 qui
701 5260 830 5310 hunc
850 5260 1244 5312 sermonem'526
1267 5260 1332 5312 in
1364 5260 1602 5312 Victorino
1624 5264 1791 5313 codice

202 5323 423 5379 [maxime
446 5323 710 5372 antecedit.
749 5328 804 5370 Et
834 5334 954 5371 sane
974 5325 1029 5372 in
1061 5324 1438 5374 Theodericensi
1467 5327 1705 5374 manuscri

198 5390 305 5449 post
320 5385 634 5449 superiorem
652 5382 788 5432 illum
803 5396 1078 5449 sermonem
1102 5388 1415 5449 subsequitur
1432 5392 1580 5449 cento
1600 5382 1791 5449 quidam

200 5441 407 5517 diversis
437 5451 671 5517 constans
703 5445 953 5517 Augustini
990 5441 1376 5517 excerptis,fcui
1406 5445 1593 5517 titulus,
1609 5441 1791 5517 _'¢rlte_m

206 5520 227 5546 ι
248 5511 419 5553 Sermo
435 5506 570 5569 beati
597 5506 844 5569 augustini
869 5507 1110 5569 epismpi,
1124 5506 1174 5556 ih
1202 5507 1349 5557 Natali
1370 5515 1548 5558 sancta:
1571 5510 1790 5560 victoria:

206 5566 716 5637 simartyrishgunitis
736 5566 1018 5637 salice.th
1035 5566 1219 5631 ‘vi'ginti
1234 5571 1537 5637 ﬁtartyribus.
1572 5576 1690 5637 Tum
1707 5572 1789 5637 jsti

199 5627 394 5693 contorti
435 5627 689 5693 subjicitur
727 5637 895 5678 noster
930 5629 1009 5693 hic
1038 5627 1204 5681 Sermo
1234 5631 1327 5680 5‘26
1352 5627 1462 5680 cum
1492 5631 1585 5681 hoc
1613 5631 1784 5693 titulo,

204 5692 369 5762 ειιιειξι
386 5695 558 5762 sermp
578 5692 715 5762 cujus
734 5703 899 5762 supra,
909 5691 985 5762 .de
1009 5693 1184 5743 eodem
1206 5693 1338 5742 unde
1350 5704 1513 5756 supra.
1530 5709 1553 5740 ι
1572 5691 1787 5744 Consen-

199 5749 260 5794 tit
279 5757 425 5799 vetus
452 5749 612 5798 codex
630 5749 963 5813 tiemigiensis.

484 5833 709 5895 SANCT.
758 5838 1031 5895 Auccsr.
1068 5839 1140 5899 V.

1579 316 1811 373 SEliMO
1841 315 2185 373 ευδχχγιι.

3348 326 3484 385 M50

1899 429 2063 482 lorum
2083 430 2181 483 vim
2204 431 2420 501 patitur,
2461 439 2509 485 et
2536 431 2621 501 qni
2668 430 2765 485 uim
2782 432 2999 504 faciunt,
3048 434 3296 506 diripiunt
3342 439 3475 492 illud

1904 517 2114 589 (Matth.
2138 537 2212 585 xi,
2242 522 2351 593 l2).
2393 522 2506 577 Non
2533 536 2616 579 est
2656 535 2944 595 augustum
2970 545 2983 582 :
3006 528 3247 598 quisquis
3293 530 3479 587 beatus

1898 609 2011 662 vult
2032 624 2171 675 esse,
2196 611 2259 665 ad
2293 628 2512 682 regnum
2536 614 2793 670 canorum
2819 617 3047 671 festinet.
3080 618 3218 675 Nulli
3244 621 3479 677 clausum

1899 708 2004 766 est,
2023 699 2128 753 nisi
2151 702 2198 755 ei
2221 704 2309 771 qui
2331 719 2391 759 se
2421 704 2726 759 excluserit.
2749 706 2969 762 Paratus
2996 719 3078 762 cst
3095 709 3337 766 Christus
3362 727 3482 768 sus-

1896 789 2077 858 cipe-re
2108 793 2451 848 confessores
2479 812 2624 849 suos.
2656 796 2772 864 Ipse
2810 797 3041 868 desuper
3079 798 3246 854 dicit:
3280 801 3475 871 Specto

1897 896 1992 936 vos
2015 923 2029 947 ,
2053 892 2318 939 certantes
2348 886 2628 953 adjuvabo,
2664 888 2936 943 vincentes
2961 891 3247 946 coronabo.

1964 971 2019 1026 2.
2054 972 2395 1029 Persecutoris
2414 976 2824 1047 interrogationes
2837 990 2891 1033 .et
2917 993 3193 1052 martyrum
3217 1001 3475 1055 responsa.

1897 1064 2043 1120 l-lane
2093 1067 2527 1137 pollicitationem
2579 1071 2845 1143 Martyres,
2905 1082 3167 1141 tenentes,
3243 1086 3477 1132 terrores

1894 1163 1948 1209 et
1972 1156 2142 1211 minas
2166 1159 2525 1227 persecutoris
2547 1176 2643 1228 pro
2660 1162 2829 1219 nihilo
2844 1162 3165 1233 habuerunt.
3190 1164 3323 1220 Nam
3354 1182 3474 1221 cum

1896 1257 2203 1315 perseeutor
2256 1250 2502 1306 diceret:
2535 1271 2553 1304 ι
2592 1252 2899 1312 Sacrilicate
2959 1257 3145 1325 idolis;
3198 1278 3217 1310 ι
3248 1275 3476 1330 respon-

1893 1340 2087 1397 derunt
2116 1360 2131 1399 :
2166 1362 2185 1396 t
2211 1343 2328 1398 Non
2349 1345 2590 1410 facimus,
2616 1348 2737 1418 quia
2763 1360 3023 1406 aeternum
3048 1351 3215 1407 Deum
3242 1354 3295 1407 in
3318 1355 3471 1410 caelis

1900 1452 1919 1485 ι
1956 1432 2237 1503 habemus,
2266 1438 2351 1491 cui
2391 1454 2606 1508 semper
2632 1441 3024 1509 sacrificamus;
3046 1460 3170 1499 nam
3197 1445 3477 1502 daznioniis

1898 1542 1917 1575 ‹
1954 1540 2058 1579 non
2089 1525 2454 1582 immolamus.
2480 1548 2498 1581 ι
2541 1528 2607 1583 Et
2630 1530 2794 1599 judex
2831 1548 2844 1585 :
2875 1551 2894 1584 ι
2929 1532 3101 1600 Quare
3126 1551 3254 1605 ergo
3288 1548 3474 1592 contra

1898 1636 1917 1668 ι
1952 1626 2276 1688 praeceptum
2301 1634 2511 1675 sacrum
2536 1621 2754 1677 facitis?
2777 1643 2800 1675 ι
2827 1624 3235 1694 Responderunt
3263 1647 3277 1684 :
3310 1629 3473 1697 (Qui:

1898 1726 1917 1759 ι
1955 1710 2207 1779 magister
2235 1713 2470 1767 ccclestis
2497 1714 2549 1769 in
2580 1714 2868 1787 Evangelia
2897 1717 3051 1771 nobis
3070 1718 3219 1784 dicit.
3264 1722 3366 1788 Qui
3393 1738 3476 1777 re-

1897 1814 1917 1850 t
1954 1800 2153 1870 liqua-it
2192 1812 2387 1872 patrem
2421 1815 2476 1858 et
2523 1815 2751 1873 matrem,
2790 1817 2849 1861 et
2896 1824 3123 1877 uxorem,
3154 1820 3201 1864 et
3224 1812 3377 1881 ﬁlios,
3425 1822 3476 1867 et

1897 1909 1916 1942 ι
1956 1893 2125 1946 omnia
2161 1910 2275 1962 qua:
2313 1896 2554 1965 possidet,
2602 1908 2811 1967 propter
2853 1916 3033 1953 nomen
3068 1918 3254 1967 meum,
3298 1914 3476 1957 centu-

1903 1998 1922 2031 ι
1962 1982 2103 2051 plant
2146 1984 2372 2053 accipiet,
2418 1994 2469 2039 et
2515 1986 2664 2039 vitam
2711 1996 2950 2041 attemam
2999 1991 3267 2058 possidebit
3291 2011 3310 2044 ι
3342 1991 3476 2062 (Id.

1891 2086 2002 2137 xix,
2060 2072 2176 2142 29).
2226 2075 2316 2146 ’Et
2365 2074 2575 2145 judex:
2625 2096 2644 2128 ι
2680 2078 2817 2148 Ergo
2870 2094 2975 2134 non
3030 2082 3468 2153 obtemperabitis

1902 2179 1921 2212 ι
1953 2166 2240 2234 ρτωοεριίε
2257 2166 2678 2236 lmperatorum?
2698 2188 2721 2220 θ
2736 2170 2798 2224 Ει
2819 2173 3238 2242 responderunt:
3260 2195 3279 2228 ‹
3300 2176 3471 2232 Non.»

1894 2251 1959 2305 Et
1983 2253 2107 2307 ille:
2145 2272 2163 2305 ι
2201 2254 2368 2321 Quam
2410 2273 2539 2327 ergo
2585 2261 2953 2316 auctoritatem
2979 2265 3204 2332 potestis
3248 2265 3466 2333 habere,

1900 2358 1921 2391 ¢
1958 2357 2081 2396 cum
2120 2360 2214 2399 vos
2266 2346 2489 2401 videatis
2527 2350 2785 2419 supplicio
2830 2352 3143 2422 suhjacere?
3180 2374 3198 2407 ι
3227 2356 3297 2410 Ει
3334 2356 3477 2412 Mar-

1891 2440 2039 2505 tyres
2062 2434 2314 2491 dixerunt
2348 2455 2361 2490 :
2408 2458 2427 2491 ‹
2461 2439 2841 2497 Auctoritatem
2873 2444 3029 2513 Regis
3058 2448 3243 2502 :rterni
3284 2460 3472 2520 porta-

1899 2542 1917 2575 ι
1956 2540 2095 2589 mus,
2124 2526 2246 2581 ideo
2270 2530 2639 2585 auctoritatem
2686 2534 2924 2589 mortalis
2962 2535 3192 2593 hominis
3226 2554 3331 2593 non
3376 2556 3475 2596 cu-

1898 2634 1917 2667 ‹
1952 2631 2153 2671 ramus.
2188 2638 2205 2670 ι
2239 2619 2387 2675 Tunc
2418 2622 2471 2676 in
2497 2626 2800 2680 carceribus
2828 2627 2997 2694 missi,
3022 2629 3231 2685 catenis
3268 2634 3475 2687 onerati

1891 2716 2034 2762 sunt.
2063 2708 2326 2777 Quantum
2378 2713 2575 2768 dictum
2629 2727 2707 2770 est
2737 2717 2805 2771 ab
2851 2717 3045 2788 impiis,
3084 2719 3181 2775 Ubi
3220 2732 3289 2776 est
3338 2723 3476 2779 Dens

1890 2815 2065 2853 eorum
2096 2799 2263 2868 (Psal.
2288 2819 2437 2871 exin,
2468 2804 2565 2879 2.)?
2595 2807 2785 2863 Veniat
2829 2810 2967 2865 Deus
2996 2827 3202 2880 eorum,
3236 2816 3288 2868 in
3314 2832 3475 2887 quem

1891 2890 2252 2958 crediderunt,
2286 2904 2342 2949 et
2367 2896 2669 2953 liberetcos
2698 2898 2764 2953 de
2788 2902 3120 2969 carceribus,
3150 2905 3342 2975 eripiat
3377 2923 3473 2963 eos

1894 2995 1924 3032 a
1948 2981 2151 3050 gladio,
2183 2984 2373 3054 eripiat
2398 3001 2491 3041 eos
2520 3003 2551 3041 a
2578 2988 2783 3044 bestiis.
2826 2989 3014 3046 Omnia
3058 2994 3157 3048 ista
3202 2995 3472 3065 dicebant,

1890 3072 1986 3127 sed
2014 3074 2065 3127 in
2108 3086 2258 3144 petra
2298 3078 2501 3146 positos
2530 3096 2634 3135 non
2662 3081 3000 3150 dejiciebant.
3032 3085 3113 3141 liii
3160 3089 3474 3158 szeviebant,

1890 3163 1983 3219 sed
2010 3164 2085 3219 illi
2122 3182 2225 3221 non
2258 3168 2531 3225 timebant.
2575 3170 2827 3227 Sciebant
2858 3173 2952 3228 ubi
2975 3189 3070 3230 eos
3113 3176 3472 3249 dimittebant,

1890 3263 1942 3310 et
1962 3271 2068 3325 quo
2095 3256 2434 3314 festinabant.
2462 3261 2800 3318 Coronantur
2829 3264 3089 3337 Martyres
3112 3269 3474 3343 confessores,

1889 3356 1945 3402 et
1986 3360 2360 3407 remanserunt
2402 3352 2608 3422 iudices
2658 3355 2982 3413 desertores.
3034 3359 3124 3416 Sic
3173 3363 3313 3419 Deus
3360 3365 3479 3420 vult

1891 3454 2319 3510 unumquemque
2369 3442 2717 3498 christianum
2764 3447 3027 3515 probare,
3090 3461 3147 3505 ut
3192 3452 3476 3523 probatum

1892 3530 2019 3584 velit
2037 3547 2158 3586 cum
2185 3533 2505 3605 Martyribus
2526 3551 2809 3593 coronare.

2322 3687 2557 3744 θεειΜο
2573 3688 2929 3749 σοοχχνιιο
2955 3694 3049 3768 (α).

2414 3830 2465 3873 ω
2494 3823 2643 3877 Natali
2680 3832 2950 3891 Martyrum.

1966 3970 1989 4023 1
2007 4011 2020 4024 .
2041 3968 2293 4039 Martyres
2305 3985 2337 4021 a
2363 3968 2614 4023 sceleratis
2631 3969 2884 4039 discernit,
2906 3988 3004 4025 non
3016 3989 3182 4043 paena,
3195 3976 3287 4029 sed
3299 3993 3475 4036 causa.

1893 4059 2236 4114 Cantavimus
2262 4059 2370 4113 Deo
2408 4068 2699 4129 martyrum
2728 4076 2879 4127 voce,
2928 4061 3117 4115 Judica
3165 4081 3263 4132 me,
3310 4067 3472 4135 Deus,

1895 4158 1942 4203 et
1971 4150 2197 4203 discerne
2228 4165 2435 4201 causam
2470 4166 2631 4203 meam
2657 4150 2719 4204 de
2736 4162 2881 4220 gente
2917 4169 3017 4206 non
3054 4166 3229 4209 sancta
3276 4155 3301 4231 (
3330 4157 3476 4215 Psal.

1894 4258 2022 4306 xui,
2054 4240 2133 4314 1),
2158 4242 2446 4313 Martyrum
2475 4256 2578 4296 vox
2620 4251 2720 4296 est.
2749 4243 2877 4309 Quis
2915 4244 3111 4301 audeat
3134 4246 3336 4315 dicere,
3383 4249 3483 4304 Ju-

1896 4336 2011 4389 dica
2040 4353 2134 4398 me,
2165 4334 2321 4399 Deus,
2354 4335 2454 4388 nisi
2485 4335 2571 4403 qui
2594 4333 2761 4389 habet
2789 4336 3042 4406 Optimam
3067 4353 3280 4394 causam
3303 4341 3327 4394 ἵ
3349 4342 3478 4396 l’ro-

1890 4427 2073 4494 missis
2098 4434 2152 4481 et
2181 4425 2338 4479 minis
2369 4433 2601 4480 tentatur
2629 4425 2825 4489 anima,
2876 4430 3139 4484 mulcetur
3182 4431 3471 4499 illecebris,

1897 4525 2174 4587 torquetur
2205 4515 2476 4570 doloribus
2510 4534 2524 4569 :
2550 4516 2726 4568 omnia
2750 4532 2846 4586 pro
2871 4517 3084 4573 Christo
3105 4521 3238 4574 victa
3261 4531 3385 4576 sunt
3409 4524 3477 4579 ab

1896 4606 2109 4663 invictis
2159 4604 2500 4676 martyribus.
2549 4604 2728 4659 Victus
2756 4615 2837 4660 est
2888 4608 3200 4675 promittens
3230 4611 3477 4677 mundus,

1896 4700 2067 4753 victus
2093 4706 2176 4752 est
2199 4698 2426 4751 Stcvieus
2443 4696 2691 4751 mundus.
2723 4697 2836 4751 Non
2869 4698 3038 4752 tenuit
3062 4699 3327 4768 voluptas,
3368 4718 3476 4757 non

1897 4790 2085 4844 terruit
2109 4788 2397 4843 cruciatus.
2426 4788 2627 4841 Aurum
2650 4788 2702 4842 in
2731 4788 2948 4844 fornace
2969 4800 3250 4859 purgatum
3297 4792 3475 4860 ignem

1897 4880 2157 4950 gehennae
2185 4894 2289 4932 non
2313 4879 2482 4931 timet.
2518 4878 2640 4933 Ideo
2669 4888 2918 4947 tauquam
2948 4889 3202 4949 purgatus
3227 4882 3350 4951 igne
3377 4882 3477 4937 tri-

1898 4968 2185 5024 bulationis
2220 4968 2559 5023 beatissimus
2595 4978 2801 5038 martyr
2835 4981 3055 5023 securus
3100 4969 3249 5036 dicit,
3289 4970 3480 5027 Judica

1896 5078 2007 5127 me,
2038 5059 2197 5115 Deus.
2225 5060 2490 5131 Quidquid
2514 5062 2565 5114 in
2592 5075 2678 5113 me
2708 5060 2977 5114 inveneris
3006 5061 3225 5128 bonum,
3276 5063 3480 5133 judica.

1901 5151 2121 5206 Donasti
2148 5150 2278 5205 mihi
2307 5152 2448 5222 quod
2477 5152 2570 5206 tibi
2594 5151 2830 5219 placeat;
2863 5151 3042 5207 inveni
3064 5154 3118 5207 in
3156 5169 3263 5219 me,
3312 5166 3365 5210 et
3396 5156 3483 5226 juo

1898 5243 2015 5298 dica
2036 5258 2143 5298 me.
2175 5242 2290 5297 Non
2314 5258 2399 5298 me
2418 5242 2584 5296 tenuit
2609 5241 2835 5297 dulcedo
2854 5243 3055 5307 saecli,
3086 5260 3192 5298 non
3236 5261 3325 5301 me
3366 5261 3397 5300 a
3425 5256 3479 5303 te

1899 5333 2180 5404 detorquet
2211 5334 2477 5387 tribulatio
2501 5332 2701 5386 saeculi.
2722 5331 2912 5386 Judica
2934 5350 3031 5399 me,
3051 5345 3096 5388 et
3110 5336 3336 5390 discerne
3354 5353 3482 5391 cau-

1899 5443 2007 5480 sam
2032 5442 2193 5479 meam
2219 5425 2281 5478 de
2300 5433 2444 5493 gente
2473 5440 2574 5476 non
2592 5432 2787 5479 sancta.
2825 5425 2969 5478 Multi
2993 5426 3267 5495 patiuntur
3307 5429 3479 5483 tribu-

1899 5516 2157 5582 lationes;
2187 5528 2370 5583 parem
2405 5512 2603 5569 habent
2640 5529 2875 5585 pinnam,
2904 5516 2999 5570 sed
3026 5531 3210 5586 parem
3253 5532 3359 5573 non
3385 5518 3484 5572 ha-

1960 5695 1979 5714 ‘
2003 5693 2267 5755 castigatus
2288 5692 2347 5740 ad
2369 5692 2431 5741 ci.
2478 5705 2519 5755 ι’.
2542 5698 2579 5740 t.
2612 5706 2657 5739 v.
2676 5698 2737 5755 get
2771 5692 2831 5741 ad
2854 5692 2991 5741 sirm.

1956 5757 2033 5821 (a)
2057 5755 2197 5817 Alias,
2225 5766 2286 5804 ex
2311 5754 2646 5803 sirmondianis
2665 5754 2744 5803 27.

2657 5841 2829 5917 (Qua
2836 5843 3147 5904 rente-six
3156 5844 3208 5921 .j
