4108 6326
553 308 687 367 Νιδί

551 418 678 479 bent
720 435 953 478 causam.
988 416 1148 472 Multa
1177 416 1311 470 mala
1358 413 1629 484 patiuntur
1676 398 1927 477 adulteri,
1966 407 2131 464 multa

552 516 691 570 mala
721 512 989 584 patiuntur
1014 507 1262 572 malefici,
1294 506 1461 561 nmlta
1491 503 1628 558 mala
1658 503 1934 573 patiuntur
1967 499 2132 553 latro-

551 622 649 662 nes
717 613 772 661 et
826 601 1129 665 homicidze,
1177 599 1340 654 multa
1396 597 1534 651 mala
1582 595 1856 665 patiuntur
1884 590 2129 647 scelerati

548 710 761 760 omnes,
792 694 956 749 multa
980 692 1134 756 mala,
1155 690 1345 761 inquit,
1372 698 1425 743 et
1454 703 1552 758 ego
1574 694 1773 757 martyr
1792 694 1913 738 tuus
1926 682 2131 753 patior:

551 787 648 843 sed
668 786 897 843 discerne
916 800 1119 840 causam
1146 799 1305 837 meam
1329 781 1391 835 de
1416 789 1559 851 gente
1592 795 1693 832 non
1717 787 1911 838 sancta,
1967 775 2136 828 latro-

553 894 706 945 num,
742 875 1149 940 homicidarum,
1180 872 1527 928 sceleslorum
1557 869 1816 924 omnium.
1847 866 1961 920 Pati
1987 865 2132 929 talia,

547 969 725 1040 qualia
755 982 873 1041 ego,
905 973 1127 1037 possunt
1155 980 1169 1018 :
1201 963 1396 1018 habere
1421 962 1576 1019 talem
1625 973 1841 1015 causam
1878 971 1983 1010 non
2013 970 2111 1027 pos

547 1069 694 1115 sunt.
735 1060 845 1130 Ego
901 1059 954 1113 in
998 1058 1215 1112 fornace
1262 1068 1490 1125 purgor;
1537 1052 1611 1106 illi
1660 1051 2017 1104 cinerescunt.
2069 1044 2137 1100 Et

551 1151 787 1206 lneretici
842 1150 1135 1220 patiuntur,
1188 1153 1243 1201 et
1284 1145 1433 1217 plura
1460 1159 1488 1198 a
1535 1158 1593 1198 se
1640 1140 1799 1212 ipsis;
1855 1148 1909 1194 et
1953 1138 2139 1191 volunt

548 1252 815 1315 martyres
843 1240 968 1296 dici.
1000 1239 1107 1296 Sed
1137 1246 1322 1294 contra
1361 1237 1480 1291 illos
1509 1233 1861 1292 militavimus.
1890 1229 2132 1283 Discerne

546 1352 754 1390 causam
788 1349 950 1389 meam
999 1332 1063 1387 de
1104 1340 1249 1403 gente
1288 1346 1390 1384 non
1436 1336 1634 1381 sancta.
1669 1324 1784 1380 Non
1831 1323 1954 1378 facit
1996 1337 2139 1377 mar-

548 1439 718 1500 tyrem
750 1442 929 1498 poma,
960 1425 1055 1481 sed
1080 1437 1263 1480 causa.

617 1521 671 1574 2.
697 1519 1064 1589 Cruci/imorum
1086 1533 1203 1571 cum
1225 1514 1447 1569 Domino
1473 1527 1573 1565 una
1603 1527 1752 1581 parua
1780 1509 1895 1580 fuit,
1915 1506 2002 1561 sed
2028 1506 2137 1559 dis-

547 1629 643 1685 ραν
661 1628 835 1666 causa.
883 1610 937 1665 In
968 1609 1216 1680 passione
1245 1604 1451 1660 Domini
1480 1613 1595 1658 tres
1615 1616 1802 1655 cruces
1820 1608 2005 1659 erant;
2032 1612 2134 1651 una

554 1717 734 1775 pana,
761 1702 855 1758 sed
880 1702 1061 1773 dispar
1080 1713 1261 1754 causa.
1287 1696 1365 1751 Ad
1398 1694 1670 1749 dexteram
1695 1707 1830 1745 unus
1878 1690 2033 1751 latro,
2071 1687 2137 1743 ad

552 1797 825 1852 sinistram
876 1794 1015 1847 alter
1043 1791 1215 1846 latro:
1252 1788 1305 1843 in
1337 1786 1513 1842 medio
1537 1785 1720 1855 judex,
1768 1785 1904 1837 inter
1952 1783 2141 1835 ambos

548 1886 788 1957 pendens
808 1885 859 1939 in
888 1898 1070 1949 cruce,
1096 1880 1246 1953 quasi
1276 1878 1630 1951 pronuntians
1651 1876 1719 1931 dc
1742 1874 2011 1939 tribunali,
2038 1889 2136 1927 au-

544 1980 675 2034 divit
697 1994 861 2034 unum
891 1977 1182 2042 dicentem,
1221 1973 1402 2027 Libera
1423 1982 1489 2037 te,
1523 1972 1567 2024 si
1604 1972 1778 2042 justus
1818 1984 1901 2034 es;
1940 1968 2140 2022 audivit

546 2072 775 2127 alterum
805 2084 989 2140 parem
1017 2082 1172 2123 suum
1214 2064 1593 2135 corripientem
1638 2072 1687 2115 ct
1742 2061 2031 2125 dicentem,
2062 2058 2138 2114 Tu

547 2151 649 2218 non
676 2164 819 2217 times
847 2160 1052 2216 Deum?
1079 2158 1192 2213 Nos
1238 2175 1331 2228 pro
1357 2157 1503 2210 malis
1534 2155 1718 2209 nostris
1756 2155 1852 2207 ista
1884 2154 2138 2223 patimur;

547 2273 666 2311 nam
690 2257 784 2311 iste
800 2256 972 2328 justus
1001 2265 1090 2308 est.
1118 2251 1308 2306 Malam
1338 2249 1569 2303 habebat
1598 2262 1834 2309 causam,
1866 2254 1920 2299 ct
1940 2245 2138 2301 discer-

546 2350 706 2405 nebat
729 2358 1020 2420 martyrum
1048 2340 1443 2410 eausam.Quid
1493 2348 1574 2394 cst
1615 2338 1757 2393 enim
1812 2336 1975 2399 aliud,
2027 2334 2141 2390 Nos

547 2459 640 2511 pro
663 2442 808 2495 malis
832 2439 1015 2494 nostris
1041 2438 1138 2491 ista
1164 2436 1407 2507 patimur;
1429 2449 1545 2486 nam
1569 2432 1661 2485 iste
1674 2432 1846 2501 justus
1870 2427 1990 2483 est?
2008 2427 2137 2497 Quis

546 2546 763 2585 causam
809 2529 1140 2583 discerneret
1208 2532 1498 2595 martyrum
1538 2538 1567 2576 a
1611 2536 1770 2574 cansa
1854 2516 2135 2587 impiorum

548 2637 758 2691 pinnam
786 2617 1137 2691 l’latientium?
1162 2612 1287 2679 iste,
1319 2612 1509 2685 inquit,
1558 2613 1737 2682 justus
1787 2609 2136 2679 agnoscitur;

542 2731 647 2770 nos
668 2729 765 2785 pro
818 2712 970 2767 uobis
1010 2710 1259 2781 patimur,
1309 2724 1403 2779 pro
1433 2706 1585 2763 malis
1637 2703 1833 2759 nostris
1884 2702 2133 2772 patimur.

548 2803 766 2859 Domine
786 2819 805 2858 :
827 2802 947 2856 vide
980 2799 1106 2871 quid
1136 2799 1279 2853 dicat
1325 2797 1473 2851 socio
1517 2810 1691 2866 penna!
1737 2808 1867 2847 sum.
1893 2791 2136 2847 Christus

540 2895 748 2965 pariter
778 2891 1077 2962 pendebat;
1109 2888 1204 2944 sed
1235 2902 1341 2942 non
1373 2886 1572 2956 pariter
1607 2882 1920 2939 vilesccbat.
1952 2881 2133 2953 Agno-

544 2986 794 3043 scebatur
816 2981 1074 3038 Dominus
1098 2997 1130 3036 a
1158 2979 1441 3051 pendente.
1466 2976 1643 3033 Unum
1661 2984 1776 3031 erat
1804 2975 1981 3030 crucis
2006 2989 2138 3029 con-

546 3078 806 3142 sortium;
840 3090 945 3131 nou
975 3082 1089 3128 erat
1119 3086 1282 3126 unum
1318 3069 1619 3141 praemium.
1678 3065 1812 3135 Quid
1835 3065 1991 3121 dico?
2032 3066 2136 3119 Das

543 3168 759 3223 Christo
782 3168 1079 3237 prmmium,
1098 3164 1187 3234 qui
1213 3163 1368 3217 dator
1386 3170 1469 3216 est
1488 3160 1828 3230 prtemiorum
1850 3158 1875 3210 ?
1894 3156 2135 3229 Domine,

548 3258 739 3329 inquit,
794 3263 1045 3310 memento
1085 3253 1206 3316 mei,
1232 3268 1347 3305 cum
1395 3249 1587 3304 veneris
1627 3249 1684 3303 in
1724 3264 1935 3319 regnum
1971 3256 2132 3300 tuum.

543 3351 873 3407 Pendentem
914 3346 1149 3413 videbat,
1172 3342 1491 3399 cruciﬁxum
1520 3340 1755 3404 videbat;
1799 3349 1855 3395 et
1879 3346 2132 3408 regnatu-

540 3459 663 3497 rum
694 3440 962 3511 sperabat.
992 3435 1267 3500 Memento,
1291 3433 1484 3503 inquit,
1514 3432 1633 3498 mei,
1678 3446 1787 3487 non
1829 3429 2011 3494 modo,
2038 3428 2134 3484 scd

544 3552 661 3588 cum
689 3533 880 3588 veneris
899 3534 952 3584 in
971 3544 1182 3600 regnum
1207 3536 1371 3581 tuum.
1398 3525 1583 3590 Multa,
1608 3523 1797 3592 inquit,
1842 3521 1980 3576 mala
2009 3520 2133 3586 feci,

547 3623 787 3694 requiem
814 3621 1044 3676 celerem
1074 3632 1180 3673 non
1208 3615 1338 3670 mihi
1367 3627 1563 3685 spero:
1583 3610 1850 3667 sufﬁciant
1872 3620 2138 3667 tormenta

547 3730 667 3771 mea
689 3718 856 3783 usque
884 3711 950 3765 ad
970 3708 1256 3763 adventum
1283 3714 1453 3761 tuum.
1499 3702 1658 3759 Modo
1706 3714 1985 3773 torquear;
2012 3717 2133 3757 cum

547 3802 777 3868 veneris,
806 3810 932 3857 tunc
958 3799 1092 3853 mihi
1114 3811 1291 3868 parce.
1319 3795 1412 3850 Ille
1430 3809 1495 3850 se
1516 3792 1818 3856 dill'erebat,
1850 3791 1944 3848 sed
1974 3792 2133 3847 Chri-

547 3906 664 3953 stus
703 3891 1008 3966 paradisum
1034 3904 1139 3945 uon
1166 3887 1364 3959 petenti
1403 3885 1681 3941 oll‘erebat.
1718 3884 1968 3940 Memento
1996 3884 2136 3939 mei:

555 3986 653 4043 sed
702 3982 946 4056 quando?
987 3979 1113 4036 Cum
1141 3978 1333 4033 veneris
1360 3977 1415 4031 in
1439 3993 1649 4049 regnum
1669 3986 1831 4030 tuum.
1861 3974 1931 4029 Et
1958 3975 2136 4029 Domi-

491 4134 497 4145 ,
548 4095 698 4135 sitis:
744 4079 899 4133 Amen
948 4076 1062 4129 dico
1108 4072 1216 4138 tibi,
1264 4072 1415 4129 hodie
1462 4086 1653 4124 mecum
1682 4069 1782 4123 eris
1806 4068 1859 4122 in
1897 4066 2137 4138 paradiso

546 4170 704 4244 (Luc.
735 4184 889 4233 unt,
908 4168 999 4233 39,
1024 4164 1140 4239 ὦ).
1175 4163 1427 4235 Discipuli
1454 4161 1557 4218 mei
1583 4160 1901 4217 dimiserunt
1919 4174 2025 4224 me,
2049 4159 2135 4214 di-

548 4261 737 4336 scipuli
763 4259 866 4316 mei
896 4256 1319 4328 desperaverunt
1340 4255 1407 4310 de
1435 4269 1557 4322 me;
1581 4261 1636 4309 et
1662 4261 1716 4308 tu
1744 4252 1796 4307 in
1841 4267 2002 4308 cruce
2043 4268 2134 4307 co-

545 4353 778 4428 gnovisti
807 4367 912 4417 me,
944 4364 1050 4406 non
1092 4347 1462 4419 contempsisti
1511 4345 1852 4408 moriturum.
1908 4344 2134 4415 sperasti

542 4455 893 4520 regnaturum
920 4461 933 4498 :
966 4440 1137 4496 Hodie
1164 4456 1361 4494 mecum
1392 4438 1495 4494 eris
1518 4438 1570 4492 in
1592 4436 1850 4508 paradiso.
1883 4435 1997 4491 Non
2024 4450 2054 4490 a
2084 4446 2138 4491 te

550 4538 766 4596 recedo.
818 4536 1056 4591 Discreta
1098 4543 1181 4587 est
1214 4545 1406 4596 causa;
1459 4528 1719 4600 numquid
1755 4528 1958 4599 pana?
1987 4528 2134 4583 Bona

546 4645 679 4701 ergo
707 4644 832 4695 vox,
855 4625 1047 4680 Judica
1072 4639 1171 4690 nte,
1200 4619 1360 4684 Deus.
1384 4630 1430 4677 et
1457 4620 1685 4675 discerne
1711 4634 1918 4674 causam
1970 4634 2134 4673 meam

546 4726 612 4778 de
661 4731 807 4794 gente
864 4735 967 4773 non
1020 4725 1218 4772 sancta.
1274 4711 1475 4769 Omnes
1524 4712 1618 4782 qui
1667 4711 1898 4766 vivimus
1935 4710 1988 4765 iu
2031 4709 2137 4765 hoc

538 4813 766 4875 szeeulo,
792 4810 1095 4866 laboremus
1135 4815 1192 4862 ut
1229 4805 1425 4862 bonam
1453 4818 1669 4858 causam
1713 4802 2045 4858 habeamus:
2074 4809 2133 4856 ut

541 4907 591 4960 si
646 4903 774 4975 quid
822 4901 976 4958 nobis
1016 4898 1272 4955 acciderit
1318 4896 1371 4951 in
1430 4894 1534 4950 hoc
1571 4893 1793 4961 sacculo,
1838 4907 1961 4949 cum
1993 4892 2133 4948 bona

539 4994 710 5052 causa
735 4994 859 5050 hinc
884 5006 1158 5049 eseamus.
1264 5068 1265 5071 η

928 5122 1162 5181 δειωο
1206 5116 1556 5176 cccxxvm
1592 5123 1610 5141 -
1649 5116 1748 5189 (a).

1076 5239 1125 5283 tu
1158 5230 1306 5283 Natali
1335 5236 1607 5294 Martyrum.

556 5416 559 5417 ν
614 5364 847 5424 CAPUT
897 5359 1181 5419 PRIMUM.
1205 5388 1278 5399 —
1305 5358 1355 5411 l.
1384 5354 1613 5412 Christus
1654 5354 1794 5426 prior
1836 5367 2018 5424 passus
2040 5368 2136 5419 pa-

551 5459 710 5514 tiendi
768 5459 997 5512 uirtutem
1059 5450 1359 5523 martyribus
1421 5448 1576 5502 dedit.
1625 5446 1682 5501 lu
1733 5443 1946 5502 Psalmo
1996 5443 2136 5498 dixi-

551 5566 673 5607 mus
727 5549 951 5605 Domino
1004 5547 1111 5601 Deo
1169 5553 1387 5609 nostro,
1442 5540 1670 5595 Pretiosa
1715 5547 1783 5592 est
1828 5536 1879 5591 in
1921 5552 2135 5610 conspe-

614 5710 635 5728 '
661 5714 757 5757 non
778 5706 1053 5767 reperimus
1075 5703 1163 5751 nisi
1196 5699 1321 5767 apud
1345 5706 1455 5751 l.ov.

618 5771 694 5833 ἀ)
723 5763 867 5826 Alias,
885 5767 946 5816 dc
968 5768 1175 5815 Diversis
1197 5763 1297 5812 ll'i.

1790 298 1846 352 S.
1888 294 2248 353 AUCUSTINI
2292 294 2597 351 EPISCOPI

3705 297 3846 353 “51

2242 420 2326 463 ctu
2366 409 2574 466 Domini
2602 425 2738 465 mors
2774 420 3061 466 sanctorum
3106 410 3234 481 ejus.
3282 410 3523 467 Pretiosa
3559 423 3645 468 est
3688 418 3843 469 mors

2241 514 2547 558 sanetorum
2616 514 2953 576 martyrum;
3023 504 3145 575 quia
3212 506 3439 575 pretium
3508 520 3694 559 eorum
3756 519 3843 559 cst

2243 595 2460 665 sanguis
2499 594 2710 650 Domini
2749 596 3003 666 ipsorum.
3044 596 3240 651 Passus
3281 605 3363 651 est
3401 597 3544 652 enim
3587 598 3843 667 passiam

2243 700 2361 753 sua,
2382 684 2503 756 quia
2531 696 2683 741 erant
2711 685 2915 757 passuri
2943 696 3063 756 post
3088 687 3284 757 ipsum.
3316 688 3599 743 Praecessit
3626 688 3762 758 ipse,
3789 701 3845 743 et

2244 780 2410 834 secuti
2451 789 2577 835 sunt
2618 779 2791 834 multi.
2837 779 3004 835 Valde
3038 780 3183 835 enim
3224 788 3340 835 erat
3363 795 3551 850 aspera
3582 781 3710 847 via;
3742 781 3841 834 sed

2245 870 2369 925 fecit
2390 871 2558 940 ipsam
2582 870 2789 938 lenem,
2817 869 3030 941 quando
3057 870 3169 941 ipse
3198 880 3321 926 ante
3350 886 3537 925 omnes
3568 872 3837 924 transivit.

2244 960 2369 1016 ideo
2414 962 2594 1017 exteri
2643 976 2748 1016 non
2784 961 3077 1017 timuerunt
3116 963 3370 1027 transire,
3402 963 3523 1032 quia
3552 963 3669 1032 ipse
3691 964 3840 1032 prior

2245 1051 2511 1106 transivit.
2561 1050 2799 1108 Mortuus
2841 1059 2927 1106 est
2967 1050 3110 1106 enim
3145 1093 3159 1115 ,
3208 1061 3262 1107 ct
3309 1052 3499 1107 terruit
3544 1052 3842 1122 discipulos

2243 1158 2391 1199 suos.
2437 1142 2785 1211 Resurrexit,
2821 1152 2876 1199 et
2912 1142 3131 1199 abstulit
3166 1144 3270 1199 illis
3299 1144 3577 1209 timorem,
3606 1155 3662 1199 et
3688 1143 3841 1200 dedit

2244 1252 2504 1293 altiorem.
2550 1236 2775 1306 Quando
2813 1237 2955 1292 enim
2982 1246 3226 1293 mortuus
3254 1247 3338 1293 est
3363 1236 3641 1304 Christus,
3671 1238 3841 1307 trepi-

2243 1331 2507 1387 daverunt
2525 1331 2790 1402 discipuli,
2818 1340 2873 1387 et
2902 1342 3223 1403 putaverunt
3245 1331 3387 1402 quod
3409 1332 3585 1402 periit.
3607 1331 3839 1399 Quando

2243 1423 2411 1477 secuti
2441 1432 2603 1489 sunt,
2634 1423 2705 1478 ibi
2731 1423 2907 1497 videte
2929 1418 3152 1495 gratiam
3184 1424 3298 1479 Dei.
3330 1423 3483 1479 Tunc
3505 1425 3641 1478 latro
3660 1423 3840 1479 credi-

2243 1512 2349 1579 dit,
2391 1513 2608 1583 quando
2639 1514 2884 1585 discipuli
2916 1513 3335 1585 trepidavcrunt.
3368 1515 3495 1570 Erat
3520 1516 3664 1571 enim
3692 1532 3840 1573 unus

2245 1605 2383 1660 latro
2422 1605 2474 1659 in
2518 1620 2678 1662 cruce
2718 1620 2839 1660 cum
2870 1605 2990 1671 illo,
3018 1606 3199 1677 sicque
3230 1607 3284 1660 in
3314 1607 3464 1662 illum
3489 1606 3745 1672 credidit,
3780 1616 3841 1661 ut

2242 1698 2480 1766 diceret,
2530 1697 2783 1765 Domine,
2824 1698 2877 1752 in
2918 1708 3082 1753 mente
3121 1715 3200 1752 me
3227 1699 3389 1765 habe,
3417 1698 3536 1751 dum
3563 1700 3757 1753 ueneris
3784 1700 3842 1752 in

2242 1807 2452 1860 regnum
2488 1800 2630 1844 tuum
2671 1789 2820 1863 (Luc.
2863 1806 3023 1857 xxm,
3064 1789 3177 1862 42).
3219 1790 3348 1859 Quis
3391 1789 3838 1855 illum‘docebat,

2244 1882 2344 1937 nisi
2386 1881 2475 1952 qui
2513 1882 2668 1951 juxta
2700 1882 2849 1936 illum
2880 1881 3187 1952 pendebat?
3216 1882 3345 1936 Erat
3368 1881 3510 1937 enim
3537 1882 3613 1938 illi
3638 1881 3780 1938 litus
3806 1897 3841 1935 a

2244 1975 2408 2029 latere
2442 1994 2456 2030 :
2484 1975 2577 2029 sud
2605 1974 2877 2029 habitabat
2904 1976 2959 2029 iu
2980 1973 3166 2029 corde.

2312 2065 2367 2119 9..
2414 2065 2668 2138 Martyres
2714 2065 2964 2137 quomodo
2991 2081 3189 2120 veraces
3205 2106 3222 2132 ,
3249 2065 3294 2119 si
3321 2065 3486 2121 omnis
3512 2065 3662 2120 homo
3687 2082 3842 2119 men-

2242 2159 2364 2213 dax.
2399 2156 2602 2230 Μαι-(νγ
2639 2174 2835 2229 graec,
2877 2156 3037 2212 Testis
3062 2156 3235 2211 latine.
3265 2157 3323 2212 ln
3356 2157 3458 2212 isto
3482 2166 3662 2213 autem
3693 2158 3841 2228 psal-

2244 2267 2331 2305 mo
2351 2293 2365 2317 ,
2395 2251 2481 2305 ubi
2509 2250 2773 2315 diximus,
2824 2248 3053 2304 Pretiosa
3082 2250 3135 2303 in
3164 2262 3433 2320 conspectu
3457 2248 3667 2303 Domini
3696 2268 3840 2304 mors

2240 2355 2532 2396 sanctorum
2573 2343 2688 2415 ejus
2729 2358 2749 2396 :
2785 2342 2858 2397 ibi
2899 2342 3155 2413 scriptum
3197 2352 3282 2397 est
3318 2352 3372 2398 et
3405 2342 3546 2413 quod
3570 2340 3835 2406 audistis.

2242 2434 2355 2505 Ego
2392 2435 2500 2488 dixi
2546 2434 2598 2488 in
2638 2433 2815 2489 ecstasi
2855 2450 2989 2501 mea,
3026 2432 3208 2489 Omnis
3230 2434 3380 2488 [torno
3406 2434 3626 2489 mendax
3659 2434 3836 2504 (Psal.

2240 2529 2513 2592 cxv,15.
2547 2526 2659 2600 il).

2310 2618 2537 2676 CAPUT
2567 2619 2629 2674 II.
2658 2650 2730 2660 —
2753 2618 2889 2688 Quid
2917 2618 3178 2685 dicimus,
3209 2619 3398 2675 fratres
3416 2620 3442 2674 ?
3468 2619 3647 2674 Omnis
3677 2621 3838 2674 homo

2240 2714 2479 2767 "territam.
2510 2712 2651 2782 Ergo
2675 2720 2732 2768 et
2761 2722 3022 2784 martyres
3047 2710 3334 2767 mendaces
3363 2711 3622 2767 fuerunt?
3646 2711 3704 2767 Si
3729 2728 3837 2767 au-

2243 2813 2348 2859 tem
2392 2813 2654 2875 martyres
2678 2818 2896 2862 veraces
2926 2801 3175 2868 luerunt;
3208 2802 3477 2872 quomodo
3503 2818 3688 2858 verum
3712 2813 3839 2870 est,

2245 2895 2423 2951 Omnis
2463 2896 2613 2949 homo
2652 2894 2917 2949 mendax?
2953 2894 3230 2965 Scriptura
3269 2893 3429 2960 dicit,
3474 2893 3655 2949 Omnis
3682 2895 3838 2949 homo

2240 2988 2473 3042 mendax.
2503 2987 2559 3041 Si
2583 2986 2898 3051 dixerimus,
2931 2985 3158 3042 Veraces
3181 2995 3337 3041 erant
3359 2995 3664 3058 martyres;
3686 2986 3836 3042 Scri-

2240 3092 2453 3151 pturam
2502 3080 2725 3135 facimus
2772 3079 3105 3134 mendacem.
3157 3079 3215 3135 Si
3254 3088 3434 3135 autem
3472 3095 3659 3135 verum
3696 3080 3836 3134 dixit

2242 3174 2514 3244 Scriptura
2534 3215 2548 3237 ,
2592 3173 2717 3243 quia
2752 3172 2916 3227 omnis
2941 3174 3098 3227 homo
3123 3173 3378 3238 mendax;
3407 3187 3539 3244 ergo
3561 3181 3834 3245 martyres

2240 3265 2527 3320 mendaces
2549 3265 2783 3320 luerunt.
2806 3264 3086 3332 Quomodo
3109 3280 3239 3335 ergo
3260 3264 3523 3321 habemus
3540 3266 3831 3321 ostendere

2241 3366 2295 3413 et
2318 3357 2647 3427 Scripturam
2668 3370 2913 3411 veracem
2934 3364 2991 3411 et
3013 3364 3277 3425 martyres
3297 3355 3561 3412 veraces?
3582 3354 3666 3410 An
3691 3355 3835 3412 forte

2241 3459 2508 3522 martyres
2546 3464 2655 3503 non
2696 3446 2910 3503 fuerunt
2941 3447 3230 3502 homines?
3250 3446 3308 3503 Si
3336 3455 3515 3503 autem
3544 3456 3697 3502 erant
3722 3446 3835 3501 bo-

2242 3542 2446 3606 mines,
2484 3538 2752 3610 quomodo
2798 3554 2982 3593 verum
3021 3547 3132 3603 est,
3176 3536 3355 3592 Omnis
3391 3538 3543 3592 homo
3567 3537 3839 3592 madas?

2240 3631 2379 3701 Quid
2420 3646 2548 3701 ergo
2587 3628 2877 3685 iaciemus?
2917 3628 3339 3695 Laborabimus,
3379 3637 3437 3683 ut
3483 3628 3837 3684 ostendamus

2244 3724 2398 3779 vobis
2443 3722 2567 3792 quia
2614 3732 2669 3776 et
2714 3720 2988 3791 Scriptura
3035 3735 3158 3774 vera
3205 3729 3323 3783 est,
3370 3728 3426 3774 et
3470 3720 3634 3774 omnis
3677 3722 3840 3774 homo

2241 3815 2503 3877 mendas;
2531 3821 2586 3870 et
2612 3822 2876 3883 martyres
2902 3827 3118 3867 veraces
3144 3810 3357 3866 luerunt
3375 3853 3390 3875 ,
3416 3811 3540 3881 quia
3568 3827 3664 3880 pro
3691 3813 3839 3866 veri-

2244 3914 2351 3960 tate
2377 3904 2571 3959 mortui
2601 3903 2765 3958 sunt?
2796 3900 2923 3957 Ideo
2942 3902 3085 3956 enim
3113 3911 3237 3956 sunt
3264 3911 3556 3972 martyres,
3580 3901 3706 3970 quia
3733 3917 3839 3971 pro

2241 3998 2465 4053 veritate
2490 3996 2634 4069 passi
2660 4004 2803 4051 sunt.
2829 3994 3027 4065 Marlyr
3047 3994 3188 4048 enim
3214 4001 3298 4047 est
3320 3993 3542 4049 verbum
3561 4008 3797 4063 graecum
3813 4033 3837 4059 ,

2241 4100 2297 4144 et
2333 4089 2495 4143 latine
2536 4086 2711 4142 Testis
2747 4084 2961 4141 dicitur.
3002 4084 3057 4139 Si
3086 4099 3215 4153 ergo
3241 4082 3354 4138 veri
3384 4092 3549 4138 testes
3576 4082 3836 4150 luerunt,

2241 4194 2367 4234 vera
2404 4178 2691 4242 dixerunt;
2731 4184 2786 4231 et
2818 4190 2942 4230 vera
2977 4173 3204 4229 dicendo
3228 4187 3459 4229 coronas
3483 4184 3833 4243 acceperunt.

2241 4270 2301 4327 Si
2321 4279 2500 4324 autem
2527 4276 2691 4323 testes
2718 4266 2835 4322 falsi
2863 4264 3076 4320 fuerunt
3094 4305 3108 4329 ,
3138 4262 3281 4334 quod
3310 4263 3485 4330 absit,
3510 4277 3615 4319 non
3639 4261 3708 4317 ad
3730 4276 3836 4317 co-

2242 4375 2425 4426 ronas,
2469 4357 2564 4413 sed
2592 4356 2657 4411 ad
2685 4370 2869 4427 pmnas
2899 4355 3074 4411 ierunt
3100 4371 3117 4409 :
3147 4353 3270 4424 quia
3301 4352 3559 4423 scriptum
3587 4362 3689 4418 est,
3716 4350 3829 4407 Te-

2240 4458 2335 4510 stis
2380 4454 2542 4527 falsus
2588 4470 2690 4507 non
2732 4452 2825 4529 erit
2866 4450 3144 4520 impunitus
3193 4446 3374 4521 (Prov.
3414 4462 3506 4502 xu
3527 4487 3543 4512 ,
3579 4444 3657 4519 5).
3686 4445 3840 4516 Ergo

2241 4547 2587 4605 ostendamus
2629 4546 2748 4600 illos
2788 4558 3025 4599 veraces.
3065 4542 3183 4598 Jam
3227 4540 3329 4611 ipsi
3353 4554 3415 4596 se
3441 4538 3837 4605 ostenderunt,

2241 4642 2455 4714 quando
2484 4656 2581 4713 pro
2605 4640 2831 4696 veritate
2859 4638 3021 4695 etiam
3051 4636 3187 4692 mori
3216 4636 3521 4692 voluerunt.
3550 4632 3837 4701 Quomodo

2241 4749 2375 4806 ergo
2413 4749 2575 4789 verax
2621 4741 2704 4788 est
2739 4732 3049 4802 Scriptura,
3090 4744 3211 4800 quae
3248 4728 3413 4796 dicit,
3460 4726 3637 4782 Omnis
3676 4726 3839 4779 homo

2240 4825 2508 4881 mendas?
2540 4826 2809 4895 Rogemus
2847 4824 3129 4878 Dominum
3168 4830 3409 4877 nostrum
3447 4819 3632 4876 Jesum
3669 4817 3840 4874 Chri-

2239 4929 2422 4985 stum;
2462 4926 2519 4973 et
2560 4918 2679 4988 ipse
2713 4915 2873 4971 nobis
2898 4914 3071 4969 solvet
3095 4914 3250 4969 istam
3278 4911 3647 4983 quaestionem.
3672 4908 3840 4965 Unde

2242 5011 2404 5067 habet
2443 5010 2587 5066 illam
2631 5007 2787 5064 nobis
2829 5005 3083 5062 solvere?
3127 4992 3203 5061 De
3249 5003 3573 5075 Evangelio,
3614 5003 3683 5058 de
3722 5018 3842 5073 quo

2242 5102 2403 5157 modo
2425 5100 2774 5171 loquebamur
2793 5138 2808 5162 ,
2836 5097 3053 5168 quando
3076 5095 3227 5151 vobis
3249 5095 3543 5166 legebatur.

2313 5191 2539 5249 CAPUT
2569 5190 2655 5246 lll.
2676 5220 2749 5232 —
2772 5191 2826 5246 5.
2861 5188 3073 5244 Veraces
3097 5198 3370 5259 martyres,
3396 5187 3514 5255 quia
3537 5185 3590 5240 in
3614 5186 3685 5241 eis
3706 5184 3840 5255 Spi-

2243 5286 2371 5341 ritus
2390 5282 2487 5337 Dei
2512 5282 2823 5353 loquebatur.
2854 5281 3091 5336 Audistis
3118 5279 3261 5335 enim
3282 5320 3301 5346 ,
3322 5278 3533 5349 quando
3553 5277 3841 5348 legebatur

2244 5373 2621 5444 Evangelium,
2671 5372 2794 5443 quia
2832 5372 3155 5442 martyribus
3200 5370 3410 5425 dicebat
3450 5368 3711 5423 Dominus
3738 5369 3841 5423 le-

2243 5483 2337 5523 sus
2363 5486 2378 5523 :
2408 5467 2535 5521 Cum
2563 5468 2761 5519 tradent
2784 5481 2868 5519 vos
2886 5506 2903 5531 ,
2935 5465 3089 5519 nolite
3114 5464 3335 5533 cogitare
3362 5462 3484 5531 quid
3511 5462 3789 5530 loquamini
3817 5504 3837 5523 ,

2245 5570 2330 5613 aut
2350 5558 2471 5629 quid
2501 5557 2680 5611 dicatis
2705 5597 2718 5620 ,
2742 5556 2945 5608 dabitur
2969 5556 3099 5607 enim
3126 5554 3263 5608 vobis
3282 5554 3334 5606 in
3359 5553 3450 5607 illa
3467 5553 3591 5605 hora
3611 5552 3734 5620 quid
3756 5556 3838 5604 to-

2245 5651 2488 5717 quamini.
2538 5648 2659 5703 Non
2689 5649 2820 5703 enim
2847 5665 2932 5702 vos
2962 5649 3078 5700 estis
3105 5647 3190 5717 qui
3219 5646 3513 5716 loquimini,
3541 5647 3629 5697 sed
3658 5642 3841 5711 Spiri-

2248 5753 2325 5797 tus
2353 5740 2522 5795 Patris
2556 5742 2722 5805 vestri,
2754 5739 2837 5809 qui
2869 5739 3089 5809 loquitur
3114 5738 3163 5790 in
3191 5736 3327 5789 vobis
3356 5735 3562 5808 (Matth.
3599 5750 3629 5788 ι
3652 5775 3666 5800 ,
3707 5734 3773 5788 t9
3793 5745 3845 5786 es
