4108 6326
358 348 381 401 1
392 337 495 403 453

358 460 468 531 '20).
494 454 639 525 Quia
667 452 713 508 si
741 465 836 507 vos
866 444 1174 521 loquimini,
1209 442 1541 503 mendacium
1572 442 1745 497 dicitis
1777 459 1790 494 :
1824 441 1947 511 quia

367 551 521 606 omnis
559 548 715 601 homo
757 544 993 601 mendax.
1025 542 1173 598 Vidit
1199 557 1326 611 ergo
1356 540 1469 610 ipse
1500 538 1754 593 Dominus
1782 578 1796 602 ,
1826 535 1947 606 quia

362 642 525 697 omnis
574 637 721 693 homo
767 637 1020 701 mendax,
1069 643 1123 689 et
1159 633 1305 688 dedit
1349 630 1669 703 martyribus
1693 626 1949 696 Spiritum

371 749 559 798 suum;
589 740 645 786 ut
674 746 779 785 non
807 729 907 801 ipsi
928 730 1272 798 loquerentur
1290 767 1305 791 ,
1329 722 1422 779 sed
1449 722 1680 793 Spiritus
1705 720 1820 789 t-jus
1849 736 1861 772 :
1891 727 1952 771 ut

371 842 474 881 non
513 831 694 883 essent
730 821 1049 886 mendaces,
1093 817 1187 873 sed
1230 826 1288 871 ut
1326 824 1506 871 essent
1545 826 1781 867 veraces.
1814 809 1953 864 Ecce

371 929 536 986 quare
577 927 796 968 veraces
835 910 1089 975 fuerunt;
1118 908 1254 989 ‘quia
1299 922 1404 961 non
1433 905 1530 975 ipsi
1558 903 1951 973 loquebantur,

367 1004 463 1061 sed
502 1004 731 1074 Spiritus
772 1002 904 1073 ejus.
940 996 1015 1056 Et
1045 1000 1204 1055 modo
1234 994 1371 1069 quod
1404 996 1556 1050 vobis
1583 992 1882 1063 loquimur,
1910 992 1953 1045 si

368 1097 437 1151 de
480 1106 664 1151 nostro
706 1095 1001 1165 loquimur,
1041 1091 1375 1148 mendacium
1409 1088 1653 1144 dicimus.
1695 1085 1749 1141 Si
1778 1092 1955 1138 autem

370 1198 497 1244 sunt
516 1187 746 1259 Spiritus
774 1188 889 1253 Dei,
918 1202 1039 1257 qua:
1062 1186 1214 1239 vobis
1239 1183 1487 1247 dicimus,
1518 1181 1635 1235 ideo
1664 1196 1786 1233 vera
1812 1187 1954 1232 sunt.

367 1280 441 1335 Et
460 1294 554 1335 vos
583 1279 822 1350 prolicite
851 1296 866 1333 :
897 1277 1061 1333 nolite
1090 1275 1157 1331 de
1186 1285 1364 1331 vestro
1394 1274 1532 1328 velle
1561 1270 1738 1342 loqui,
1768 1270 1812 1324 si
1842 1270 1961 1323 vul-

371 1370 439 1428 tis
480 1388 607 1428 vera
669 1371 853 1442 loqui;
894 1380 951 1425 ut
986 1384 1091 1424 non
1120 1367 1439 1424 remaneatis
1468 1365 1713 1420 homines
1742 1360 1961 1418 menda-

369 1479 492 1531 ces,
521 1462 614 1519 sed
637 1463 753 1517 sitis
776 1462 865 1515 lilii
887 1461 982 1516 Dei
1004 1475 1241 1515 veraces.

440 1552 670 1609 CAPUT
707 1551 795 1608 IV.
825 1582 898 1593 —
923 1553 975 1607 4.
1011 1550 1114 1605 Pro
1140 1550 1344 1604 veritate
1370 1547 1511 1619 pati,
1544 1554 1821 1617 martyrum
1839 1552 1961 1608 est;

365 1662 464 1716 ιρι-ο
511 1645 767 1717 falsitate,
816 1644 967 1698 etiam
1008 1642 1299 1713 impiorum.
1340 1640 1506 1695 Causa
1552 1639 1806 1709 patientia:
1833 1636 1962 1690 bona

368 1737 607 1810 eligatur.
633 1736 831 1793 Omnes
858 1736 1092 1792 haeretici
1116 1736 1274 1791 etiam
1299 1750 1395 1804 pro
1421 1734 1648 1788 falsitate
1672 1732 1960 1801 patiuntur,

371 1844 481 1884 non
534 1843 632 1899 pro
675 1829 900 1885 veritate
951 1847 964 1882 :
1014 1829 1137 1899 quia
1182 1828 1512 1882 mentiuntur
1556 1836 1741 1882 contra
1793 1826 1963 1895 ipsum

366 1920 675 1977 Christum.
714 1920 913 1977 Omnes
955 1921 1185 1992 Pagaui,
1218 1920 1362 1990 impii
1386 1935 1733 1990 quareumque
1758 1919 1967 1988 patiun-

391 2024 479 2069 tur
499 2054 515 2079 ,
549 2030 646 2085 pro
672 2014 901 2069 falsitate
927 2014 1219 2085 patiuntur.
1247 2013 1414 2068 Nemo
1436 2027 1562 2080 ergo
1591 2028 1649 2066 se
1674 2010 1891 2065 extollat
1914 2019 1968 2063 et

370 2107 634 2178 glorietur
661 2107 730 2163 de
765 2107 1011 2177 passione
1030 2149 1045 2172 ,
1077 2106 1169 2161 sed
1197 2106 1343 2175 prius
1369 2103 1615 2181 ostendat
1640 2102 1828 2173 linguae
1858 2116 1968 2156 sua:

373 2198 681 2253 veritatem.
722 2197 805 2253 Tu
841 2196 1079 2253 ostendis
1121 2210 1332 2266 poenam
1353 2236 1368 2259 ,
1399 2209 1498 2265 ego
1520 2210 1703 2264 qua-ro
1729 2206 1967 2247 causam.

374 2289 460 2344 Tu
504 2290 675 2357 dicis,
716 2288 845 2345 Sum
886 2303 1080 2359 passus
1122 2305 1136 2341 :
1178 2303 1278 2358 ego
1312 2286 1432 2342 dico
1458 2300 1623 2356 quare
1652 2285 1725 2338 sis
1754 2300 1965 2355 passus.

373 2379 510 2435 Nam
532 2381 579 2436 si
597 2380 932 2435 attendamus
953 2380 1096 2435 solas
1117 2379 1389 2450 passiones
1405 2420 1419 2444 ,
1447 2386 1772 2432 coronantur
1798 2386 1852 2430 et
1878 2376 1960 2429 la-

375 2481 583 2529 trones.
627 2472 896 2543 Numquid
937 2472 1097 2527 audet
1142 2471 1323 2549 dicere
1360 2471 1447 2527 ille
1490 2487 1504 2525 :
1549 2470 1717 2526 Tanta
1747 2478 1800 2524 et
1828 2479 1971 2524 tanta

372 2578 574 2635 passus
617 2563 781 2619 sum?
815 2562 1030 2632 Quare?
1054 2561 1188 2630 Quia
1218 2562 1412 2616 dicitur
1436 2561 1508 2616 illi
1538 2579 1551 2615 :
1585 2560 1809 2630 Propter
1837 2560 1969 2615 facta

368 2664 467 2711 tua
515 2656 692 2721 mala;
736 2655 857 2711 ideo
899 2657 1094 2711 malam
1134 2654 1363 2709 habuisti
1392 2668 1602 2725 pugnam
1625 2694 1638 2716 ,
1672 2652 1791 2723 quia
1826 2653 1972 2722 prius

375 2748 578 2802 malam
622 2747 852 2802 habuisti
890 2762 1131 2802 causam.
1170 2745 1228 2802 Si
1268 2746 1335 2801 de
1367 2745 1611 2815 passione
1639 2743 1971 2815 gloriandum

372 2850 506 2907 est;
555 2850 732 2913 potest
770 2849 825 2895 et
866 2840 981 2910 ipse
1025 2838 1269 2894 diabolus
1293 2838 1529 2909 gloriari.
1558 2836 1748 2892 Videte
1778 2846 1973 2907 quanta

375 2933 581 3004 patitur
597 2975 612 3000 ,
639 2932 790 3002 cujus
810 2931 1007 3002 ubique
1030 2930 1223 3000 templa
1247 2937 1580 2993 evertuntur,
1606 2928 1756 2998 cujus
1778 2928 1975 2999 ubique

370 3025 527 3081 idola
554 3023 890 3095 franguntur,
916 3024 1068 3093 cujus
1094 3022 1287 3093 ubique
1311 3020 1620 3076 sacerdotes
1643 3030 1694 3075 et
1715 3020 1977 3090 arreptitii

369 3116 681 3172 cmduntur.
732 3114 997 3186 Numquid
1048 3121 1225 3183 potest
1268 3112 1445 3167 dicere
1492 3129 1505 3165 :
1549 3111 1613 3165 Et
1651 3126 1751 3181 ego
1777 3120 1979 3182 martyr

375 3223 540 3274 sum,
585 3206 708 3277 quia
754 3214 899 3260 tanta
940 3204 1147 3275 patior!
1192 3203 1337 3274 Ergo
1379 3203 1539 3257 homo
1579 3202 1671 3257 Dei
1701 3203 1845 3271 prius
1875 3202 1977 3255 sibi

376 3298 548 3368 eligat
570 3312 784 3351 causam
807 3338 823 3363 ,
851 3303 906 3351 et
932 3309 1151 3349 securus
1179 3293 1398 3349 accedat
1422 3293 1487 3347 ad
1515 3308 1747 3364 pinnam.
1776 3292 1908 3361 Quia
1932 3292 1977 3346 si

374 3389 435 3444 in
488 3389 625 3443 bona
658 3404 818 3443 causa
843 3386 1048 3443 accedit
1073 3386 1139 3441 ad
1166 3401 1411 3456 pinnam,
1442 3394 1565 3456 post
1592 3400 1803 3455 poenam
1834 3384 1977 3438 acci-

378 3479 501 3550 piet
529 3488 583 3533 et
611 3492 887 3532 coronam.

459 3568 689 3625 CAPUT
729 3569 793 3623 ν.
835 3599 905 3608 -
950 3568 1004 3623 5.
1027 3566 1224 3621 Judicii
1252 3567 1411 3639 futuri
1434 3566 1697 3620 certitudo.
1732 3566 1980 3620 Iiesurre-

378 3661 493 3715 Actio
540 3660 782 3731 cujusque
826 3676 941 3713 cum
990 3675 1144 3713 causa
1191 3675 1302 3712 sua.
1353 3656 1723 3711 Damnatorum
1762 3656 1983 3711 acriores

382 3766 555 3822 poema
594 3761 707 3823 post
750 3750 1181 3805 resurrectionem.
1230 3749 1371 3819 Ergo
1414 3748 1467 3801 in
1516 3749 1757 3803 memoria
1794 3757 1983 3802 (eterna

389 3842 488 3895 erit
523 3842 697 3912 justus
717 3883 732 3907 ,
775 3851 823 3895 et
852 3839 914 3894 ab
942 3839 1118 3893 auditu
1141 3837 1278 3892 malo
1306 3855 1408 3892 non
1438 3838 1624 3892 timebit
1650 3837 1820 3910 (Psal.
1851 3853 1942 3893 cn
1961 3879 1978 3906 ,

395 3931 481 4004 7).
517 3932 671 3987 Venit
690 3933 830 3987 enim
852 3931 1011 4002 judex
1035 3930 1271 3985 omnium
1292 3930 1533 3984 vivorum
1554 3938 1607 3985 et
1627 3943 1979 3998 mortuorum,

389 4024 536 4079 sicut
576 4024 629 4078 in
672 4024 959 4095 Evangelio
995 4022 1239 4093 legimus.
1281 4023 1346 4077 Et
1379 4038 1562 4077 verum
1594 4035 1708 4089 est,
1732 4023 1982 4095 quoniam

393 4117 497 4171 ista
524 4132 642 4187 qua:
669 4117 829 4171 modo
856 4116 1096 4171 videmus
1113 4158 1131 4183 ,
1162 4130 1267 4169 non
1293 4123 1447 4169 erant
1470 4102 1682 4185 quando
1703 4116 1877 4170 futura
1899 4116 1983 4170 die

392 4207 676 4262 cebantur.
708 4206 863 4275 Quod
902 4206 1093 4263 videtis
1121 4206 1280 4261 modo
1310 4204 1586 4276 prmdicari
1617 4221 1807 4259 nomen
1834 4206 1984 4261 Chri-

393 4301 465 4354 sti
512 4315 610 4371 per
654 4315 841 4355 onmes
887 4309 1109 4371 gentes,
1150 4299 1387 4354 converti
1428 4298 1671 4353 homines
1708 4298 1775 4352 ad
1820 4314 1985 4353 unum

396 4390 565 4445 Deum
594 4432 606 4452 ,
654 4389 847 4443 dimitti
892 4389 1031 4445 idola
1053 4432 1068 4453 ,
1103 4389 1295 4444 dimitti
1335 4388 1594 4443 daemonia
1620 4430 1633 4451 ,
1662 4391 1825 4443 everti
1855 4400 1990 4443 tein-

392 4482 521 4553 pla,
562 4480 732 4552 frangi
774 4480 1091 4545 simulacra;
1138 4481 1315 4535 omnia
1364 4481 1464 4534 ista
1508 4480 1740 4533 nondum
1789 4492 1941 4536 erant
1968 4523 1983 4547 ,

397 4581 574 4626 tamen
612 4571 961 4638 dicebantur,
998 4580 1051 4625 et
1076 4570 1236 4625 modo
1267 4570 1528 4625 videntur.
1560 4570 1612 4624 lu
1641 4572 1832 4640 quibus
1857 4588 1986 4643 ergo

396 4662 616 4718 Litteris
640 4662 837 4731 scripta
865 4671 989 4716 sunt
1016 4661 1114 4716 ista
1135 4705 1150 4728 ,
1175 4678 1295 4732 quae
1313 4662 1423 4731 jam
1451 4662 1692 4717 videmus
1720 4662 1864 4734 (tunc
1890 4681 1986 4717 au-

398 4766 508 4810 tem
534 4755 731 4825 scripta
763 4765 920 4820 sunt,
948 4754 1161 4823 quando
1192 4770 1295 4806 non
1326 4754 1669 4820 videbantur,
1699 4756 1790 4809 sed
1815 4755 1986 4809 futura

400 4846 909 4917 promittebantur),
952 4847 1003 4900 in
1044 4844 1172 4915 ipsis
1198 4844 1411 4900 Litteris
1440 4848 1663 4915 legimus
1688 4848 1827 4915 quod
1859 4863 1991 4901 non-

399 4939 526 4992 dum
564 4941 728 4994 venit.
755 4938 1000 4993 Nondum
1027 4938 1168 4991 enim
1195 4936 1338 4992 venit
1363 4936 1479 4990 dies
1503 4936 1687 5006 judicii
1710 4979 1723 4999 ,
1755 4938 1988 4992 nondum

402 5031 549 5084 venit
587 5028 915 5101 resurrectio
941 5038 1279 5082 mortuorum
1302 5068 1317 5093 ,
1348 5026 1583 5080 nondum
1609 5027 1755 5080 venit
1778 5027 1987 5096 judica-

402 5130 586 5186 turus,
620 5121 709 5191 qui
749 5121 897 5189 prius
930 5127 1152 5174 venerat
1180 5116 1521 5187 judicandus.
1550 5116 1827 5172 Judicatus
1854 5118 1992 5187 inju-

402 5222 485 5266 ste
508 5254 523 5277 ,
547 5211 877 5281 judicaturus
896 5210 1058 5280 juste.
1086 5209 1350 5264 Dill‘erens
1378 5210 1703 5278 potentiam,
1733 5224 1854 5263 cum
1879 5209 1993 5263 vult

403 5304 688 5360 ostendere
733 5302 1062 5372 patientiam.
1111 5300 1379 5356 Venturus
1421 5309 1503 5356 est
1549 5315 1713 5371 ergo,
1760 5309 1815 5355 et
1855 5316 1989 5371 quo-

406 5398 565 5452 modo
606 5411 666 5451 se
708 5393 953 5465 promisit
992 5408 1112 5448 esse
1144 5403 1425 5448 venturum
1452 5408 1573 5446 cum
1600 5392 1815 5464 Angelis
1840 5394 1950 5448 suis
1972 5435 1988 5459 ,

403 5490 483 5545 sic
526 5489 704 5544 veniet
733 5496 787 5543 et
804 5486 1079 5558 apparebit
1104 5486 1159 5542 in
1183 5486 1427 5543 claritate
1452 5486 1703 5542 omnibus
1722 5487 1882 5542 etiam
1902 5503 1990 5542 re-

407 5580 763 5650 surgentibus.

475 5671 702 5727 CAPUT
729 5670 813 5725 Vl.
832 5670 1291 5743 --Unusquisque
1320 5670 1463 5749 enim
1486 5679 1883 5727 resurrecturus
1906 5683 1989 5727 est

407 5779 531 5821 cum
551 5780 708 5822 causa
734 5780 847 5820 sua.
871 5765 1054 5833 Qualis
1078 5765 1220 5820 enim
1248 5754 1405 5821 modo
1424 5778 1544 5819 cum
1573 5764 1817 5835 moritur,
1845 5779 1985 5819 recn-

1711 323 1839 377 Sl'llt
1849 321 1940 375 MO
1978 314 2302 374 CCCXXIX.

3506 309 3642 365 “54

2057 436 2199 503 pitur
2240 434 2291 487 in
2330 446 2600 488 carcerem
2623 472 2637 497 ,
2683 427 2805 483 talis
2848 423 3085 498 procedit
3112 425 3179 482 ad
3202 424 3457 498 judiccm.
3482 424 3643 482 Modo

2057 541 2193 597 opus
2214 534 2374 581 estut
2398 533 2683 594 componat
2710 537 2926 577 causam
2946 536 3097 577 suam
3116 562 3132 587 ,
3162 520 3400 576 inclusus
3421 536 3525 575 non
3552 537 3646 591 po-

2058 626 2182 672 test.
2224 616 2323 685 Qui
2365 633 2493 687 ergo
2535 617 2701 671 bonas
2747 614 2939 669 habent
2978 628 3200 678 causas,
3233 613 3561 683 recipiuntur
3590 613 3644 668 iu

2058 709 2296 777 requiem
2322 724 2335 759 :
2359 708 2447 777 qui
2472 717 2648 761 autem
2672 706 2838 760 malas
2864 704 3061 758 habent
3082 720 3291 768 causas,
3321 705 3649 777 recipiuntur

2059 799 2112 853 in
2154 815 2358 869 pmnas.
2405 798 2510 854 Sed
2542 797 2771 868 majores
2799 812 2983 868 pennas
3011 796 3214 866 passuri
3245 808 3389 861 sunt,
3416 812 3536 853 cum
3560 814 3649 853 re-

2060 888 2391 943 surrexerint
2424 906 2435 940 :
2470 888 2520 943 in
2546 904 2768 957 imarum
2794 887 3196 957 comparatione
3224 888 3357 943 tales
3387 898 3509 943 sunt
3532 889 3649 943 istrc

2060 997 2193 1048 quas
2222 981 2493 1049 patiuntur
2519 981 2609 1050 qui
2638 980 2829 1034 mortui
2861 988 2987 1033 sunt
3015 978 3260 1033 homines
3290 979 3445 1045 mali,
3474 980 3650 1049 qualia

2062 1082 2185 1126 sunt
2237 1073 2441 1126 somnia
2495 1071 2767 1126 hominum
2818 1072 2907 1145 qui
2957 1080 3274 1142 torquentur
3320 1071 3372 1125 in
3421 1072 3652 1126 somnis.

2063 1165 2271 1220 Anium
2316 1180 2545 1233 namque
2586 1179 2769 1218 corum
2811 1164 3114 1234 patiuntur,
3145 1180 3270 1219 caro
3299 1178 3403 1217 non
3434 1164 3650 1232 patitur.

2064 1257 2230 1327 Major
2254 1268 2432 1311 autem
2464 1256 2730 1311 cruciatus
2748 1267 2861 1321 est,
2891 1257 2933 1311 si
2966 1257 3186 1327 vigilans
3213 1266 3542 1326 torqueatur.

2136 1348 2363 1404 CAPUT
2394 1347 2499 1401 VH.
2524 1378 2594 1388 -—
2619 1348 2759 1418 Ergo
2780 1363 2906 1403 Cum
2938 1347 3327 1403 resurrexerint
3352 1362 3539 1402 omnes
3559 1389 3573 1411 ,
3604 1358 3658 1400 ct

2065 1441 2411 1512 apparuerint
2435 1449 2558 1495 ante
2577 1440 2812 1510 judicem
2833 1440 3055 1509 justum,
3086 1441 3224 1495 sicut
3254 1440 3367 1508 ipso
3390 1440 3654 1510 prauitxit,

2066 1535 2333 1604 st-parabit
2375 1550 2470 1590 eos
2509 1535 2645 1587 sicut
2690 1541 2871 1603 pastor
2908 1542 3121 1603 separat
3158 1548 3288 1588 oves
3326 1534 3393 1586 ah
3432 1533 3598 1586 lncdis
3642 1551 3655 1586 :

2062 1624 2249 1681 hmdos
2280 1636 2439 1696 ponet
2464 1626 2528 1679 ad
2560 1624 2865 1687 sinistram,
2897 1640 3026 1678 oves
3054 1634 3230 1678 autem
3257 1625 3324 1679 ad
3357 1624 3654 1680 dexteram.

2068 1718 2133 1773 Et
2162 1718 2302 1772 dicet
2333 1718 2415 1771 his
2443 1718 2531 1788 qui
2563 1716 2629 1771 ad
2657 1717 2931 1771 dexteram
2963 1725 3088 1770 sunt
3118 1733 3131 1769 :
3176 1715 3381 1782 Venite,
3408 1716 3659 1771 benedicti

2076 1808 2245 1862 Patris
2284 1808 2382 1861 mei
2400 1850 2413 1871 ,
2461 1807 2702 1878 percipite
2730 1823 2969 1878 regnum,
3002 1806 3137 1876 quod
3162 1806 3298 1860 vobis
3320 1817 3557 1876 paratum
3588 1819 3660 1860 est

2068 1902 2132 1954 ab
2171 1901 2365 1972 origine
2401 1900 2596 1954 mundi.
2638 1900 2717 1953 Ad
2757 1900 2909 1953 istam
2943 1915 3128 1953 vocem
3166 1899 3395 1970 gaudent
3413 1900 3616 1953 dexteri
3639 1940 3658 1965 ,

2067 1992 2305 2064 gaudent
2340 1992 2490 2061 justi.
2522 1991 2629 2045 Illis
2656 2000 2837 2045 autem
2862 1992 2952 2062 qui
2980 2002 3103 2045 sunt
3126 2009 3155 2045 a
3183 1992 3394 2046 sinistra
3421 1993 3663 2047 dicturus

2072 2092 2154 2137 est
2197 2099 2211 2136 :
2251 2080 2278 2135 1
2286 2093 2331 2136 te
2355 2082 2405 2135 in
2433 2083 2599 2153 ignem
2625 2092 2865 2135 wtcrnum
2891 2099 3005 2135 cum
3038 2082 3239 2136 diabolo
3267 2092 3313 2135 et
3337 2083 3529 2155 angelis
3555 2083 3662 2153 ejus

2074 2174 2286 2248 (Matth.
2333 2190 2440 2228 xxv
2462 2215 2476 2239 ,
2524 2174 2594 2229 5‘2
2617 2217 2632 2239 ,
2674 2175 2772 2240 55,
2800 2174 2904 2239 54,
2933 2174 3045 2245 41).
3079 2174 3160 2229 Ab
3192 2175 3292 2228 hoc
3315 2174 3496 2229 auditu
3523 2177 3664 2231 malo

2070 2269 2246 2337 justus
2270 2281 2372 2320 non
2403 2266 2627 2321 timebit.

2146 2359 2199 2413 (i.
2242 2357 2527 2427 Mm'tyrum
2554 2356 2807 2411 beatitudo
2846 2366 2893 2411 et
2916 2356 3079 2428 gloria
3104 2367 3215 2429 post
3247 2360 3660 2413 resurrectionem

2076 2450 2248 2520 major
2288 2448 2537 2504 Nondum
2573 2464 2702 2519 ergo
2742 2450 2971 2515 receptis
3000 2450 3258 2504 fructibus
3290 2452 3305 2482 ί
3342 2450 3474 2511 suis.
3520 2449 3664 2506 beati

2078 2552 2201 2596 sunt
2248 2538 2406 2596 modo
2443 2542 2611 2596 sancti
2651 2551 2932 2613 martyres,
2978 2544 3228 2613 quoniam
3275 2559 3396 2597 cum
3442 2542 3660 2598 Christo

2078 2645 2202 2691 sunt
2224 2636 2415 2690 animae
2437 2651 2643 2690 eorum.
2672 2634 2806 2703 Quid
2836 2645 3010 2691 autem
3036 2647 3253 2706 paretur
3276 2636 3376 2690 illis
3403 2638 3456 2690 in
3485 2652 3667 2691 resur-

2079 2728 2336 2795 rectione,
2379 2730 2499 2799 quis
2530 2738 2704 2799 potest
2742 2728 2920 2783 verbis
2950 2729 3255 2799 explicare?
3301 2729 3449 2797 Quod
3488 2728 3667 2784 oculus

2079 2838 2181 2874 non
2209 2822 2350 2888 vidit,
2375 2838 2465 2875 nec
2493 2822 2631 2876 auris
2657 2821 2868 2882 audit-it,
2902 2837 2992 2875 nec
3028 2821 3080 2875 in
3119 2838 3206 2875 cor
3245 2821 3463 2875 hominis
3490 2838 3665 2874 ascen-

2081 2913 2174 2978 dit,
2200 2931 2312 2985 qute
2336 2915 2639 2985 prwparavit
2673 2913 2807 2967 Deus
2833 2912 3154 2984 diligentibus
3188 2931 3241 2968 se
3267 2912 3286 2984 (
3308 2913 3322 2965 Ι
3352 2911 3474 2968 Cor.
3499 2929 3555 2974 Il,
3583 2911 3666 2984 9).

2080 3004 2136 3061 Si
2168 3015 2305 3059 tanta
2332 3006 2472 3060 bona
2500 3022 2618 3076 qua:
2646 3005 2914 3077 accepturi
2946 3014 3068 3059 sunt
3100 3004 3283 3060 fideles
3314 3004 3467 3069 boni,
3511 3018 3669 3057 nemo

2082 3100 2312 3168 explicat
2332 3100 2537 3165 verbis;
2563 3116 2666 3154 non
2692 3100 2809 3154 sine
2830 3114 2986 3153 causa
3014 3098 3140 3153 talia
3170 3098 3272 3152 illis
3300 3080 3515 3167 praemia
3541 3113 3674 3167 pra:-

2081 3201 2355 3263 parantur,
2386 3192 2473 3261 qui
2504 3206 2670 3260 usq-ue
2696 3191 2761 3245 ad
2787 3192 3097 3260 sanguinem
3127 3206 3223 3259 pro
3248 3192 3470 3245 veritate
3496 3204 3675 3244 certa-

2082 3290 2296 3338 verunt.
2324 3281 2440 3337 Non
2469 3297 2563 3338 eos
2590 3281 2820 3336 mundus
2849 3281 3036 3346 illexit,
3074 3298 3177 3335 non
3224 3295 3318 3336 eos
3358 3290 3531 3336 terror
3566 3282 3674 3336 fre-

2084 3376 2181 3444 git,
2214 3390 2318 3428 non
2369 3384 2629 3428 tormenta
2662 3373 2924 3436 vicerunt,
2972 3388 3079 3427 non
3125 3372 3397 3429 blanditia:
3442 3373 3673 3441 decepe-

2085 3476 2231 3520 runt.
2261 3465 2499 3534 Corpora
2529 3465 2640 3534 ipsa
2671 3479 2763 3518 sua
2811 3463 3079 3518 habebunt
3108 3479 3294 3534 magna
3326 3474 3675 3528 ornamenta,

2086 3557 2138 3612 in
2165 3557 2356 3628 quibus
2382 3556 2523 3627 passi
2554 3563 2679 3609 sunt
2704 3570 2891 3625 magna
2924 3564 3208 3609 tormenta.

2508 3691 2741 3748 SERMO
2778 3690 3079 3747 cccxxm
3109 3697 3127 3715 ·
3156 3691 3260 3765 (ιι).

2624 3810 2679 3852 ιιι
2696 3802 2845 3853 Natali
2867 3810 3137 3868 martyrum.

2162 3932 2214 3986 1.
2246 3929 2473 3984 Pretiosa
2489 3946 2624 3985 mors
2643 3928 2931 4001 Martyrum
2958 3939 3126 4000 empta
3148 3930 3307 4001 pretio
3331 3932 3507 3986 mortis
3534 3931 3682 3987 Chri-

2088 4023 2173 4077 sti.
2205 4022 2308 4077 Per
2329 4032 2434 4075 tam
2455 4020 2687 4093 gloriosa
2712 4032 3017 4076 sanctorum
3044 4034 3333 4092 martyrum
3361 4031 3533 4092 gesta,
3556 4022 3676 4094 qui—

2088 4113 2190 4170 bus
2220 4114 2416 4184 ubique
2441 4114 2597 4169 ﬂoret
2620 4112 2874 4177 Ecclesia,
2904 4113 3033 4183 ipsis
3058 4112 3228 4183 oculis
3255 4114 3449 4167 nostris
3482 4116 3677 4197 proba-

2090 4223 2210 4261 mus
2233 4223 2390 4278 quam
2424 4224 2609 4262 verum
2640 4208 2709 4261 sit
2736 4206 2876 4278 quod
2908 4205 3264 4270 cautavimus,
3309 4207 3431 4275 quia
3459 4209 3676 4277 pretiosa

2088 4300 2144 4354 in
2170 4310 2442 4368 conspectu
2481 4298 2690 4353 Domini
2718 4315 2851 4352 mors
2880 4307 3169 4352 sanctorum
3198 4298 3307 4367 ejus
3335 4314 3353 4351 :
3382 4299 3594 4367 quando
3622 4310 3674 4353 ct

2095 4391 2146 4446 in
2170 4399 2459 4461 conspectu
2482 4400 2663 4445 nostro
2685 4390 2914 4460 pretiosa
2939 4398 3041 4455 est,
3064 4390 3194 4444 etin
3219 4400 3509 4458 conspectu
3537 4390 3677 4460 ejus,

2084 4498 2191 4553 pro
2221 4482 2376 4551 cujus
2404 4483 2619 4536 nomine
2647 4480 2781 4535 facta
2809 4488 2910 4536 est.
2945 4481 3051 4536 Sed
3078 4481 3307 4550 pretium
3336 4482 3587 4535 mortium
3620 4482 3678 4537 is

2094 4582 2268 4627 tarum
2310 4587 2457 4626 mors
2495 4580 2581 4627 est
2623 4572 2801 4627 unius.
2847 4570 3084 4638 Quantas
3130 4581 3332 4627 mortes
3373 4573 3503 4627 emit
3546 4590 3680 4627 unus

2096 4664 2352 4725 moriens,
2377 4663 2467 4733 qui
2494 4664 2538 4717 si
2568 4678 2672 4717 non
2700 4672 3019 4729 moreretur,
3046 4679 3268 4733 granum
3299 4663 3547 4720 frumenti
3576 4681 3679 4719 non

2097 4755 2576 4827 multiplicaretur?
2618 4754 2855 4810 Audistis
2893 4754 3052 4809 verba
3090 4755 3208 4823 ejus
3248 4770 3368 4810 cum
3398 4756 3683 4827 appropin-

2097 4857 2284 4917 quaret
2311 4847 2576 4917 passioni,
2610 4846 2662 4901 id
2692 4856 2793 4911 est,
2833 4862 2954 4901 cum
2991 4855 3187 4901 nostra:
3234 4850 3682 4918 appropinquaret

2098 4938 2483 5007 redemptioni:
2510 4938 2627 4993 Nisi
2648 4955 2863 5009 granum
2889 4937 3041 4992 tritici
3062 4938 3245 4993 cadens
3271 4940 3326 4993 in
3347 4952 3531 4994 terram
3555 4959 3679 4997 mor-

2099 5038 2240 5082 tuum
2264 5030 2438 5100 fuerit,
2453 5030 2620 5099 ipsum
2635 5028 2800 5084 solum
2815 5039 2979 5083 manet
3003 5046 3022 5083 .'
3040 5030 3085 5084 si
3099 5039 3265 5085 autem
3290 5042 3544 5085 mortuum
3569 5038 3679 5103 fue-

2098 5124 2185 5190 rit,
2204 5124 2416 5177 multum
2432 5128 2650 5193 fructum
2665 5122 3105 5192 alertantht,
3128 5124 3198 5179 24
3213 5136 3258 5179 et
3274 5125 3364 5195 25)
3377 5167 3388 5178 .
3410 5126 3527 5197 Egit
3540 5126 3680 5181 enim

2099 5213 2152 5267 in
2182 5228 2340 5269 cruce
2366 5213 2568 5284 grande
2606 5214 3019 5275 commercium;
3051 5213 3123 5268 ibi
3155 5216 3358 5270 solutus
3385 5226 3469 5272 est
3496 5232 3679 5273 saccu-

2099 5306 2181 5364 lus
2202 5308 2357 5378 pretii
2386 5307 2557 5362 nostri
2578 5324 2592 5360 :
2616 5306 2829 5377 quando
2848 5307 2989 5363 latus
3006 5307 3122 5378 ejus
3142 5317 3383 5378 apertum
3405 5320 3488 5364 est
3503 5311 3682 5365 lancea

2101 5399 2470 5470 percussoris,
2522 5399 2790 5454 emanavit
2834 5397 2958 5454 inde
3004 5400 3233 5469 pretium
3278 5401 3452 5456 totius
3504 5403 3673 5457 orbis.

2102 5492 2277 5565 Empti
2319 5500 2444 5545 sunt
2472 5490 2658 5547 ﬁdeles
2682 5500 2738 5546 et
2766 5501 3069 5563 martyres:
3101 5492 3198 5548 sed
3226 5504 3520 5564 martyrum
3553 5494 3682 5550 hdes

2166 5650 2183 5679 ί
2210 5654 2386 5712 ιτοιῚεεἈ
2409 5646 2703 5712 corporibus.

2167 5712 2186 5776 ξ
2211 5709 2503 5776 βωρηὰθως
2532 5710 2590 5759 al
2607 5709 2669 5776 cl.
2695 5724 2737 5759 r.
2757 5717 2866 5776 ιγ.
2893 5711 3033 5776 et_ad
3057 5713 3191 5776 \‘ign.

2166 5772 2239 5834 (a)
2262 5770 2414 5832 Alias,
2448 5773 2577 5822 inter
2613 5774 2927 5835 \‘ignerianos
2943 5774 3019 5822 55.
