4108 6326
506 250 650 305 »1455

510 365 728 431 probata
760 377 871 431 est;
904 367 1050 421 testis
1080 380 1158 422 est
1202 370 1433 437 sanguis.
1462 369 1611 439 Quod
1643 370 1744 423 illis
1788 371 2083 437 impenSnm

508 467 614 521 est,
658 457 1032 524 reddiderunt,
1077 469 1133 514 et
1180 461 1529 530 impleverunt
1573 461 1712 532 quod
1757 461 1829 515 ait
1872 471 2085 515 sanctus

503 549 773 603 Joannes:
807 548 953 603 Sicut
990 547 1219 605 Christus
1258 569 1350 621 pro
1390 552 1530 605 nobis
1559 553 1780 604 animant
1805 568 1948 605 suam
1992 568 2084 621 po-

500 641 635 706 suit,
677 640 750 693 sic
792 650 837 695 et
876 659 967 696 nos
1003 642 1237 697 debemus
1268 661 1363 713 pro
1392 645 1634 715 fratribus
1659 646 1855 699 animus
1900 661 2085 715 ponere

499 729 560 801 (1
596 727 755 784 Joan.
804 746 895 798 Ill,
931 732 997 787 16
1094 733 1160 787 Ει
1185 734 1308 788 alibi
1344 734 1572 788 dicitur:
1605 734 1685 788 Ad
1713 752 1936 789 mensam
1966 752 2080 788 ma-

498 838 651 892 gnam
678 823 871 891 sedisti,
900 824 1165 896 diligenter
1195 827 1456 881 considera
1480 841 1592 898 qua:
1616 838 1944 899 apponuntur
1968 828 2076 893 tibi,

497 910 737 979 quoniam
764 912 889 968 talia
914 924 961 970 te
983 925 1178 986 oportet
1204 934 1491 987 prwparare
1523 917 1717 990 (Prov.
1739 935 1889 988 xxm,
1914 919 1966 986 1,
1994 918 2074 988 2).

488 996 677 1059 Mensa
696 1016 896 1076 magna
927 1015 1030 1074 est,
1055 1007 1142 1062 ubi
1169 1008 1341 1078 epulae
1369 1017 1491 1063 sunt
1515 1010 1625 1079 ipse
1648 1010 1897 1065 dominus
1921 1024 2076 1087 men-

492 1107 591 1147 sae.
624 1094 794 1150 Nemo
821 1098 987 1166 pascit
1010 1099 1261 1154 convivas
1287 1100 1354 1155 de
1391 1114 1448 1155 se
1479 1100 1593 1172 ipso
1624 1119 1637 1157 :
1671 1102 1771 1158 hoc
1802 1101 1925 1157 facit
1967 1102 2075 1156 Do-

494 1185 678 1241 minus
706 1185 978 1255 Christus;
1020 1188 1135 1259 ipse
1176 1190 1445 1259 invitator,
1484 1192 1597 1262 ipse
1633 1191 1784 1247 cibus
1813 1201 1865 1247 et
1897 1202 2070 1262 potus.

491 1278 837 1346 Agnoverunt
862 1294 988 1349 ergo
1018 1287 1283 1353 martyres
1314 1282 1438 1352 quid
1467 1283 1813 1338 comederent
1839 1292 1894 1339 et
1920 1283 2072 1339 bibe-

489 1374 629 1433 rent,
659 1376 715 1422 ut
742 1368 864 1422 talia
893 1368 1197 1425 redderent.

556 1457 612 1511 2.
644 1457 896 1529 Martyres
914 1476 1015 1513 non
1040 1476 1102 1514 ea:
1119 1478 1190 1526 se,
1221 1463 1309 1516 sed
1329 1478 1390 1516 ea:
1410 1462 1507 1516 Dei
1533 1464 1697 1529 gratia
1717 1464 1944 1520 victores.
1964 1465 2069 1522 Sed

488 1548 627 1604 unde
653 1550 778 1604 talia
820 1550 1125 1614 redderent.
1157 1553 1256 1607 nisi
1286 1554 1373 1607 ille
1402 1554 1552 1608 daret
1583 1554 1721 1609 unde
1747 1554 2066 1625 redderent,

474 1642 576 1712 ‘qui
608 1642 755 1712 prior
784 1642 1079 1711 impendit?
1108 1644 1261 1700 Unde
1290 1653 1343 1699 et
1386 1645 1648 1711 Psalmus,
1693 1645 1783 1699 ubi
1812 1648 2068 1717 scriptum

482 1734 834 1800 cantavimus,
864 1733 1097 1791 Pretiosa
1140 1736 1192 1789 in
1231 1746 1498 1807 conspectu
1539 1735 1750 1790 Domini
1788 1755 1924 1793 mors
1948 1757 2069 1794 san-

481 1836 677 1880 rtorum
703 1829 830 1897 ejus,
862 1828 988 1898 quid
1020 1828 1171 1884 nobis
1200 1828 1575 1883 commendat?
1606 1829 1976 1885 Consideravit
2002 1833 2068 1886 il-

483 1917 551 1970 lic
582 1915 742 1970 homo
769 1928 963 1987 quanta
994 1918 1198 1987 accepit
1225 1932 1254 1971 a
1284 1918 1425 1983 Deo;
1456 1920 1837 1989 circumspexit
1870 1931 2066 1991 quanta

473 2024 704 2063 munera
740 2010 923 2079 gratia:
964 2007 1353 2079 Omnipotentis
1395 2012 1483 2081 qui
1522 2026 1643 2067 eum
1690 2014 1928 2083 creavit,
1974 2018 2065 2088 qui

481 2107 746 2176 perditum
773 2109 1037 2178 qumsivit,
1062 2110 1149 2179 qui
1178 2110 1394 2166 invento
1418 2112 1626 2166 veniam
1653 2111 1818 2178 dedit,
1848 2111 1936 2183 qui
1966 2128 2063 2182 pu-

479 2209 731 2268 gnantem
764 2201 989 2256 inlirmis
1013 2202 1215 2257 viribus
1241 2203 1397 2273 juvit,
1421 2204 1511 2272 qui
1535 2218 1594 2259 se
1619 2205 1935 2274 periclitanti
1957 2220 2064 2261 non

461 2290 760 2356 subtraxit,
788 2293 879 2363 qui
908 2294 1207 2347 vincentem
1237 2296 1511 2348 coronavit
1533 2336 1548 2359 ,
1579 2294 1669 2365 qui
1703 2295 1972 2365 prtemium
2003 2309 2064 2351 se

456 2380 653 2452 “ipsum
684 2383 867 2439 dedit:
894 2384 1250 2439 consideravit
1277 2384 1389 2439 hcce
1415 2386 1613 2453 omnia,
1645 2395 1698 2440 et
1727 2387 2060 2454 exclamavit,

481 2482 535 2525 et
556 2471 714 2537 dixit,
746 2472 883 2538 Quid
908 2474 1180 2527 retribuam
1208 2473 1427 2529 Domino
1452 2492 1545 2547 pro
1570 2477 1799 2531 omnibus
1836 2493 1948 2547 qua:
1982 2494 2062 2531 re-

479 2562 651 2616 tribuit
666 2564 789 2617 mihi
801 2563 829 2617 .’
849 2563 1072 2619 Nolcbat
1090 2579 1210 2619 esse
1232 2566 1488 2634 ingratus,
1509 2567 1803 2637 rependere
1828 2568 2057 2635 volebat,

476 2662 533 2706 et
556 2654 1026 2724 quid‘rependeret
1052 2670 1154 2709 non
1186 2654 1431 2711 habebat.
1450 2656 1563 2711 Non
1590 2657 1739 2722 dixit,
1759 2657 1895 2722 Quid
1917 2659 2063 2713 retri-

464 2744 870 2799 ‘buam'Domino
892 2762 989 2817 pro
1015 2747 1259 2801 omnibus
1284 2764 1401 2816 qua:
1430 2749 1614 2802 tribuit
1636 2750 1793 2815 mihi;
1822 2752 1940 2815 sed,
1967 2768 2060 2823 pro

478 2836 707 2889 omnibus
744 2853 856 2904 qua:
894 2837 1121 2891 retribuit
1150 2840 1314 2893 mihi?
1347 2839 1464 2894 Non
1508 2841 1719 2909 tribuit,
1763 2844 1856 2899 Sed
1896 2846 2058 2900 retri-

446 2920 613 2981 abuit.
641 2927 695 2982 Si
727 2928 991 2994 retribuit,
1038 2928 1236 2999 aliquid
1266 2946 1363 2984 nos
1406 2930 1852 3001 impenderamus.
1896 2936 2058 2992 Plane

468 3018 909 3086 impendet-amns
936 3020 1070 3073 mala
1104 3030 1303 3089 nostra,
1343 3024 1584 3078 retribuit
1610 3024 1748 3079 bona
1779 3041 1872 3080 sua
1906 3044 1920 3081 :
1967 3043 2054 3081 rc-

468 3106 661 3162 tribuit
689 3110 830 3163 enim
859 3109 996 3165 bona
1030 3125 1124 3182 pro
1155 3114 1328 3179 malis,
1360 3130 1479 3169 cum
1518 3130 1616 3169 nos
1657 3118 2056 3173 retribuerimus

481 3199 618 3251 mala
661 3214 774 3268 pro
798 3200 972 3257 nobis.
1019 3204 1217 3269 Quaerit
1260 3219 1386 3273 ergo
1412 3204 1537 3274 quid
1566 3206 1855 3271 retribuat;
1884 3223 2055 3278 angu-

478 3289 609 3343 stias
639 3292 851 3362 patitur,
881 3293 1019 3348 unde
1049 3292 1281 3348 debitum
1311 3294 1478 3348 solvat
1504 3311 1608 3349 non
1637 3296 1870 3351 invenit:
1919 3299 2055 3366 Quid

448 3385 746 3437 retribuam
776 3385 993 3438 Domino
1022 3401 1114 3455 pro
1143 3385 1373 3438 omnibus
1397 3400 1513 3455 qua:
1535 3386 1757 3440 retribuit
1790 3388 1957 3443 mihi?
1986 3388 2055 3444 Et

456 3475 620 3542 'quasi
647 3475 909 3530 invenerit
931 3474 1071 3545 quod
1103 3476 1437 3539 retribueret,
1465 3475 1713 3542 Calicem,
1746 3478 1935 3548 inquit,
1965 3495 2051 3533 sa-

474 3569 651 3621 lutaris
676 3569 943 3637 accipiam,
972 3577 1020 3621 et
1044 3583 1223 3621 nomen
1242 3567 1455 3621 ‘Domim'
1477 3568 1713 3625 invocabo
1729 3569 1900 3641 (Psal.
1926 3586 2050 3639 cxv,

476 3660 567 3724 15,
597 3660 687 3725 12,
715 3661 784 3714 15
803 3662 842 3727 ).
874 3658 1010 3727 Quid
1040 3668 1121 3713 est
1148 3657 1473 3715 hoctCerte
1502 3660 1726 3717 reddere
1766 3663 2051 3733 cogitabat.

478 3750 665 3804 Adhuc
705 3748 896 3819 quierit
939 3749 1182 3819 accipere
1215 3766 1228 3800 :
1258 3748 1476 3804 Calicem
1519 3752 1757 3808 salutaris
1782 3754 2049 3824 accipiant.

468 3843 605 3908 Quis
649 3850 732 3896 est
768 3840 903 3895 calix
943 3839 1088 3895 iste?
1129 3840 1279 3895 Calix
1322 3842 1583 3911 passionis
1619 3859 1832 3900 amarus
1871 3852 1925 3900 et
1962 3860 2052 3899 sa-

460 3933 692 3988 ‘ltibris:
725 3932 859 3987 calix
888 3948 1044 4003 quem
1074 3933 1175 3988 nisi
1203 3933 1348 4003 prius
1381 3934 1587 3990 biberet
1626 3936 1889 4003 medicus,
1934 3946 2051 3992 tan-

471 4042 600 4095 gere
642 4026 851 4080 timeret
898 4034 1146 4096 aegrotus.
1197 4026 1314 4096 Ipse
1340 4035 1419 4082 est
1446 4028 1581 4083 calix
1626 4029 1764 4084 iste:
1806 4031 2051 4101 agnosci-

475 4130 594 4170 mus
620 4116 671 4169 in
702 4130 797 4170 ore
822 4116 1017 4171 Christi
1056 4117 1275 4172 calicem
1322 4119 1477 4173 istum
1516 4119 1759 4188 dicentis,
1790 4119 1968 4189 Pater,
2007 4123 2052 4178 si

473 4207 583 4275 fieri
598 4216 790 4277 potest,
831 4216 1050 4262 transeat
1074 4225 1106 4261 a
1129 4225 1209 4262 me
1231 4209 1367 4264 calix
1387 4210 1483 4264 iste
1511 4209 1719 4281 (Matth.
1747 4228 1900 4279 xxvr,
1925 4214 2047 4284 59).

471 4295 602 4350 Nam
634 4304 690 4351 et
719 4294 838 4350 Filii
869 4296 1111 4351 Zcbedazi
1150 4312 1246 4368 per
1280 4308 1502 4353 matrem
1539 4314 1688 4355 suam
1727 4304 2051 4371 quaesierunt

470 4386 683 4442 excelsa
713 4387 848 4454 loca,
881 4397 937 4441 ut
962 4403 1099 4445 unus
1127 4403 1310 4443 eorum
1341 4388 1552 4446 sederet
1588 4407 1619 4445 a
1648 4391 1870 4459 dextris,
1914 4395 2051 4451 alius

468 4491 499 4531 a
522 4478 784 4534 sinistris:
807 4478 998 4548 quibus
1021 4479 1109 4533 ille
1128 4480 1222 4546 ait,
1242 4478 1458 4534 Potestis
1479 4481 1886 4553 biberecalicem,
1904 4502 2051 4553 quem

468 4588 560 4641 ego
602 4571 844 4626 bibiturus
885 4588 999 4626 sum
1034 4570 1155 4642 (Id.
1184 4589 1279 4639 xx,
1306 4573 1451 4646 22‘)?
1482 4576 1823 4633 Altitudinem
1855 4582 2049 4649 quaeri-

471 4663 582 4716 tis?
607 4663 708 4717 Per
731 4663 921 4717 vallem
950 4664 1249 4718 venitur'ad
1277 4674 1532 4721 montem.
1579 4666 1770 4723 Sedem
1812 4669 2049 4739 qutcritis

472 4753 767 4808 claritatis?
800 4754 950 4808 Prius
979 4755 1143 4809 bibite
1178 4757 1394 4811 calicem
1430 4758 1773 4814 humilitatis.
1814 4760 1889 4815 De
1934 4762 2050 4831 ipso

475 4845 640 4900 calice
674 4845 922 4899 dixerunt
951 4855 1232 4918 martyres,
1270 4848 1489 4901 Calicem
1517 4850 1755 4904 salutaris
1781 4849 2043 4923 accipiam,

474 4945 521 4988 et
550 4951 728 4989 nomen
757 4934 964 4989 Domini
986 4938 1243 4991 invocabo.
1284 4936 1398 4991 Non
1425 4953 1551 5008 ergo
1578 4940 1730 4995 times
1758 4957 1824 4996 ne
1850 4943 1922 4997 ibi
1948 4944 2046 4999 de-

475 5024 657 5080 ﬁcias?
677 5024 817 5091 Non,
857 5026 1041 5096 inquit.
1073 5026 1284 5093 Quare?
1307 5026 1438 5094 Quia
1464 5044 1644 5084 nomen
1675 5030 1881 5086 Domini
1907 5035 2051 5089 invo-

472 5118 617 5172 cabo.
642 5116 920 5184 Quomodo
947 5121 1222 5174 vincerent
1256 5132 1537 5193 martyres,
1579 5123 1681 5178 nisi
1709 5125 1797 5180 ille
1829 5126 1881 5180 in
1907 5144 2049 5181 mar-

471 5213 680 5284 tyribus
708 5211 963 5274 vinceret,
994 5212 1081 5282 qui
1111 5211 1265 5278 dixit,
1294 5211 1539 5280 Gaudete,
1562 5216 1797 5284 quoniam
1828 5234 1917 5288 ego
1956 5219 2048 5272 vici

469 5305 714 5359 siccatum
739 5302 928 5375 (Iona.
956 5318 1069 5369 xvi,
1105 5302 1247 5370 35)?
1287 5304 1577 5374 Imperator
1612 5306 1870 5363 ccelorum
1902 5326 2050 5380 rcge-

472 5397 562 5451 bat
593 5404 829 5451 mentem
859 5403 913 5450 et
942 5395 1171 5465 linguam
1198 5410 1404 5462 eorum,
1437 5406 1491 5452 et
1519 5410 1616 5467 per
1652 5414 1744 5455 eos
1778 5401 2044 5457 diabolum

470 5489 525 5541 in
556 5496 695 5539 terra
727 5485 1029 5555 superabat,
1059 5494 1112 5540 ct
1142 5487 1193 5540 in
1219 5488 1356 5541 ctelo
1383 5498 1641 5559 martyres
1666 5492 1972 5547 coronabat.
2005 5496 2049 5549 0

461 5578 613 5632 beati
643 5578 733 5648 qui
764 5579 839 5632 sic
869 5576 1117 5631 biberunt
1143 5579 1362 5634 calicem
1393 5581 1583 5635 istum!
1619 5582 1870 5640 ﬁnierunt
1895 5586 2047 5642 dolo-

458 5683 578 5734 ses,
608 5678 659 5723 et
689 5677 1005 5739 acceperunt
1044 5669 1293 5726 honores.
1346 5671 1611 5731 Attenditc
1646 5690 1805 5744 ergo,
1843 5677 2046 5733 charis-

1765 255 1820 310 S.
1864 254 2225 311 AUGUSTINI
2272 256 2574 315 EPISCOPI
2672 282 2675 285 ί

3637 262 3782 330 use

2198 373 2314 426 simi
2342 393 2353 426 ε
2380 377 2519 444 quod
2549 378 2718 434 oculis
2741 396 2844 435 non
2874 385 3114 453 potestis,
3144 395 3325 443 mente
3346 397 3401 445 et
3422 389 3604 445 animo
3630 393 3781 461 cogi—

2194 475 2320 531 tate,
2348 477 2401 520 et
2429 469 2599 523 videte
2627 472 2747 540 quia
2779 476 2995 544 pretiosa
3020 478 3072 531 in
3098 491 3365 549 conspectu
3409 480 3611 536 Domini
3638 500 3779 538 more

2191 569 2475 612 sanctorum
2501 563 2628 628 ejus.

2622 699 2849 756 διεωιο
2879 701 3158 759 cccxxx
3185 710 3202 727 ο
3231 706 3325 776 (ιι).

2665 818 2714 861 In
2735 812 2883 864 Natali
2915 823 3163 881 martyrum
3186 817 3277 881 (ὁ).

2256 936 2308 990 1.
2342 936 2603 993 Sermonis
2638 941 2919 995 exordium.
2967 944 3246 999 Beatorum
3289 942 3598 1006 solemnitas
3621 965 3770 1005 mar-

2184 1034 2381 1097 tyrum,
2425 1037 2857 1102 eteXSpcctatio
2908 1032 3215 1093 Sanctitatis
3258 1049 3443 1096 vestrae
3485 1042 3554 1097 de
3611 1044 3768 1098 nobis

2184 1134 2485 1178 sermonem
2526 1123 2746 1196 ﬂagitat.
2781 1128 3124 1199 intelligimus
3152 1132 3295 1185 enim
3327 1147 3423 1187 nos
3459 1133 3600 1203 quod
3642 1136 3772 1190 huic

2181 1213 2285 1269 diei
2315 1218 2557 1286 congruit
2584 1219 2855 1289 disputare
2882 1220 3097 1277 debere.
3131 1223 3241 1278 Hoc
3268 1225 3447 1292 vultis,
3476 1225 3577 1281 hoc
3607 1229 3766 1281 volu-

2179 1319 2299 1359 mus
2320 1324 2333 1360 :
2358 1306 2458 1362 hoc
2474 1308 2629 1364 faciat
2654 1310 2704 1364 in
2726 1311 2877 1381 cujus
2895 1328 3055 1367 manu
3070 1321 3194 1368 sunt
3217 1324 3269 1369 et
3290 1331 3389 1369 nos
3408 1326 3462 1371 et
3482 1332 3768 1372 sermones

2179 1397 2344 1451 nostri
2366 1413 2383 1461 ;
2404 1398 2566 1454 donet
2587 1399 3005 1473 facultatem,qui
3028 1404 3208 1459 tribuit
3231 1407 3555 1461 voluntatem
3587 1408 3684 1477 (c).
3703 1400 3763 1461 In

2177 1488 2279 1545 hoc
2318 1492 2461 1546 enim
2498 1503 2761 1564 martyres
2802 1494 3196 1566 ﬂagraverunt:
3226 1499 3567 1555 invisibilium
3612 1496 3759 1555 enim

2175 1595 2359 1636 amore
2387 1585 2631 1638 succensi
2659 1585 2886 1642 visibilia
2910 1596 3363 1661 contempserunt.
3394 1591 3531 1656 Quid
3559 1594 3761 1647 amavit

2176 1672 2227 1726 in
2257 1687 2334 1741 se,
2363 1674 2452 1742 qui
2483 1678 2804 1748 contempsit
2827 1688 2881 1734 et
2909 1695 2988 1745 se,
3016 1695 3084 1736 ne
3110 1680 3357 1751 perderet
3395 1684 3492 1739 se?
3537 1685 3761 1755 Templa

2173 1763 2318 1817 enim
2347 1764 2441 1819 Dei
2470 1775 2644 1833 erant,
2677 1776 2733 1822 et
2769 1768 2935 1824 Deum
2962 1786 3147 1826 verum
3180 1772 3230 1825 in
3259 1788 3319 1827 se
3358 1772 3599 1829 habitare
3626 1786 3760 1829 sen-

2175 1855 2403 1921 tiebant;
2432 1856 2551 1912 ideo
2580 1858 2741 1914 falsos
2763 1859 2896 1916 deos
2919 1876 3024 1917 non
3049 1863 3315 1918 colebant.
3341 1864 3654 1932 Audierant,
3683 1867 3761 1921 si-

2175 1946 2366 2002 tienter
2395 1946 2715 2013 hauserant,
2748 1951 3103 2023 medullisque
3142 1955 3342 2010 intimis
3380 1957 3557 2011 cordis
3586 1958 3757 2013 tradi-

2171 2041 2380 2109 derant,
2415 2044 2621 2115 sibique
2662 2047 2890 2116 quodam
2932 2049 3091 2103 modo
3114 2051 3575 2120 {invisceraverant
3611 2054 3759 2123 quod

2173 2131 2429 2187 Dominus
2451 2135 2603 2200 dixit,
2628 2136 2691 2191 Si
2708 2139 2821 2208 quis
2842 2140 2946 2192 uult
2970 2141 3135 2194 venire
3155 2151 3266 2211 post
3289 2144 3401 2196 me?
3422 2154 3562 2214 neget
3583 2152 3760 2199 semet-

2168 2222 2353 2291 ipsum.
2376 2223 2557 2296 Neget,
2579 2226 2771 2297 inquit,
2786 2230 3129 2300 semetipsum,
3143 2242 3188 2284 et
3206 2232 3348 2285 tollat
3368 2249 3565 2286 crucem
3583 2250 3756 2299 suam,

2168 2324 2212 2366 et
2238 2325 2473 2383 sequatur
2496 2334 2576 2371 me
2606 2319 2625 2388 (
2653 2319 2840 2375 Matth.
2882 2338 2967 2375 xvs
2988 2364 3003 2388 ,
3034 2322 3106 2377 24
3128 2324 3168 2393 ).
3216 2324 3349 2378 Hinc
3392 2326 3592 2396 aliquid
3628 2328 3757 2383 volo

2167 2404 2366 2472 dicere,
2395 2416 2449 2462 et
2473 2417 2636 2466 terret
2660 2427 2746 2467 me
2770 2424 2947 2469 vestra
2973 2414 3217 2479 intentio,
3243 2416 3393 2486 jubet
3412 2419 3603 2473 oratio.

2236 2497 2293 2553 2.
2355 2497 2559 2571 Negare
2605 2520 2658 2557 se
2702 2505 2955 2574 quomodo
2997 2506 3172 2561 debeat
3215 2506 3400 2563 Christi
3443 2511 3748 2583 discipulus.

2165 2588 2300 2655 Quid
2331 2603 2434 2657 est,
2466 2608 2596 2664 rogo
2627 2610 2743 2662 vos,
2775 2596 2836 2651 Si
2862 2598 2973 2667 quis
3001 2600 3104 2652 uult
3142 2610 3254 2671 post
3301 2618 3382 2655 me
3422 2604 3606 2667 uenire,
3651 2621 3744 2657 ne-

2165 2690 2249 2750 get
2276 2682 2618 2752 semetipsum,
2642 2694 2687 2738 et
2716 2684 2860 2738 tollat
2885 2703 3081 2741 crucem
3105 2706 3269 2753 suam,
3298 2700 3345 2744 et
3372 2702 3608 2761 sequatur
3634 2695 3754 2747 me.’

2168 2770 2513 2842 [intelligimus
2540 2773 2664 2844 quid
2694 2786 2797 2842 est,
2838 2775 3010 2830 Toltat
3039 2795 3237 2831 crucem
3272 2796 3452 2847 suam;
3490 2785 3751 2836 sustineat

2166 2863 2559 2919 tribulationem
2604 2881 2792 2921 suam:
2839 2869 2981 2922 tollat
3009 2870 3151 2923 enim
3181 2878 3263 2924 est
3289 2869 3459 2939 ferat,
3504 2872 3748 2929 sutlerat.

2163 2957 2452 3023 Patienter,
2486 2960 2679 3029 inquit,
2710 2960 2935 3029 accipiat
2962 2962 3139 3015 omnia
3166 2978 3285 3032 qua:
3311 2964 3506 3032 patitur
3526 2973 3752 3035 propter

2162 3064 2268 3102 me.
2313 3046 2380 3100 Et
2421 3059 2658 3119 sequatur
2687 3066 2785 3103 me.
2826 3050 2978 3118 Quo?
3021 3053 3139 3119 Quo
3182 3069 3304 3107 eum
3350 3056 3593 3109 novimus
3638 3059 3750 3112 isse

2164 3149 2282 3209 post.
2308 3142 2775 3195 resurrectionem.
2807 3142 3061 3198 Ascendit
3086 3144 3228 3198 enim
3256 3146 3306 3199 in
3335 3146 3553 3213 emtum,
3577 3156 3631 3201 et
3660 3163 3749 3201 se-

2160 3232 2253 3287 det
2282 3232 2348 3287 ad
2374 3233 2651 3287 dexteram
2679 3235 2870 3289 Patris.
2901 3234 2977 3289 lbi
3006 3252 3103 3291 nos
3130 3238 3291 3292 etiam
3318 3240 3615 3293 collocavit.
3655 3239 3743 3294 ln-

2163 3326 2316 3379 tcrint
2351 3326 2615 3396 prmcedat
2643 3342 2787 3397 spes,
2828 3336 2889 3382 ut
2924 3339 3174 3399 sequatur
3202 3346 3309 3385 res.
3345 3330 3622 3398 Quomodo
3649 3331 3745 3387 de-

2159 3417 2282 3471 beat
2310 3416 2616 3487 prtecedere
2645 3433 2789 3487 spes,
2818 3428 3081 3474 noverunt
3105 3421 3195 3490 qui
3225 3420 3479 3487 audiunt,
3519 3422 3744 3478 Sursum

2159 3523 2273 3562 cor.
2303 3508 2489 3563 Restat
2516 3517 2691 3562 autem
2722 3526 2985 3580 quaerere,
3028 3521 3283 3582 quantum
3317 3513 3530 3584 adjuvat
3557 3515 3743 3569 Domi-

2160 3617 2296 3668 nus,
2324 3610 2378 3655 et
2402 3601 2704 3669 discutere,
2745 3612 2803 3658 et
2838 3603 2930 3659 illo
2971 3606 3246 3675 aperiente
3276 3606 3507 3674 intrare,
3552 3618 3606 3663 et
3646 3609 3747 3663 illo

2158 3692 2389 3747 donante
2418 3693 2674 3760 invenire,
2706 3703 2759 3749 et
2787 3696 2939 3750 vobis
2968 3696 3110 3766 quod
3142 3698 3382 3755 invenire
3412 3702 3748 3770 potuerimus

2157 3786 2495 3855 depromere,
2535 3787 2663 3856 quid
2692 3787 2762 3841 sit
2803 3788 2943 3857 quod
2986 3790 3092 3855 ait,
3140 3789 3301 3862 Neget
3342 3809 3416 3847 se.
3462 3794 3747 3861 Quomodo

2159 3886 2315 3946 negat
2340 3891 2399 3931 se
2425 3877 2513 3946 qui
2541 3886 2685 3931 amat
2721 3879 2816 3933 se?
2844 3878 2917 3933 Ita
2948 3896 3077 3935 vero
3115 3883 3338 3938 rationis
3366 3893 3469 3947 cst,
3502 3885 3597 3940 sed
3637 3885 3743 3939 hu-

2158 3983 2371 4022 manm:
2421 3967 2582 4022 homo
2628 3968 2759 4024 mihi
2800 3969 2964 4053 dicit,
3013 3972 3291 4039 Quomodo
3337 3984 3497 4047 negat
3540 3992 3603 4032 se
3644 3980 3740 4048 qui

2156 4069 2301 4115 amat
2323 4061 2419 4116 se?
2444 4060 2550 4117 Sed
2576 4061 2705 4117 dicit
2730 4063 2869 4118 Deus
2895 4064 3131 4134 homini,
3173 4065 3342 4138 Neget
3369 4083 3463 4135 se,
3508 4071 3551 4123 si
3598 4083 3745 4125 amat

2158 4168 2236 4208 se.
2266 4153 2508 4208 Amando
2533 4154 2675 4208 enim
2713 4171 2792 4220 se,
2831 4156 3009 4226 perdit
3047 4172 3105 4213 se
3133 4176 3149 4214 :
3182 4161 3423 4230 negando
3457 4176 3516 4217 se
3539 4204 3555 4227 ,
3590 4162 3743 4218 inve-

2158 4245 2237 4300 nit
2261 4261 2339 4301 se.
2386 4245 2485 4311 Qui
2526 4254 2697 4313 amat,
2737 4246 2928 4317 inquit,
2959 4249 3181 4303 animam
3208 4267 3353 4305 suam
3377 4293 3392 4317 ,
3421 4254 3599 4323 perdet
3628 4272 3742 4307 eam

2158 4335 2337 4410 (Joan.
2370 4352 2466 4401 xu,
2488 4333 2603 4407 25).
2626 4336 2791 4391 Jussit
2819 4338 2908 4407 qui
2937 4340 3083 4394 novit
3108 4340 3234 4411 quid
3253 4341 3458 4411 jubeal,
3487 4345 3607 4413 quia
3633 4347 3739 4401 scit

2156 4429 2437 4483 consulere
2475 4428 2563 4498 qui
2594 4428 2742 4483 novit
2779 4428 3060 4495 instruere,
3100 4440 3155 4487 et
3193 4434 3340 4488 novit
3368 4450 3617 4505 reparare
3644 4439 3738 4508 qui

2156 4518 2401 4589 dignatus
2430 4527 2512 4573 est
2536 4534 2742 4575 creare.
2788 4521 2887 4586 Qui
2914 4532 3072 4589 amat,
3103 4524 3302 4593 perdat.
3346 4524 3610 4582 Luctuosa
3656 4547 3744 4582 res

2155 4620 2238 4664 est
2283 4609 2505 4679 perdere
2540 4610 2678 4679 quod
2729 4627 2897 4667 amas.
2946 4613 3050 4669 Sed
3098 4615 3361 4672 interdum
3408 4628 3463 4674 et
3508 4621 3743 4689 agricola

2156 4701 2330 4772 perdit
2354 4700 2497 4771 quod
2523 4706 2772 4757 seminat.
2799 4703 3029 4771 Profert,
3058 4708 3278 4777 spargit,
3310 4710 3510 4780 abjicit,
3538 4712 3741 4768 obruit.

2155 4792 2291 4860 Quid
2317 4794 2561 4849 miraris?
2587 4792 2692 4850 lste
2715 4804 3052 4865 contemptor
3085 4805 3142 4852 et
3180 4799 3416 4868 perditor
3439 4816 3631 4856 avarus
3660 4814 3746 4857 est

2157 4900 2381 4941 messor.
2410 4886 2547 4954 Quid
2576 4886 2770 4942 factum
2800 4888 2903 4953 sit,
2949 4888 3120 4945 hiems
3162 4900 3216 4945 et
3259 4901 3416 4948 aestas
3461 4895 3741 4965 probavit;

2156 4977 2392 5033 Ostendit
2421 4978 2514 5034 tibi
2541 4979 2791 5050 gaudium
2820 4981 3071 5035 metentis
3095 4984 3376 5039 consilium
3405 4987 3741 5049 seminantis.

2175 5132 2237 5152 “⁹
2261 5131 2698 5182 Emendatusadd.
2722 5139 2823 5184 r.t.
2848 5147 2895 5183 v.
2921 5140 2973 5184 et
3001 5133 3217 5184 adsirm.

2238 5194 2290 5254 a)
2312 5194 2453 5254 Alias,
2477 5196 2605 5244 inter
2620 5195 2971 5245 sit-mondianos
2990 5195 3068 5246 29.

2242 5255 2291 5319 b)
2314 5263 2447 5322 nunc
2470 5255 2594 5322 Beda
2622 5256 3076 5322 nondum_vulgatus
3097 5258 3155 5306 ad
3178 5257 3323 5308 Galat.
3346 5275 3378 5308 ιι
3402 5261 3613 5322 appellat
3629 5276 3742 5313 ser-

2155 5316 2349 5382 monem
2375 5336 2396 5363 ι
2417 5318 2483 5366 de
2504 5316 2594 5377 Qui
2614 5324 2744 5382 amat
3003 5330 3163 5382 suam,
3181 5322 3351 5382 perdet
3374 5316 3497 5371 eain.
3525 5341 3546 5365 ι
3578 5324 3747 5377 Florus

2156 5380 2347 5429 ibidem‘
2362 5391 2641 5429 sermonem
2670 5397 2692 5424 ι
2711 5379 2778 5430 de
2800 5380 2971 5431 verbis
2993 5379 3191 5429 Domini.
3219 5397 3242 5425 ι
3270 5389 3506 5432 Caeterum
3539 5385 3669 5436 hunc
3694 5396 3748 5436 et

2156 5439 2275 5491 alios
2290 5440 2520 5505 quosdam
2541 5440 2895 5505 antecedentes
2904 5454 2971 5505 ac
2986 5442 3351 5505 subsequentes
3366 5445 3431 5493 de
3456 5448 3601 5497 {Natali
3626 5456 3726 5497 star

2156 5501 2334 5571 tyrum',
2349 5503 2431 5565 qui
2455 5516 2516 5551 ex
2542 5501 2834 5552 lectionariis
2857 5503 2972 5571 editi
2987 5501 3184 5571 fuerunt
3197 5516 3465 5564 sermones,
3486 5508 3610 5557 haud
3625 5523 3751 5571 qua-

2156 5576 2299 5626 quam
2324 5565 2540 5627 integros
2579 5576 2691 5613 esse
2715 5564 2927 5614 ostendit
2955 5576 3088 5625 saepe
3111 5568 3259 5615 scissa
3283 5574 3333 5615 et
3355 5580 3450 5617 non
3490 5574 3610 5621 satis
3630 5564 3746 5622 eoe-

2156 5636 2288 5675 stans
2308 5628 2535 5675 orationis
2546 5627 2720 5674 series.

2222 5688 2292 5751 (c)
2316 5693 2453 5736 Forte
2476 5685 2632 5750 aliqua
2658 5686 2734 5735 hic
2752 5689 3090 5748 prieternuissa.
