4108 6326
426 307 561 367 Hb?

421 426 564 495 Ergo
598 423 684 494 qui
710 432 845 478 amat
872 424 1092 477 animant
1135 438 1316 487 suam,
1358 420 1528 492 perdet
1568 436 1694 473 eam.
1750 417 1848 486 Qui
1891 416 1997 471 fru-

420 528 566 571 ctum
588 518 639 570 in
656 532 717 571 ea
742 517 952 586 qumrit,
967 516 1193 569 seminet
1211 530 1347 569 eam.
1372 513 1483 569 Hoc
1498 524 1720 583 estergo
1742 520 1896 581 neget
1914 522 1995 576 se,

422 624 490 663 ne
517 623 762 677 perverse
785 622 901 661 eam
930 605 1157 661 amando
1184 606 1367 675 perdat
1391 620 1467 657 se.

491 700 548 753 3.
588 700 744 751 Amor
785 699 863 751 sui
911 715 1193 766 pervorsus,
1243 698 1405 751 verius
1444 706 1516 751 est
1553 695 1631 751 sui
1667 702 1995 763 contemptus.

424 790 664 844 Pecunia:
706 806 849 842 amor
888 807 1043 857 usque
1088 790 1154 841 ad
1194 790 1382 841 anima:
1421 797 1783 855 contemptum.
1832 784 1998 839 Nemo

422 881 563 934 enim
609 888 692 935 est
737 881 825 950 qui
870 896 972 933 non
1028 896 1087 935 se
1131 890 1303 944 amet;
1355 879 1448 934 sed
1498 889 1673 933 rectus
1716 892 1866 930 amor
1918 884 1999 929 est

420 972 737 1043 qu:erendns
761 1013 773 1035 ,
819 988 1099 1042 pervorsus
1137 972 1422 1026 cavendus.
1456 969 1703 1041 Quisquis
1731 970 1873 1024 enim
1920 968 2000 1022 di-

424 1068 585 1121 misso
623 1068 733 1121 Deo
762 1067 1019 1121 amaverit
1057 1081 1115 1120 se
1138 1108 1152 1128 ,
1194 1065 1464 1136 Deumque
1509 1063 1769 1119 dimiserit
1810 1077 1997 1117 aman-

421 1158 493 1211 do
542 1175 623 1225 se,
668 1175 769 1211 non
818 1166 1055 1212 remanet
1096 1172 1196 1211 nec
1240 1157 1289 1210 itt
1334 1172 1415 1221 se,
1464 1154 1557 1210 sed
1603 1155 1711 1208 exit
1757 1162 1810 1208 et
1841 1168 1869 1205 ιι
1917 1166 1996 1206 se.

422 1249 546 1304 Exit
603 1249 750 1319 exsul
799 1249 1028 1318 pectoris
1085 1249 1195 1309 sui,
1256 1245 1646 1302 contemnendo
1700 1244 1995 1309 interiora,

422 1338 651 1393 amando
717 1339 1000 1392 exteriora.
1064 1337 1199 1403 Quid
1255 1336 1402 1391 dixi?
1467 1337 1665 1391 Omnes
1714 1335 1801 1406 qui
1862 1334 1997 1387 mala

427 1429 643 1494 faciunt,
675 1447 849 1485 nonne
876 1431 1252 1485 conscientiam
1282 1446 1431 1484 suam
1470 1426 1854 1483 contemnunt?
1892 1427 1999 1482 Po-

425 1522 502 1574 nit
528 1531 702 1574 autent
732 1520 949 1575 modum
982 1520 1243 1590 iniquitati
1283 1536 1425 1586 suae,
1466 1520 1703 1590 quisquis
1729 1518 2000 1573 erubuerit

420 1612 766 1666 conscientia:
817 1628 945 1665 sum.
997 1612 1139 1683 Ergo
1185 1614 1305 1682 quia
1354 1613 1672 1681 tontetnpsit
1730 1612 1894 1666 Deum
1943 1620 2001 1666 ut.

421 1710 625 1756 amaret
651 1718 727 1767 se,
760 1702 987 1757 amando
1014 1701 1140 1756 foris
1170 1702 1308 1773 quod
1339 1718 1442 1756 non
1474 1711 1554 1756 est
1585 1703 1720 1771 ipse,
1756 1710 1997 1756 contem-

422 1796 525 1863 psit
553 1805 605 1848 et
633 1811 714 1849 se.
744 1794 930 1850 Videte
949 1838 963 1859 ,
1004 1795 1182 1850 audite
1214 1795 1525 1866 Apostolum
1556 1794 1678 1848 huic
1707 1793 1886 1848 sensui
1916 1801 1999 1848 te-

424 1888 727 1941 stimonium
761 1888 1121 1958 perbibentem
1149 1907 1161 1942 :
1192 1888 1257 1943 In
1285 1890 1565 1943 novissimis
1584 1930 1597 1949 .
1629 1888 1829 1958 inquit,
1870 1898 1993 1941 tent-

420 1979 623 2044 poribus
668 1981 922 2035 instabunt
961 1992 1187 2050 tempora
1226 1982 1522 2051 periculosa.
1554 1981 1682 2047 Qua:
1712 1989 1834 2034 sunt
1864 1988 1996 2033 tem-

423 2086 548 2137 pora
573 2071 906 2140 periculosa?
932 2072 1095 2125 Erunt
1124 2073 1349 2126 homines
1374 2090 1425 2126 se
1450 2073 1586 2143 ipsos
1612 2082 1855 2125 amantes.
1889 2070 2000 2127 lloc

419 2171 498 2215 εει
529 2171 685 2229 caput
716 2163 858 2217 ntali.
892 2163 1176 2217 Videamus
1205 2178 1331 2233 ergo
1358 2164 1401 2217 si
1434 2171 1709 2217 remanent
1738 2162 1818 2217 vel
1842 2162 1893 2216 in
1916 2177 1997 2228 se,

421 2251 648 2305 amando
693 2268 787 2318 se;
836 2254 1109 2308 videamus
1140 2295 1154 2317 ,
1207 2254 1483 2308 audiamus
1531 2252 1670 2322 quod
1718 2254 1997 2322 sequitur:

424 2343 607 2406 Erunt,
642 2345 829 2413 inquit,
864 2346 1087 2399 homines
1112 2364 1165 2399 se
1189 2346 1326 2416 ipsos
1355 2356 1600 2406 amantes,
1638 2353 1884 2397 amatores
1914 2361 1999 2414 pe-

419 2436 585 2487 cunia:
629 2435 711 2504 (ιι
741 2434 874 2488 Tim.
903 2453 953 2489 Ill
979 2478 991 2496 ,
1036 2437 1087 2499 l,
1130 2435 1223 2509 2).
1270 2436 1369 2490 Ulti
1410 2452 1468 2490 es
1509 2436 1597 2506 qui
1646 2445 1696 2490 te
1747 2435 2000 2489 amabas?

422 2524 623 2595 Nempe
653 2526 780 2582 foris
808 2542 887 2581 es.
934 2527 1082 2597 Rogo
1114 2535 1199 2593 te,
1242 2528 1460 2596 pecunia
1506 2526 1757 2595 numq‘id
1804 2536 1857 2578 tu
1897 2524 1999 2579 es?

420 2613 621 2683 Nempe
671 2616 759 2680 qui
791 2616 1034 2685 neglecto
1078 2616 1189 2669 Deo
1228 2616 1415 2668 amasti
1458 2624 1530 2676 te.
1570 2614 1798 2668 amando
1832 2629 1997 2684 pecu-

420 2706 560 2757 niam
592 2705 872 2759 deseruisti
903 2715 955 2760 et
984 2715 1056 2760 te.
1087 2706 1240 2761 Prius
1280 2706 1582 2768 deseruisti,
1614 2713 1794 2775 postea
1824 2704 1999 2774 perdi-

419 2795 569 2851 disti.
598 2795 745 2849 Fecit
771 2796 911 2849 euint
938 2811 1091 2850 amor
1116 2796 1351 2866 pecunia:
1380 2804 1437 2850 ttt
1464 2795 1719 2867 perderes
1746 2804 1815 2850 te.
1847 2794 1997 2851 Men-

421 2888 537 2940 tiris
561 2897 779 2957 pmpter
801 2889 1077 2957 pecuniam
1102 2905 1115 2941 :
1148 2888 1219 2941 0s
1244 2887 1377 2956 quod
1406 2888 1661 2952 mentitur,
1685 2888 1864 2940 occidit
1887 2886 1997 2939 ani-

422 2994 554 3029 mant
585 2978 603 3046 (
632 2977 762 3047 Sap.
810 2994 863 3043 t,
914 2979 973 3032 Η
1090 2978 1228 3033 Ecce
1268 2994 1388 3033 cum
1433 2980 1626 3046 qntcris
1672 2978 1948 3047 pecuniam
1978 3018 1993 3041 ,

423 3066 699 3135 perdidisti
744 3068 976 3123 animam
1023 3077 1185 3122 tuam.
1233 3068 1416 3123 Profer
1452 3071 1700 3123 trutinam
1738 3070 1992 3137 veritatis,

418 3174 525 3211 non
575 3159 876 3227 cupiditatis
923 3177 937 3214 :
994 3160 1173 3229 profer
1223 3169 1512 3228 stateram,
1568 3163 1659 3216 sed
1713 3164 1950 3217 veritatis
1979 3205 1994 3228 ,

421 3264 525 3301 non
582 3250 915 3319 cupiditatis;
975 3251 1191 3321 profer,
1242 3253 1465 3305 obsecro
1526 3260 1606 3317 te,
1662 3262 1716 3307 et
1764 3269 1899 3322 pone
1942 3253 1994 3308 in

421 3354 522 3393 una
579 3349 727 3409 parte
781 3342 1094 3410 pecuniam,
1147 3343 1199 3396 in
1254 3345 1415 3395 altera
1452 3322 1717 3397 ianiutatn.
1772 3344 1889 3398 Jatu
1941 3354 1995 3400 tu

417 3430 716 3497 appendis,
774 3441 829 3485 et
877 3447 941 3485 ex
1016 3433 1303 3501 cupiditate
1371 3433 1734 3487 fraudulentos
1805 3433 1996 3501 digitos

418 3521 671 3585 adhibes;
702 3521 782 3573 vis
812 3533 867 3573 ut
914 3532 1116 3591 mergat
1162 3538 1284 3593 pars
1332 3538 1451 3592 qua:
1496 3524 1651 3577 habet
1697 3526 1991 3593 pecuniam.

421 3612 583 3675 Pone,
636 3612 742 3666 noli
795 3615 1095 3685 appendere
1138 3632 1151 3668 :
1210 3614 1445 3668 fraudem
1504 3615 1581 3668 vis
1632 3614 1809 3671 facere
1864 3632 1993 3671 con-

422 3717 499 3759 tra
531 3716 614 3770 te;
638 3706 793 3760 video
817 3706 941 3777 quid
969 3722 1111 3777 agas.
1140 3707 1455 3777 Prarpottcre
1481 3708 1557 3761 vis
1585 3711 1857 3777 pecuniam
1882 3710 1997 3764 ani-

424 3815 524 3853 ma:
553 3811 688 3860 tute;
722 3801 932 3854 mentiri
964 3811 1177 3871 propter
1224 3802 1385 3864 illam,
1430 3803 1649 3870 perdere
1692 3804 1867 3857 istam.
1897 3805 1998 3859 Po-

422 3906 509 3956 ne,
538 3891 675 3945 Deus
704 3891 1001 3960 appendat;
1029 3893 1115 3961 qui
1154 3892 1321 3945 nescit
1360 3893 1487 3952 falli,
1523 3910 1621 3948 nec
1652 3893 1852 3960 fallere,
1885 3895 1996 3964 ipse

420 3981 702 4050 appendat.
750 3984 884 4037 Ecce
932 3983 1042 4052 ipse
1089 3984 1373 4052 ap,eudit;
1407 3984 1525 4037 vide
1569 3985 1992 4056 appendentem,

419 4074 541 4127 audi
590 4074 1018 4127 renuntiantem:
1070 4074 1206 4140 Quid
1238 4076 1441 4146 prodest
1486 4075 1713 4142 homini,
1756 4078 1800 4130 si
1841 4087 1999 4134 totum

422 4166 666 4219 mundum
696 4167 953 4221 lucretur?
986 4167 1089 4219 Vox
1120 4167 1295 4219 divina
1323 4152 1422 4231 est,
1453 4184 1551 4221 vox
1578 4179 1659 4222 est
1688 4170 1991 4238 appendeu-

423 4256 506 4316 tis,
530 4272 625 4309 nec
647 4257 909 4319 fallentis;
932 4257 1299 4321 renuntiantis,
1328 4257 1685 4312 adutOncntis.
1710 4259 1789 4313 Tu
1815 4260 1865 4314 in
1887 4277 1987 4314 una

423 4353 571 4413 parte
600 4346 874 4414 pecuniam
910 4348 1142 4415 ponebas
1164 4387 1178 4409 ,
1223 4356 1276 4400 et
1306 4348 1355 4400 itt
1387 4348 1549 4401 altera
1577 4350 1842 4414 animant;
1875 4351 1995 4406 vide

420 4437 506 4490 ubi
535 4438 753 4507 posuisti
785 4439 1081 4506 pecuniam.
1112 4437 1245 4505 Quid
1280 4439 1562 4507 respondet
1592 4442 1676 4508 qui
1706 4440 1993 4509 appendit?

418 4529 496 4582 'fu
544 4529 821 4598 pecuniam
866 4529 1122 4599 posuisti:
1158 4530 1292 4593 Quid
1338 4530 1537 4598 prodest
1582 4530 1790 4595 honuni,
1828 4533 1873 4585 si
1914 4541 1993 4585 to-

377 4631 523 4672 itunt
563 4620 805 4672 mundum
851 4620 1087 4684 lucretur,
1136 4623 1318 4672 anitum
1371 4632 1534 4673 autem
1570 4638 1674 4675 sua’
1720 4624 1990 4677 detrimen-

415 4723 520 4763 tum
544 4713 768 4781 patiatur
797 4710 1006 4783 (Matth.
1034 4727 1148 4775 xw,
1173 4710 1265 4783 26)
1284 4713 1565 4767 ?Animatn
1593 4723 1767 4768 autem
1790 4730 1993 4785 appen-

418 4803 545 4856 dere
589 4804 802 4857 volebas
837 4819 956 4856 cum
986 4805 1130 4857 lucro
1157 4822 1168 4856 :
1198 4805 1439 4873 appendc
1467 4820 1588 4858 cum
1633 4808 1849 4861 mundo.
1886 4808 1992 4863 Vo-

418 4893 562 4947 lebas
603 4909 718 4948 eam
763 4894 1004 4963 perdere,
1054 4901 1112 4947 ιιι
1153 4894 1248 4947 abs
1293 4903 1344 4949 te
1391 4896 1755 4963 acquiri-retur
1801 4906 1988 4953 terra:

418 4986 533 5052 plus
564 4984 723 5038 habet
747 4984 845 5040 iSta
880 4984 1153 5053 ponderis,
1183 5002 1339 5053 quant
1367 4988 1558 5039 caelum
1593 4996 1647 5039 et
1687 4997 1843 5041 terra.
1887 4989 1991 5045 Sed

416 5078 543 5130 iacis
594 5077 727 5143 hoc,
769 5077 889 5147 quia
933 5076 1249 5131 dimitlcndo
1299 5078 1501 5144 Deum,
1549 5088 1601 5132 et
1647 5079 1873 5133 amando
1918 5090 1989 5147 te,

422 5168 576 5220 existi
606 5178 656 5222 et
683 5183 712 5220 a
743 5178 822 5232 te;
852 5178 904 5221 ct
928 5169 1026 5221 alia
1055 5167 1192 5236 jam,
1234 5185 1349 5237 qut-.e
1377 5179 1499 5222 sunt
1529 5168 1842 5236 forinsecus,
1872 5172 1991 5240 plu-

415 5259 488 5311 ris
515 5259 747 5311 atstimas
775 5274 930 5327 quam
964 5268 1033 5313 te.
1062 5258 1191 5312 Dedi
1222 5258 1288 5312 ad
1316 5268 1367 5313 te
1395 5277 1409 5313 :
1438 5259 1531 5315 sed
1561 5261 1748 5315 iterum
1778 5278 1990 5319 sursum

418 5364 604 5403 versus
630 5365 749 5403 cum
782 5349 1004 5403 redieris
1029 5350 1093 5402 ad
1122 5359 1191 5411 te,
1216 5350 1322 5403 noli
1354 5366 1628 5405 remanere
1656 5353 1707 5405 itt
1736 5362 1803 5407 te.
1841 5355 1989 5409 Prius

417 5440 482 5493 sb
509 5440 591 5493 bis
617 5440 887 5507 qum‘foris
906 5451 1028 5494 sunt
1055 5440 1165 5494 redi
1192 5441 1256 5494 ad
1287 5450 1357 5507 te,
1384 5451 1435 5495 et
1460 5442 1652 5497 deinde
1674 5444 1834 5499 redde
1864 5454 1914 5500 te
1940 5448 1987 5502 ei

413 5532 502 5600 qui
532 5530 653 5585 fecit
680 5539 751 5594 te,
780 5540 833 5584 et
860 5530 1119 5600 perditum
1147 5533 1387 5600 quaesivit
1418 5542 1488 5596 te,
1516 5543 1570 5588 ct
1609 5534 1876 5603 fugitivum
1909 5540 1988 5591 itt-

414 5621 563 5675 venit
589 5632 659 5685 te,
685 5630 739 5675 et
767 5627 1010 5676 avers'um
1035 5622 1293 5675 convertit
1320 5631 1371 5677 te
1397 5622 1461 5676 ad
1487 5638 1563 5678 se.
1600 5622 1735 5677 l‘tedi
1765 5639 1890 5694 ergo
1919 5627 1983 5680 nd

415 5722 487 5779 te,
511 5722 563 5768 et
590 5713 722 5770 vade
750 5712 817 5770 ad
844 5712 988 5770 illum
1014 5715 1104 5787 qui
1131 5714 1253 5770 fecit
1281 5725 1352 5772 te.
1394 5714 1605 5774 imitare
1636 5715 1800 5773 ﬁlium
1835 5718 1979 5776 illum

1770 304 1999 359 SEltMO
2036 304 2338 360 CCCXXX.

3541 302 3683 358 MSS

2101 416 2398 485 iuniorem;
2428 415 2550 488 quia
2576 414 2712 472 forte
2741 428 2793 473 tu
2818 431 2895 474 es.
2926 417 3128 487 Populo
3162 416 3307 478 dico,
3334 431 3437 469 non
3467 415 3555 469 uni
3581 414 3685 471 ho-

2104 509 2267 573 mini;
2292 510 2393 565 etsi
2421 525 2608 566 omnes
2632 526 2717 565 me
2744 512 2759 543 ¹
2787 511 2971 566 audire
2999 512 3230 582 possint,
3260 523 3369 565 non
3406 508 3527 565 dico
3557 507 3684 575 uni,

2104 600 2199 673 sed
2230 600 2460 657 humano
2481 605 2685 674 generi.
2717 604 2849 660 Redi
2879 620 3027 675 ergo,
3052 614 3169 660 esto
3200 602 3342 659 [ilius
3374 601 3461 656 ille
3481 600 3684 670 junior.

2105 694 2196 765 qui
2228 710 2320 749 sua
2348 696 2642 751 substantia
2668 698 2852 752 vivens
2882 697 3102 767 prodige
3130 696 3370 767 dispersa
3403 704 3458 749 et
3485 693 3688 764 perdita

2102 786 2282 855 eguit,
2316 802 2505 856 porcos
2534 792 2709 859 pavit,
2756 789 2892 844 fame
2922 789 3169 859 fatigatus
3197 786 3501 859 respiravit,
3533 802 3689 841 reco-

2105 879 2205 935 luit
2234 880 2485 933 memoria
2517 892 2721 949 patrem
2751 896 2925 936 suum.
2955 881 3023 935 Et
3046 879 3171 949 quid
3211 878 3279 935 de
3306 880 3396 934 illo
3440 877 3689 948 Evange-

2105 970 2234 1024 lium
2262 970 2427 1024 dicit?
2455 970 2521 1023 Et
2560 988 2786 1026 reversus
2814 971 2881 1026 ad
2909 972 3250 1042 semetipsum.
3280 970 3379 1039 Qui
3409 969 3692 1027 dimiserat

2104 1071 2160 1116 et
2185 1062 2551 1131 semetipsum,
2584 1078 2828 1119 reversus
2852 1063 2917 1117 ad
2946 1064 3313 1135 semetipsum,
3340 1062 3620 1119 videamus
3647 1061 3689 1113 si

2105 1152 2423 1207 remanserit
2447 1152 2501 1206 in
2523 1154 2831 1223 semetipso.
2852 1154 3094 1209 Reversus
3119 1155 3170 1209 in
3190 1154 3510 1226 semetipsum
3533 1152 3688 1215 dixit.

2104 1242 2344 1315 Surgam.
2386 1245 2526 1314 Ergo
2551 1244 2832 1301 ceciderat.
2885 1246 3127 1318 Surgam,
3160 1246 3366 1317 inquit,
3412 1254 3461 1300 et
3504 1243 3586 1300 ibo
3615 1243 3689 1299 ad

2104 1346 2297 1405 patrem
2326 1354 2510 1391 meum.
2550 1336 2690 1393 Ecce
2724 1337 2833 1406 jam
2880 1348 3036 1410 negat
3078 1355 3177 1405 se,
3220 1338 3310 1407 qui
3355 1338 3559 1393 invenit
3598 1352 3681 1393 se.

2103 1424 2381 1493 Quomodo
2406 1427 2592 1497 negat?
2622 1427 2851 1481 Audite:
2894 1428 2958 1481 Et
2995 1428 3159 1482 dicam
3186 1428 3284 1495 illi,
3326 1427 3565 1493 Peccavi,
3595 1426 3682 1481 in~

2102 1515 2236 1586 quit,
2267 1516 2321 1569 in
2348 1517 2549 1581 osclum,
2571 1528 2618 1571 et
2642 1534 2813 1571 coram
2841 1527 2906 1571 te.
2929 1517 3095 1588 Negat
3113 1534 3187 1574 se.
3214 1517 3338 1573 Iam
3357 1536 3459 1574 non
3478 1535 3592 1572 sum
3610 1518 3685 1572 di-

2102 1622 2231 1677 gnus
2251 1613 2417 1660 vocari
2434 1608 2571 1673 [itius
2594 1616 2727 1663 tuus.
2754 1608 2903 1679 (Luc.
2925 1625 3011 1674 xv,
3035 1610 3230 1679 H-l9).
3250 1610 3388 1666 Ecce
3408 1608 3548 1681 quod
3571 1624 3685 1664 san-

2100 1698 2171 1752 cti
2209 1709 2467 1770 martyres
2509 1700 2765 1756 fecerunt.
2805 1702 3250 1773 Contempserunt
3287 1716 3349 1756 ea
3393 1717 3512 1772 qua:
3554 1699 3684 1755 foris

2101 1797 2284 1854 erant;
2316 1803 2502 1844 omnes
2532 1790 2807 1845 illecebras
2836 1789 2993 1861 hujus
3021 1790 3199 1845 saeculi
3220 1832 3236 1857 ,
3260 1806 3447 1846 omnes
3471 1805 3687 1846 errores

2101 1890 2261 1952 atque
2286 1893 2536 1947 terrores,
2558 1883 2813 1953 quidquid
2840 1884 3057 1951 libebat,
3084 1882 3300 1955 quiquid
3329 1882 3580 1949 terrebat,
3604 1891 3689 1937 to-

2102 1983 2212 2028 tum
2241 1984 2695 2046 contempserunt,
2728 1985 2895 2031 totum
2936 1976 3293 2032 calcaverunt.
3326 1975 3594 2029 Venerunt
3630 1982 3687 2030 et

2102 2065 2168 2120 ad
2187 2080 2266 2133 se,
2291 2075 2345 2121 et
2359 2067 2699 2124 attenderunt
2724 2083 2805 2133 se;
2824 2070 3138 2124 invenerunt
3158 2084 3215 2125 se
3233 2070 3285 2123 in
3303 2084 3382 2134 se,
3402 2068 3688 2139 displieue.

2102 2163 2228 2210 runt
2254 2157 2352 2212 sibi
2379 2177 2393 2213 :
2422 2157 2486 2212 ad
2515 2174 2634 2213 eum
2653 2170 3022 2227 cucurrerunt,
3041 2176 3068 2214 a
3088 2176 3191 2229 quo
3222 2159 3597 2225 formarentur,
3630 2162 3683 2216 in

2102 2263 2208 2317 quo
2240 2248 2635 2313 reviviscerent,
2666 2251 2715 2303 itt
2743 2266 2848 2320 quo
2875 2260 3229 2316 remanerent,
3261 2251 3312 2305 in
3344 2266 3449 2319 quo
3488 2252 3689 2321 periret.

2102 2337 2242 2406 quod
2268 2339 2363 2407 ipsi
2387 2354 2481 2408 per
2497 2348 2665 2394 semet
2686 2341 2827 2411 ipsos
2847 2356 2965 2395 esse
2985 2350 3275 2410 cmperant,
3304 2352 3357 2396 et
3377 2341 3477 2397 hoc
3497 2359 3683 2397 manc-

2103 2438 2184 2485 ret
2197 2430 2336 2501 quod
2355 2431 2405 2484 in
2423 2432 2498 2484 eis
2517 2431 2629 2500 ipse
2643 2432 2970 2487 condiderat.
2986 2433 3095 2486 lloc
3110 2442 3191 2486 est
3206 2448 3397 2503 negare
3412 2447 3469 2487 se
3487 2434 3681 2504 ipsum.

2172 2521 2224 2575 4.
2259 2520 2401 2575 Petri
2412 2522 2560 2575 timor
2587 2524 2759 2576 audita
2786 2526 2954 2593 futura
2980 2524 3213 2594 passione
3236 2522 3447 2580 Christi.
3482 2524 3689 2596 Negare

2102 2626 2155 2664 se
2182 2611 2323 2683 quid.
2356 2611 2469 2666 Hoc
2496 2612 2684 2667 Petrus
2727 2613 3000 2685 apostolus
3030 2614 3263 2669 nonduin
3292 2624 3501 2684 poterat
3527 2630 3685 2685 cape-

2102 2717 2181 2770 re,
2210 2703 2419 2772 quando
2441 2704 2665 2758 Domino
2686 2714 2867 2759 nostro
2888 2704 3014 2760 Jesu
3045 2706 3258 2761 Christo
3274 2721 3424 2760 suam
3446 2724 3686 2776 praenun-

2101 2795 2250 2849 tianti
2266 2794 2544 2864 passiouen
2561 2795 2633 2849 ait
2652 2794 2862 2850 :Absita
2876 2804 2942 2861 te,
2964 2795 3195 2861 Domine,
3216 2812 3315 2849 non
3328 2797 3413 2865 [iet
3431 2796 3683 2850 istud.Ti-

2100 2888 2279 2942 mebat
2300 2903 2366 2942 ne
2392 2887 2493 2942 vita
2512 2898 2828 2943 moreretur.
2844 2888 3017 2953 Modo,
3039 2904 3158 2943 cum
3172 2899 3411 2943 sanctum
3436 2890 3682 2959 Evange-

2101 2981 2229 3035 lium
2258 2982 2540 3051 legeretur,
2569 2981 2789 3036 audistis
2815 2981 2940 3052 quid
2992 2981 3178 3037 beatus
3224 2982 3412 3037 Petrus
3455 2998 3681 3052 respon-

2100 3074 2238 3129 derit
2265 3074 2526 3129 Salvatori
2553 3075 2853 3143 passionem
2894 3090 3043 3128 suam
3095 3090 3190 3143 pro
3231 3074 3387 3128 nobis
3433 3090 3683 3143 praenun-

2102 3166 2273 3231 tianti,
2302 3173 2357 3220 et
2378 3165 2604 3234 quodam
2633 3164 2791 3219 modo
2820 3165 3169 3232 promittenti.
3190 3165 3444 3234 Captivus
3469 3173 3685 3218 contra-

2098 3257 2309 3312 dieebat
2340 3256 2705 3326 Redemptori.
2733 3256 2869 3325 Quid
2894 3257 3040 3327 agis,
3077 3256 3374 3325 Apostole?
3416 3256 3691 3326 quomodo

2099 3350 2458 3406 eorttradicis?
2487 3350 2755 3421 quomodo
2794 3350 2928 3403 dicis
2952 3391 2967 3414 ,
3000 3348 3121 3402 Non
3176 3351 3261 3416 ﬁet
3310 3349 3446 3401 istud
3487 3349 3512 3401 .9
3542 3348 3685 3417 Ergo

2101 3442 2356 3495 Dominus
2388 3457 2490 3495 non
2521 3449 2605 3496 est
2636 3442 2925 3508 passurus?
2953 3439 3269 3494 Scaudalum
3316 3438 3409 3495 tibi
3456 3439 3691 3496 verbum-

2099 3533 2272 3586 crucis
2296 3549 2309 3585 τ
2342 3531 2685 3599 pereuntibus
2713 3530 2931 3584 stultitia
2984 3540 3086 3583 εει.
3114 3528 3478 3584 Reditnendus
3499 3545 3559 3585 es
3586 3570 3600 3595 ,
3629 3540 3685 3586 ct

2099 3623 2380 3677 mercatori
2398 3622 2741 3677 contradicis?
2756 3622 2972 3675 Dimitte
2991 3620 3387 3690 patiaturznovit
3400 3620 3522 3689 quid
3538 3631 3680 3691 agat.

2100 3714 2245 3769 novit
2269 3729 2434 3784 quare
2458 3715 2685 3778 venerit,
2718 3715 2865 3766 novit
2900 3711 3167 3782 quomodo
3190 3722 3240 3765 te
3268 3720 3471 3780 qumrat
3491 3752 3506 3776 ,
3534 3712 3688 3766 novit

2098 3806 2364 3877 quomodo
2393 3814 2444 3860 te
2488 3805 2742 3861 inveniat.
2773 3804 2889 3859 Noli
2910 3803 3105 3857 docere
3142 3802 3453 3873 magistrum
3484 3811 3632 3857 tuum
3664 3821 3678 3865 ;

2099 3911 2278 3968 qurere
2302 3896 2368 3952 de
2392 3898 2555 3951 latere
2585 3895 2751 3964 ipsius
2784 3896 3007 3964 pretium
3043 3902 3210 3947 tuuut.
3237 3893 3375 3949 Audi
3423 3902 3476 3947 tu
3505 3893 3684 3964 potius

2098 3990 2452 4060 corrigentem
2486 4006 2498 4041 :
2525 3997 2578 4042 tu
2601 3988 2708 4042 noli
2737 3987 2873 4040 velle
2912 3985 3209 4055 corrigere;
3242 3999 3554 4054 perversum
3572 3994 3680 4043 est.

2101 4087 2483 4149 pratposterum
2514 4085 2616 4133 est.
2644 4076 2780 4130 Audi
2801 4075 2925 4145 qttid
2951 4076 3096 4129 dicat
3125 4094 3137 4129 :
3179 4073 3323 4130 Vade
3343 4084 3455 4146 post
3483 4091 3579 4128 me.
3613 4075 3685 4132 Et.

2100 4173 2219 4242 quia
2247 4171 2334 4225 ille
2358 4169 2508 4234 dixit,
2533 4170 2671 4231 dico;
2697 4168 2915 4223 verbum
2949 4167 3159 4222 Domini
3190 4180 3294 4220 non
3327 4166 3513 4222 tacebo
3534 4208 3549 4232 ,
3582 4182 3680 4220 nec

2098 4260 2356 4329 Apostolo
2382 4260 2755 4314 contumeliam
2786 4257 2940 4313 facio.
2971 4258 3223 4311 Dominus
3270 4256 3515 4312 Christus
3558 4257 3631 4312 ait
3664 4300 3681 4318 ,

2109 4350 2249 4405 Vade
2275 4361 2384 4421 post
2409 4367 2508 4417 me,
2540 4360 2742 4404 satanas
2769 4348 2976 4420 (Matth.
3002 4364 3108 4411 xw,
3132 4346 3223 4413 22,
3253 4346 3560 4416 9.5).Quare
3586 4362 3674 4399 sa-

2101 4444 2284 4497 tanas?
2313 4443 2445 4509 Quia
2470 4443 2551 4496 vis
2577 4442 2654 4495 ire
2693 4452 2817 4495 ante
2844 4455 2948 4494 me.
2990 4439 3104 4493 Non
3136 4439 3215 4493 vis
3264 4453 3383 4493 esse
3411 4448 3624 4492 satanas
3655 4440 3678 4490 ‘.'

2102 4535 2245 4589 Vade
2273 4543 2391 4604 post
2417 4550 2521 4589 me.
2544 4534 2596 4588 Si
2624 4533 2768 4589 enim
2801 4531 2950 4586 vadis
2981 4540 3099 4601 post
3130 4546 3235 4594 me,
3267 4529 3511 4599 sequeris
3544 4545 3628 4583 me
3660 4546 3671 4587 :

2098 4626 2143 4680 si
2174 4625 2416 4695 sequeris
2444 4639 2557 4690 me,
2592 4624 2743 4678 tolles
2768 4637 2981 4677 crucem
3030 4630 3172 4675 tuam
3199 4661 3214 4684 ,
3244 4633 3344 4673 nec
3387 4617 3518 4674 mihi
3571 4620 3672 4673 eris

2096 4715 2472 4780 consiliarius,
2504 4713 2598 4769 sed
2643 4713 2951 4783 discipulus.
3004 4711 3135 4765 Nam
3181 4709 3322 4765 unde
3377 4710 3672 4780 expavisti,

2098 4806 2325 4860 Domino
2367 4815 2591 4859 mortem
2648 4819 2797 4857 suam
2850 4800 3269 4871 praenuntiante?
3328 4801 3471 4855 unde
3512 4816 3677 4868 expa-

2098 4898 2239 4963 visti,
2269 4897 2369 4951 nisi
2412 4898 2534 4966 quia
2564 4907 2617 4951 et
2644 4906 2696 4948 tu
2729 4894 2862 4950 mori
2918 4891 3177 4947 timuisti?
3230 4890 3361 4946 Mori
3406 4891 3676 4951 timendo,

2097 5004 2204 5043 non
2231 4999 2283 5044 te
2310 4990 2547 5058 negasti,
2572 4997 2625 5042 te
2655 4987 2791 5041 male
2817 4984 3068 5049 amando,
3099 4985 3269 5054 ipsum
3298 4985 3521 5056 negasti.
3573 4986 3677 5039 Sed

2096 5091 2280 5151 postea
2304 5080 2487 5134 beatus
2517 5080 2703 5134 Petrus
2746 5078 3019 5147 apostolus
3039 5120 3051 5140 ,
3083 5089 3360 5148 postquam
3394 5088 3476 5134 ter
3518 5095 3679 5148 nega-

2096 5170 2471 5225 vitDominutn
2504 5212 2518 5235 ,
2548 5170 2754 5240 culpam
2806 5168 2946 5225 illam
3002 5168 3178 5225 ﬂendo
3225 5168 3426 5224 delevit
3458 5184 3677 5225 :resur-

2096 5271 2253 5331 gente
2281 5261 2503 5314 Domino
2531 5262 2894 5322 continuatus,
2924 5259 3238 5325 :cdiiicatus,
3267 5275 3362 5328 pro
3393 5259 3486 5313 illo
3535 5277 3677 5314 mor-

2097 5363 2214 5405 tuus
2243 5359 2345 5416 est,
2375 5366 2530 5420 quem
2562 5349 2696 5403 mori
2724 5350 3009 5403 metuendo
3036 5359 3338 5420 negaverat;
3368 5349 3677 5403 conﬁtendo

2096 5451 2322 5498 mortem
2353 5440 2585 5505 invenit,
2608 5439 2702 5494 sed
2733 5448 2958 5494 mortent
3008 5440 3323 5495 inveniendo
3373 5440 3532 5495 vitam
3580 5455 3676 5509 ap.

2096 5532 2395 5603 prehendit.
2422 5533 2484 5585 Et
2515 5546 2648 5586 ecce
2660 5532 2769 5601 jam
2796 5532 2983 5586 Petrus
3010 5550 3114 5586 non
3144 5534 3368 5586 moritur
3392 5550 3406 5595 ;
3443 5543 3681 5603 ιιιιειιιειεειΔ

2092 5670 2178 5779 Νὺξ
2199 5663 2496 5724 είιιιιοιιόιιε,
2544 5664 2631 5715 etsi
2661 5676 2822 5715 omnes
2864 5676 2957 5715 non
3003 5678 3117 5726 me,
3162 5678 3256 5715 ιω.
3282 5666 3450 5725 Abest.
3485 5675 3606 5726 non,
3649 5672 3677 5713 ε
