4036 6456
461 365 597 422 “59

455 480 517 536 iit
543 480 720 534 omnis
749 477 928 538 timor,
971 472 1128 527 nullm
1155 470 1230 525 im
1261 469 1480 525 ulterius
1523 469 1773 539 lacryma:
1797 509 1812 532 ,
1861 465 2041 519 omnia

455 579 827 631 recesserunt,
883 573 1062 620 manet
1114 563 1302 618 beatus
1346 577 1468 617 eum
1517 558 1750 614 Christo.
1806 557 2042 614 Calcavit

454 663 599 715 enim
648 673 838 713 ontues
867 657 996 711 foris
1023 654 1323 716 illecebras,
1353 654 1525 707 minas
1555 660 1714 720 atque
1760 659 1991 704 terrores
2021 663 2038 700 :

455 737 786 822 tzcgavlt'se,
837 749 955 803 tulit
979 763 1193 803 crucem
1219 759 1391 809 suam,
1418 753 1471 798 et
1496 753 1708 798 secutus
1736 752 1817 794 est
1864 738 2042 794 Domi-

457 859 605 897 num.
660 841 794 896 Audi
847 849 900 896 et.
953 839 1256 909 apostolum
1309 836 1531 890 Paulum
1581 843 1862 903 negantem
1915 845 1974 886 se
2023 847 2038 886 :

457 932 609 996 Mihi,
645 932 834 1001 inquit,
875 931 996 984 Ibsit
1025 929 1255 1000 gloriari,
1281 926 1379 980 nisi
1400 926 1450 978 in
1478 940 1625 978 cruce
1658 923 1860 976 Domini
1884 921 2041 974 nostri

454 1021 581 1078 Jesu
608 1023 794 1079 Christi
840 1039 927 1092 per
954 1037 1100 1087 artem
1144 1018 1360 1072 mundus
1390 1016 1519 1070 mihi
1549 1015 1824 1082 cruciﬁxus
1868 1021 1960 1076 est,
1995 1019 2043 1064 et

455 1135 547 1188 ego
575 1119 763 1171 innitth
788 1115 984 1186 (Cultu.
1017 1130 1091 1179 vt,
1119 1113 1231 1179 ll).
1264 1111 1451 1164 Adhuc
1477 1109 1598 1162 audi
1630 1115 1913 1177 negantem
1941 1119 2001 1159 se
2024 1121 2038 1156 :

469 1209 611 1270 Vivo,
665 1209 859 1276 inquit,
885 1223 985 1260 non
1036 1223 1145 1276 ego.
1182 1206 1375 1273 Aperta
1403 1201 1483 1256 sui
1512 1201 1722 1270 negatio
1754 1216 1768 1252 :
1796 1197 1889 1253 sed
1929 1196 2044 1267 jam

457 1301 698 1371 sequitur
725 1301 956 1370 gloriosa
981 1297 1179 1352 Christi
1219 1293 1521 1360 confessio,
1560 1293 1677 1346 virit
1704 1306 1825 1344 vero.
1869 1290 1921 1342 in
1965 1305 2043 1341 me

458 1394 688 1447 Christus
741 1390 858 1465 (Id.
887 1407 960 1455 xt,
986 1389 1103 1460 20).
1145 1388 1280 1454 Quid
1310 1396 1391 1440 est
1429 1402 1576 1454 ergo,
1607 1384 1755 1454 Nega
1796 1383 1882 1437 te?
1923 1381 2038 1436 Noli

458 1496 517 1540 tu
549 1486 660 1553 ipse
687 1485 867 1538 vivere
893 1483 943 1536 iu
977 1491 1027 1536 te
1080 1480 1216 1548 Quid
1245 1489 1322 1533 est
1343 1521 1357 1543 ,
1391 1476 1511 1530 Noli
1558 1485 1610 1528 tu
1643 1474 1755 1544 ipse
1781 1475 1959 1527 vivere
1988 1473 2041 1525 in

459 1579 546 1634 te?
588 1578 705 1633 Noli
755 1576 930 1632 facere
975 1575 1299 1629 voluntatem
1330 1579 1474 1626 tuam
1498 1610 1516 1636 ,
1541 1567 1632 1623 sed
1661 1567 1800 1623 illius
1827 1566 1918 1638 qui
1948 1564 2044 1618 ha-

459 1671 594 1725 bitat
619 1671 670 1724 in
705 1678 778 1723 te.

896 1757 1124 1814 SERMO
1145 1753 1443 1810 cccxxxr
1467 1757 1487 1778 ο
1511 1753 1615 1826 ((ι).

949 1856 998 1899 In
1018 1847 1164 1898 Natali
1190 1855 1439 1911 Martyrum
1456 1845 1546 1908 (b).

529 1955 753 2026 CAPUT
794 1953 1078 2010 PRIMUM.
1127 1983 1198 1992 —
1249 1953 1301 2006 1.
1353 1951 1538 2004 Amare
1583 1960 1632 2002 at
1673 1947 1882 2020 perdere
1927 1946 2041 1999 ani-

459 2065 594 2101 mant
637 2065 818 2111 suam,
865 2045 1060 2099 duobus
1105 2044 1268 2097 modis
1320 2043 1637 2113 intelligitur.
1682 2039 1770 2093 llla
1813 2053 2042 2108 evange-

465 2138 561 2194 l'ca
594 2137 736 2202 tuba,
766 2138 980 2204 quando
1025 2136 1098 2188 ait
1142 2135 1397 2188 Dominus
1426 2174 1440 2197 ,
1491 2132 1592 2199 Qui
1633 2140 1770 2183 autat
1821 2130 2043 2183 animam

458 2244 625 2291 suam,
655 2226 827 2297 perdet
857 2225 1028 2290 illam;
1050 2234 1095 2278 et
1123 2225 1208 2294 qui
1236 2223 1511 2292 perdiderit
1531 2222 1674 2275 illam
1701 2230 1908 2293 propter
1929 2237 2006 2273 me
2027 2261 2041 2283 ,

459 2319 670 2371 inveniet
701 2315 1058 2387 eam(il!atth.
1109 2330 1165 2377 ιι,
1221 2313 1312 2376 59,
1357 2323 1402 2366 et
1443 2310 1601 2365 Joan.
1650 2327 1748 2376 xu,
1794 2309 1904 2380 25)
1931 2350 1947 2375 ,
1978 2308 2044 2364 ad

462 2409 701 2478 przelinm
732 2407 942 2460 accensi
967 2415 1089 2459 sinit
1138 2415 1439 2474 martyres;
1497 2410 1554 2458 et.
1596 2402 1866 2465 vicerunt,
1921 2401 2043 2471 quia

462 2517 566 2556 non
597 2501 664 2554 de
689 2517 771 2565 se,
801 2499 894 2552 sed
917 2498 984 2552 de
1013 2497 1238 2552 Domino
1269 2503 1744 2567 pra‘sumpserunt.
1778 2493 1878 2558 Qui
1908 2501 2046 2544 autat

459 2593 684 2646 animum
735 2608 914 2654 suam,
943 2590 1112 2660 perdet
1140 2589 1302 2642 illam.
1339 2589 1553 2641 Duobus
1604 2585 1781 2641 modis
1824 2584 2046 2654 intelligi

465 2693 662 2754 potest,
690 2682 832 2752 quod
860 2681 1059 2736 dictum
1113 2688 1216 2744 est,
1265 2677 1364 2746 Qui
1413 2686 1550 2730 amat
1605 2677 1828 2730 animant
1856 2692 2001 2729 suam
2029 2716 2044 2740 ,

459 2774 630 2845 perdet
660 2774 824 2828 illum.
851 2771 906 2828 Si
933 2787 1081 2826 amas
1120 2771 1284 2830 illam.
1329 2768 1507 2838 perdis
1534 2783 1671 2821 eam.
1697 2767 1763 2821 Et.
1788 2766 1892 2820 alio
1933 2781 2048 2820 tuo-

461 2865 530 2918 do
564 2882 577 2918 :
609 2863 725 2919 Noli
774 2878 993 2924 amare,
1050 2877 1116 2915 ne
1168 2859 1378 2931 perdas.
1448 2859 1601 2913 Prior
1650 2857 1839 2913 modus
1885 2858 2045 2911 istum

461 2957 620 3012 habet
643 2973 858 3011 sensum
891 2975 904 3010 :
934 2956 990 3012 Si
1017 2971 1190 3022 amas,
1225 2953 1389 3025 perde
1419 2953 1584 3007 illam.
1634 2953 1688 3008 Si
1715 2967 1868 3006 amas
1917 2967 2048 3022 ergo

460 3045 630 3111 illam,
659 3048 702 3101 si
736 3063 904 3111 amas,
931 3045 1091 3115 perde
1120 3046 1283 3100 illam.
1310 3043 1407 3098 llic
1431 3043 1636 3099 semina
1661 3043 1804 3097 illam
1823 3084 1838 3109 ,
1890 3052 1942 3097 et
1993 3042 2045 3096 in

458 3139 600 3193 rario
630 3148 798 3191 metes
829 3137 992 3190 illam.
1015 3134 1265 3205 Agricola
1296 3133 1527 3188 triticum
1557 3133 1602 3186 si
1635 3149 1738 3187 non
1787 3132 1964 3202 perdit
1994 3134 2045 3187 in

457 3230 687 3293 semine,
719 3243 827 3280 non
849 3236 992 3280 amat
1021 3228 1073 3280 in
1102 3212 1299 3281 messe.
1335 3225 1484 3278 Alius
1514 3224 1705 3278 modus
1731 3225 1810 3278 sic
1837 3224 1997 3279 habet
2029 3242 2043 3277 :

461 3321 578 3376 Noli
623 3333 804 3375 amare
855 3319 1030 3384 illam,
1075 3333 1144 3373 ne
1194 3317 1386 3388 perdas
1427 3317 1590 3372 illam.
1646 3316 1906 3372 Videntur
1944 3319 2045 3374 sibi

460 3428 641 3467 amare
691 3412 897 3465 animas
943 3425 1089 3476 suas,
1129 3410 1218 3480 qui
1248 3411 1434 3464 timent
1467 3410 1624 3464 mori.
1676 3410 1895 3466 Animas
1923 3426 2051 3466 suas

463 3513 726 3572 martyres
773 3503 816 3556 si
855 3503 933 3556 sic
973 3511 1265 3568 amassent,
1292 3502 1410 3556 sine
1462 3501 1624 3554 dubio
1668 3501 2044 3570 perdidissent.

459 3593 596 3662 Quid
618 3595 760 3649 enim
793 3593 1071 3662 prodesset
1099 3601 1283 3646 tenere
1313 3591 1544 3645 animam
1595 3593 1648 3644 in
1699 3592 1796 3646 hac
1835 3594 1960 3659 vita,
1993 3604 2048 3649 et

458 3684 683 3756 perdere
713 3688 763 3738 in
797 3683 1010 3737 futura?
1032 3683 1158 3752 quid
1191 3682 1473 3752 prodesset
1502 3691 1685 3737 tenere
1714 3684 1946 3738 animam
1993 3684 2044 3738 in

461 3786 627 3839 terra,
657 3784 708 3829 et
736 3773 964 3843 perdere
992 3760 1249 3828 ἰηόωῐοῖ
1273 3773 1339 3827 Et
1361 3773 1490 3843 quid
1510 3783 1592 3828 est
1618 3773 1787 3842 ipsam
1813 3782 1998 3829 tenere
2023 3774 2051 3827 Ῥ

461 3869 715 3938 quamdiu
746 3867 967 3922 tenere?
986 3866 1136 3934 Quod
1170 3876 1338 3928 tenes,
1363 3867 1500 3935 perit
1544 3881 1574 3920 a
1617 3876 1705 3921 te:
1739 3868 1782 3921 si
1828 3867 2005 3936 perdis
2029 3911 2044 3935 ,

464 3959 669 4014 invenis
693 3958 742 4012 in
776 3967 846 4012 te.
884 3958 1021 4013 Ecce
1051 3966 1336 4013 tenuerunt
1362 3958 1568 4013 animas
1612 3972 1736 4012 suas
1761 3969 2044 4030 martyres.

465 4052 532 4106 Et
576 4049 846 4122 quomodo
872 4059 1053 4105 essent
1081 4059 1366 4122 martyres,
1389 4051 1432 4104 si
1461 4064 1673 4120 semper
1701 4050 1996 4104 tenuissent
2027 4052 2050 4104 ?

462 4143 568 4198 Sed
602 4157 726 4197 ecce
755 4142 796 4195 si
833 4142 1151 4206 tenuissent,
1181 4139 1438 4210 ntnnquld
1460 4155 1628 4211 usque
1654 4141 1704 4194 in
1734 4139 2048 4196 hodiernum

463 4235 755 4291 vixissent?
781 4234 834 4290 Si
867 4233 1109 4304 negando
1134 4221 1407 4288 Christum
1437 4248 1562 4287 suas
1585 4233 1638 4286 in
1671 4231 1773 4287 hac
1797 4232 1899 4286 vita
1929 4238 2048 4287 ani-

465 4341 580 4383 mas
633 4325 949 4392 tenuissent,
980 4341 1157 4379 nonne
1181 4324 1310 4378 olim
1339 4338 1406 4378 ex
1435 4322 1536 4378 hac
1565 4323 1669 4378 vita
1709 4325 2042 4391 transissent,

461 4429 515 4474 et
541 4417 746 4474 animas
773 4415 954 4488 utique
977 4415 1373 4487 perdidissent?

535 4506 763 4565 CAPUT
792 4507 855 4562 Il.
879 4537 948 4547 -ο
971 4505 1076 4562 Sed
1101 4507 1220 4577 quia
1251 4506 1520 4561 Christum
1545 4520 1650 4561 non
1679 4515 2045 4576 negaverunt;

470 4601 800 4656 transierunt
827 4599 894 4654 de
924 4599 1027 4653 hoc
1058 4597 1254 4652 mundo
1309 4597 1376 4652 ad
1429 4597 1662 4651 Patrem.
1711 4598 2049 4663 Qumsierunt

464 4689 1113 4758 Christum,conﬁtendo;
1155 4696 1467 4754 tenuerunt,
1520 4686 1818 4742 moriendo.
1858 4686 2047 4756 Magno

469 4785 646 4855 itaque
685 4783 833 4838 lucro
861 4779 1205 4851 perdiderunt
1249 4777 1454 4832 animas
1498 4791 1656 4842 suas;
1702 4777 1881 4832 fenum
1926 4792 2049 4847 per-

465 4879 654 4932 tlentes
670 4892 682 4929 :
701 4891 951 4930 coronam
974 4880 1336 4944 promerentes
1357 4885 1656 4935 :coronam,
1675 4870 1909 4941 inquam,
1927 4887 2047 4942 pro-

401 5007 403 5009 ι
466 4981 763 5031 merentes,
818 4977 872 5022 et
901 4967 1061 5022 vitam
1090 4966 1205 5020 sine
1230 4966 1331 5019 line
1350 4972 1610 5019 tenentes.

536 5060 590 5114 ‘3.
619 5059 898 5128 Martyrem
939 5073 1041 5110 non
1066 5056 1189 5126 facit
1219 5072 1386 5123 paena,
1431 5053 1520 5109 sed
1565 5070 1739 5108 causa.
1775 5053 2046 5110 Morientes

473 5163 677 5221 erepter
723 5147 976 5204 Christum
995 5189 1010 5214 ,
1041 5164 1142 5200 non
1169 5144 1390 5211 Christo,
1413 5145 1502 5199 sed
1531 5144 1628 5200 sibi
1666 5145 2043 5199 cousuluerunt.

468 5241 830 5312 l'itdenique,
859 5239 967 5294 imo
998 5238 1191 5294 factum
1239 5247 1322 5292 est
1363 5238 1414 5292 in
1457 5237 1572 5302 eis,
1605 5235 1744 5308 quod
1791 5236 2045 5293 Dominus

532 5382 547 5398 '
568 5376 928 5426 Emendatnsad
963 5389 1006 5425 r.
1034 5383 1088 5424 et
1115 5373 1175 5424 ad
1198 5382 1307 5426 Lov.

531 5441 603 5500 la)
629 5439 770 5497 Alias,
793 5438 858 5500 de
882 5437 1090 5487 Diversis
1107 5437 1212 5487 100.

530 5495 602 5562 (b)
626 5502 700 5549 sic
724 5495 769 5548 in
795 5498 914 5548 ttlori
951 5499 1245 5549 Collectione
1283 5495 1551 5562 appellatur
1569 5531 1585 5556 ,
1624 5497 1682 5547 ad
1709 5506 1837 5549 ttom.
1864 5515 1970 5562 vni,
1995 5506 2048 5549 et

469 5571 482 5610 ι
503 5559 602 5610 mr'.
628 5577 678 5611 ιι.
705 5568 756 5610 tn
774 5562 1137 5624 towaniensitun
1150 5559 1551 5624 autemeditioue
1574 5563 1688 5610 etin
1713 5563 1859 5624 Regio
1879 5561 2048 5612 codice

467 5625 675 5680 additur,
706 5641 730 5667 ει
751 5624 1030 5694 t’a_biani.et
1063 5623 1326 5694 Sebastiani
1364 5635 1391 5694 εΔ
1415 5637 1438 5665 s
1476 5629 1591 5683 puta
1623 5623 1750 5694 quod
1796 5623 1854 5694 in.
1877 5635 2048 5694 eorum

469 5679 1058 5750 utut-tyrum_st)letttuitate
1078 5683 1179 5747 legi
1213 5679 1425 5742 soleret;
1443 5679 1694 5750 quamvis
1711 5696 1806 5750 non
1842 5685 1944 5748 ipsa
1964 5686 2048 5736 die

466 5742 666 5858 {inquiri}
691 5744 884 5858 Ἅλις»οᾱ
926 5749 1094 5796 aestivo
1124 5742 1367 5809 t'empore,
1384 5744 1456 5794 uti
1480 5742 1544 5794 ex
1562 5742 1873 5795 conclusione
1893 5755 2046 5809 patet,

503 5820 544 5856 lt!
568 5823 624 5856 US
663 5822 768 5857 “CH
799 5849 807 5857 .

503 5820 624 5856 ICIUS
645 5819 807 5858 ιιιυῑιι,

1684 353 1739 407 s.
1766 347 2128 406 M'CL‘STINI
2173 348 2475 407 El‘lSCOPt

3601 355 3744 410 {:60

2151 465 2539 538 subsequentcr
2564 467 2823 539 adiunxit,
2849 467 2916 523 Et
2939 471 3024 541 qui
3045 469 3320 540 perdiderit
3343 471 3568 524 animam
3589 489 3738 525 suam

2149 570 2353 629 propter
2374 578 2475 627 me,
2498 562 2707 616 inveniet
2727 562 2966 628 καπριιὶ
2990 563 3282 630 perdiderit,
3311 562 3512 634 inquit,
3569 580 3731 634 prop-

2148 659 2222 702 ter
2243 667 2337 704 me.
2363 651 2496 707 Tota
2538 668 2696 708 causa
2740 653 2811 708 ihi
2841 661 2942 708 est.
2977 652 3076 721 Qui
3117 653 3414 724 perdiderit,
3454 669 3562 708 non
3592 669 3734 725 quo-

2147 742 2536 815 modoetnnque
2555 787 2571 811 ,
2617 762 2719 800 non
2745 746 2976 818 qualibet
3005 761 3163 802 causa
3189 788 3204 811 ,
3246 746 3340 802 sed
3388 757 3595 817 propter
3623 763 3724 800 me.

2149 833 2225 888 Illi
2252 836 2391 889 enim
2417 836 2466 889 in
2492 837 2764 907 prophetia
2783 838 2893 906 jam
2919 838 3168 894 dixerant
3192 848 3477 908 martyres,
3510 836 3736 907 Pmpter

2148 934 2196 980 te
2224 929 2586 997 mortiﬁcamur
2610 940 2713 984 tota
2763 934 2854 987 die
2893 931 3067 1003 (Psal.
3103 948 3255 999 xuu,
3283 931 3401 1002 22).
3435 931 3731 1002 Propterea

2148 1030 2434 1093 martyrem
2464 1039 2567 1077 non
2601 1023 2724 1080 facit
2751 1039 2938 1095 paena,
2970 1024 3062 1079 sed
3086 1040 3268 1079 causa.

2216 1113 2443 1170 CAPUT
2484 1115 2568 1170 ΙΙΙ.
2599 1147 2670 1156 -
2697 1116 2918 1185 Quando
2959 1117 3213 1171 Dominus
3239 1131 3428 1186 passus
3457 1124 3577 1181 est,
3622 1125 3734 1171 tres

2146 1219 2330 1260 cruces
2357 1220 2514 1261 causa
2545 1207 2814 1264 discrevit.
2844 1206 2987 1264 Inter
3015 1209 3150 1263 duos
3180 1208 3413 1265 latrones
3439 1208 3731 1264 cruciﬁxus

2145 1307 2296 1352 erat:
2332 1297 2455 1354 hinc
2482 1310 2536 1354 et
2574 1300 2694 1354 inde
2730 1300 3010 1356 faciuorosi
3048 1300 3272 1364 conﬁxi,
3304 1301 3355 1354 in
3387 1299 3566 1355 medio
3594 1299 3730 1368 ipse.

2149 1389 2214 1442 Et
2244 1400 2490 1460 tanquam
2515 1391 2641 1445 illud
2673 1393 2870 1461 ligmnn
2903 1393 3130 1447 tribunal
3172 1401 3349 1454 esset,
3379 1391 3726 1445 insultantem

2147 1481 2448 1548 damnavit,
2470 1483 2808 1538 eonﬁteutem
2840 1486 3131 1538 coronavit.
3164 1483 3298 1553 Quid
3340 1483 3497 1538 faciet
3517 1483 3732 1552 judica-

2147 1581 2316 1638 tnrus,
2341 1573 2382 1629 si
2424 1574 2524 1628 hoc
2551 1575 2720 1644 potuit
2747 1575 3056 1644 judicatus?
3087 1574 3204 1630 Jam
3237 1591 3364 1646 ergo
3389 1574 3731 1629 discernebat

2148 1682 2353 1722 cruces.
2386 1667 2556 1735 Nam,
2599 1668 2642 1723 si
2677 1684 2828 1738 pmna
2876 1668 3328 1739 interrogaretur,
3374 1668 3572 1722 similis
3617 1678 3737 1721 erat

2149 1760 2387 1814 Christus
2421 1760 2735 1814 latronibus.
2783 1760 2886 1816 Sed
2915 1761 2957 1814 si
3000 1761 3284 1827 interroget
3335 1760 3456 1830 quis
3484 1775 3729 1822 crucem,

2147 1865 2311 1920 qiuare
2326 1849 2608 1904 cruciﬁxus
2623 1861 2703 1905 est
2721 1849 2989 1917 Christus;
3010 1852 3295 1923 respondet
3311 1851 3484 1916 nobis,
3505 1851 3736 1921 Propter

2153 1960 2267 2000 Vos.
2303 1945 2483 1999 Dicant
2510 1961 2636 2014 ergo
2668 1945 2740 1998 illi
2769 1955 2821 1998 et
2850 1955 3111 2017 martyres
3143 1963 3156 1999 :
3184 1947 3247 1999 Et
3277 1960 3375 1999 nos
3401 1944 3597 1998 mortui
3638 1958 3735 1996 sn-

2149 2052 2266 2090 mus
2295 2048 2508 2106 promer
2535 2045 2606 2092 te.
2637 2035 2754 2106 ipse
2782 2046 2995 2106 propter
3019 2051 3147 2101 nos,
3185 2051 3284 2090 nos
3309 2044 3488 2089 autem
3517 2045 3738 2104 propter

2150 2129 2317 2183 illum.
2343 2129 2447 2184 Sed
2472 2131 2582 2197 ipse
2605 2140 2822 2200 propter
2856 2145 2952 2183 nos
2971 2170 2986 2192 ,
3012 2138 3069 2182 ut
3095 2129 3364 2183 conferret
3390 2128 3544 2181 nobis
3567 2127 3737 2182 henc-

2150 2219 2324 2274 ﬁcium
2352 2237 2365 2274 :
2400 2235 2496 2276 nos
2520 2231 2696 2276 autem
2728 2229 2943 2291 propter
2965 2220 3131 2283 illum,
3162 2236 3266 2274 non
3304 2218 3371 2273 ad
3417 2219 3735 2288 impertien-

2150 2313 2276 2368 dum
2309 2315 2384 2369 illi
2410 2313 2746 2370 beneﬁcium.
2772 2314 3001 2370 Proindc
3022 2312 3243 2368 nobisin
3270 2321 3496 2382 utroque
3521 2311 3737 2366 consul-

2153 2417 2262 2460 tum
2305 2416 2422 2461 est:
2452 2416 2506 2460 et
2546 2406 2686 2477 quod
2736 2415 2916 2460 manat
2967 2422 3031 2460 ex
3063 2405 3150 2459 illo
3175 2448 3190 2469 ,
3239 2405 3384 2458 venit
3422 2404 3488 2458 ad
3517 2419 3650 2464 nos;
3684 2411 3742 2458 et

2150 2496 2290 2567 quod
2324 2496 2380 2550 ﬁt
2408 2497 2818 2567 propterillum,
2844 2497 2981 2553 redit
3002 2495 3066 2550 ad
3097 2511 3211 2550 nos.
3249 2495 3363 2566 lpsc
3385 2504 3464 2550 est
3493 2495 3637 2547 enim
3669 2494 3740 2548 de

2149 2605 2256 2659 quo
2284 2587 2414 2642 dicit
2440 2587 2652 2654 anima,
2694 2605 2812 2658 qua:
2837 2587 3048 2641 lattatur
3086 2587 3136 2640 in
3168 2587 3392 2639 Domino
3426 2603 3438 2638 :
3466 2583 3590 2639 Dixi
3629 2583 3740 2638 Do-

2150 2685 2307 2748 mino,
2331 2681 2468 2736 Deus
2490 2699 2627 2735 meus
2652 2698 2702 2734 es
2732 2691 2784 2734 tu
2803 2698 2821 2746 ;
2840 2679 3078 2751 quoniam
3108 2679 3350 2732 bonorum
3377 2694 3606 2731 meorum
3637 2694 3740 2730 non

2150 2790 2262 2844 eges
2293 2771 2464 2846 (Psal.
2493 2789 2580 2836 xv,
2611 2773 2691 2842 9.).
2719 2771 2856 2838 Quid
2897 2771 3038 2825 enim
3070 2781 3182 2835 est,
3215 2770 3460 2823 bonorum
3486 2785 3736 2833 ineorum,

2153 2865 2254 2921 nisi
2279 2882 2309 2920 a
2356 2874 2407 2921 te
2431 2864 2722 2921 datorum?
2747 2866 2810 2920 Et
2838 2864 3105 2935 quomodo
3132 2874 3252 2934 eget
3277 2863 3455 2934 aliquo
3499 2863 3642 2917 [nmo
3662 2905 3679 2929 ,
3709 2880 3738 2915 ει

2151 2973 2258 3028 quo
2285 2957 2442 3012 datur
2466 2973 2624 3012 omne
2651 2957 2846 3012 bonum
2862 2956 2888 3010 ?

2222 3048 2447 3105 CAPUT
2485 3048 2573 3103 IV.
2599 3078 2672 3088 —
2697 3049 2749 3102 5.
2777 3047 2922 3100 Dona
2956 3045 3051 3100 Dei
3084 3045 3228 3100 bonis
3252 3054 3298 3098 et
3324 3045 3473 3098 malis
3501 3061 3734 3097 contmn-

2153 3141 2257 3193 nia.
2289 3139 2564 3210 Pr0prium
2593 3147 2820 3192 servatur
2863 3137 3025 3192 bonis.
3071 3136 3225 3190 Dedit
3262 3137 3415 3190 nobis
3457 3146 3736 3199 naturam,

2153 3241 2210 3282 ut
2261 3244 2502 3284 essemus
2541 3228 2732 3282 :dedit
2780 3228 3043 3291 animam,
3095 3235 3153 3281 ut
3204 3227 3504 3281 viveremus
3547 3227 3740 3280 :dedit

2153 3330 2406 3382 mentem,
2429 3330 2484 3374 ut
2503 3319 2918 3390 intelligeremus
2944 3337 2958 3372 :
2982 3318 3128 3374 dedit
3149 3319 3431 3384 alimenta,
3461 3329 3515 3372 ut
3543 3329 3742 3372 morta-

2153 3414 2257 3469 lem
2279 3414 2437 3468 vitam
2466 3422 2886 3468 sustentaremus
2919 3429 2932 3465 :
2963 3410 3110 3466 dedit
3135 3412 3306 3465 lucem
3329 3411 3396 3464 de
3422 3412 3595 3478 cmlo,
3624 3411 3739 3464 fon-

2153 3514 2234 3559 tes
2271 3504 2337 3559 de
2388 3516 2549 3558 terra.
2599 3502 2706 3558 Sed
2761 3503 2874 3558 haec
2902 3503 3076 3556 omnia
3103 3503 3404 3557 communia
3445 3502 3584 3554 dona
3613 3512 3736 3555 sunt

2153 3596 2411 3651 bonorum
2438 3607 2493 3652 et
2532 3596 2811 3650 malorum.
2859 3594 2914 3650 Si
2964 3595 3078 3650 hmc
3106 3595 3252 3650 dedit
3288 3604 3343 3649 et
3381 3595 3536 3649 malis
3563 3638 3578 3659 ,
3603 3595 3734 3647 nihil

2153 3707 2280 3760 ergo
2308 3691 2575 3760 proprium
2602 3699 2780 3744 servat
2822 3689 3018 3744 bonis?
3068 3689 3258 3744 Servat
3294 3689 3470 3758 plane.
3501 3689 3567 3742 Et
3607 3687 3732 3756 quid

2152 3791 2234 3836 est
2273 3781 2399 3836 illud
2434 3781 2574 3851 quod
2615 3790 2791 3835 servat
2819 3779 3010 3834 bonis?
3041 3779 3190 3847 Quod
3232 3779 3407 3832 oculus
3457 3796 3559 3831 non
3591 3778 3731 3840 vidit,

2153 3889 2241 3925 nec
2260 3872 2400 3926 auris
2432 3871 2644 3934 audivit,
2699 3887 2789 3924 nec
2831 3871 2884 3924 in
2921 3888 3009 3924 cor
3032 3870 3250 3924 hominis
3292 3870 3541 3923 ascendit.
3585 3869 3735 3935 Quod

2153 3964 2295 4017 enim
2337 3963 2388 4017 in
2441 3979 2536 4018 cor
2584 3963 2812 4016 hominis
2852 3961 3129 4027 ascendit,
3184 3961 3317 4015 infra
3363 3976 3459 4017 cor
3505 3961 3738 4014 hominis

2155 4067 2271 4111 erat
2300 4075 2313 4110 :
2347 4056 2468 4111 ideo
2495 4056 2546 4110 in
2592 4071 2686 4111 cor
2721 4055 2994 4122 ascendit,
3024 4055 3146 4124 quia
3192 4069 3350 4124 supra
3379 4054 3507 4109 illud
3535 4063 3619 4109 est
3644 4069 3739 4108 eor

2153 4167 2260 4218 quo
2287 4149 2545 4204 ascendit.
2568 4149 2718 4215 Quod
2749 4157 2925 4203 servat
2945 4148 3099 4204 bonis
3118 4189 3131 4208 .
3175 4164 3270 4202 cor
3300 4148 3428 4202 illuc
3474 4147 3735 4201 ascendit.

2151 4241 2268 4296 Non
2298 4241 2438 4312 quod
2470 4239 2711 4295 ascendit
2737 4239 2790 4294 in
2819 4255 2913 4294 cor
2941 4249 3110 4305 tuum,
3133 4237 3224 4294 sed
3251 4254 3356 4308 quo
3383 4238 3622 4294 ascendit
3644 4253 3739 4293 cor

2157 4343 2302 4388 tmnn
2324 4375 2338 4396 ,
2371 4331 2472 4387 hoc
2499 4331 2589 4385 tibi
2615 4341 2793 4388 servat
2813 4331 2970 4385 Deus.
3013 4330 3126 4384 Noli
3157 4330 3351 4384 surdus
3369 4328 3578 4394 audire,
3603 4329 3737 4385 Sur-

2155 4441 2272 4481 sum
2295 4439 2407 4481 cor.
2439 4423 2590 4492 Quod
2619 4438 2746 4492 ergo
2771 4423 2956 4477 oculus
2982 4438 3085 4476 non
3129 4422 3296 4489 vidit,
3339 4437 3439 4476 nec
3459 4424 3619 4476 ‘auris
3644 4438 3738 4476 au-

2153 4516 2314 4583 divit,
2336 4530 2438 4571 nec
2463 4516 2513 4569 in
2543 4530 2638 4569 cor
2666 4513 2897 4568 hominis
2917 4512 3187 4578 ascendit;
3227 4514 3411 4568 oculus
3445 4529 3553 4568 non
3585 4514 3734 4578 vidit,

2153 4608 2275 4678 quia
2308 4622 2411 4662 non
2449 4617 2532 4661 est
2559 4607 2744 4671 color;
2785 4605 2931 4659 auris
2961 4619 3065 4658 non
3097 4604 3330 4667 audivit,
3357 4604 3484 4674 quia
3513 4621 3620 4659 non
3655 4616 3737 4660 est

2153 4714 2350 4763 sonus;
2382 4714 2480 4752 nec
2505 4697 2555 4750 in
2586 4712 2679 4751 eor
2707 4696 2978 4760 ascendit,
3009 4696 3132 4766 quia
3164 4711 3268 4750 non
3294 4706 3378 4751 est
3408 4706 3622 4752 terrena
3645 4713 3740 4750 eo-

2152 4789 2352 4860 gitatio.
2381 4787 2470 4844 Sic
2499 4788 2794 4859 intelligite,
2813 4787 2962 4856 Quod
2981 4785 3156 4841 oculus
3185 4803 3286 4840 non
3320 4787 3466 4851 vidit,
3489 4805 3582 4841 nec
3599 4791 3738 4840 auris

2152 4881 2378 4947 audivit,
2406 4899 2495 4935 nec
2525 4883 2578 4935 in
2603 4898 2691 4935 cor
2722 4880 2938 4935 hominis
2979 4880 3239 4945 ascendit,
3285 4895 3399 4949 qua:
3433 4881 3739 4951 pra'parat-it

2155 4973 2294 5029 Deus
2317 4972 2636 5044 diligentibus
2657 4989 2710 5026 se
2733 4971 2772 5044 (1
2801 4971 2916 5025 Cor.
2947 4987 3003 5034 ll,
3033 4969 3113 5040 9).

2222 5065 2449 5121 CAPUT
2493 5063 2554 5116 V.
2578 5093 2651 5104 —
2673 5065 2726 5118 Δ.
2765 5061 2898 5118 Deus
2924 5063 3031 5133 ipse
3053 5063 3296 5117 bonorum
3321 5062 3588 5133 premium
3619 5063 3732 5116 erit.

2153 5157 2342 5213 Adhuc
2379 5157 2502 5227 quid
2529 5156 2629 5210 hoc
2648 5157 2714 5210 sit
2738 5155 2958 5210 forsitan
2989 5155 3238 5226 qumretis
3267 5172 3299 5211 a
3329 5171 3433 5212 me.
3469 5156 3620 5211 Illum
3654 5157 3736 5210 in-

2154 5259 2415 5320 terrogate
2435 5291 2450 5311 ,
2481 5249 2567 5317 qui
2593 5249 2755 5315 coepit
2776 5247 2827 5299 in
2851 5247 2998 5299 vobis
3029 5247 3290 5301 habitare.
3320 5245 3450 5300 Dico
3479 5256 3656 5302 tamen
3683 5256 3734 5301 et

2155 5357 2254 5412 ego
2281 5340 2422 5412 quod
2457 5340 2578 5394 inde
2604 5339 2799 5394 sentio.
2847 5338 2957 5393 lloc
2995 5339 3136 5393 enim
3184 5352 3280 5392 vos
3329 5339 3574 5407 qnzeritis
3607 5338 3732 5409 quid

2156 5432 2298 5487 Dens
2328 5432 2599 5501 proprium
2630 5439 2808 5484 servat
2829 5429 3014 5494 bonis,
3048 5429 3091 5482 si
3117 5438 3258 5482 tanta
3287 5427 3513 5498 largitur
3539 5439 3596 5482 et
3626 5445 3736 5484 ma-

2156 5522 2222 5578 lis
2248 5532 2302 5579 et
2330 5523 2502 5578 bonis.
2538 5521 2748 5578 Etcum
2776 5521 3043 5587 dicerem,
3071 5520 3220 5588 Quod
3255 5520 3430 5575 oculus
3462 5537 3566 5574 non
3595 5521 3736 5587 vidit,

2156 5634 2246 5671 nec
2275 5617 2413 5672 auris
2439 5617 2646 5682 audivit,
2680 5633 2768 5670 nec
2789 5617 2839 5670 in
2862 5631 2950 5670 cor
2979 5615 3195 5670 hominis
3223 5614 3470 5681 ascendit,
3503 5629 3610 5669 non
3641 5614 3734 5669 de-

2157 5719 2281 5761 sunt
2307 5711 2395 5779 qui
2421 5709 2628 5772 dicant,
2659 5709 2820 5764 Putas
2842 5707 2966 5779 quid
2997 5707 3122 5762 est?
3161 5707 3296 5762 Ecce
3324 5707 3451 5777 quid
3488 5717 3575 5763 est
3599 5707 3739 5778 qvod

2162 5810 2333 5856 Servat
2367 5801 2505 5855 Deus
2527 5801 2655 5855 solis
2682 5792 2867 5856 bonis.
2889 5814 3025 5870 qttos
3057 5809 3230 5853 tamen
3273 5799 3382 5868 ipse
3423 5797 3611 5853 fecerit
3641 5799 3735 5853 bo-
