4036 6448
278 285 406 341 1461

276 415 376 456 nos
401 418 415 454 :
438 412 565 456 ecce
584 396 711 470 quid
740 407 841 454 est.
880 396 1119 452 Breviter
1144 395 1420 466 praemium
1448 401 1692 449 nostrum
1721 392 1857 449 deli-

277 492 449 546 nitum
494 500 577 547 est
624 504 721 561 per
762 489 1075 561 prophetam
1106 506 1117 543 :
1148 486 1255 543 Ero
1279 488 1481 542 illorum
1504 485 1662 551 Deus,
1693 497 1740 541 et
1766 487 1865 549 ipsi

274 594 422 638 erunt
452 582 577 637 mihi
596 583 734 642 vlebs
763 581 941 656 (Leuit.
974 596 1123 647 xsvt,
1153 580 1255 644 i2;
1284 578 1325 635 II
1350 578 1467 634 Cor.
1510 595 1582 647 vi,
1620 579 1729 648 16).
1759 577 1861 632 Ero

275 676 485 730 illorum
528 673 667 729 Deus
696 672 1019 745 :przemium
1067 672 1222 727 nobis
1268 688 1327 727 se
1378 672 1551 743 ipsum
1597 669 1861 743 promisit.

276 767 474 836 Quaere
511 766 651 821 aliud
673 808 688 832 ,
717 768 761 821 si
792 764 1062 821 inveneris
1087 764 1297 820 melius.
1344 762 1401 818 St
1431 762 1663 817 dicerem
1690 803 1705 827 ,
1737 762 1865 815 Pro-

276 859 429 914 misit
455 874 679 924 aurum;
709 857 1008 929 gauderes:
1038 871 1098 911 se
1126 854 1392 926 promisit,
1418 864 1472 908 et
1497 854 1664 909 tristis
1683 854 1779 907 es?
1808 850 1865 909 Si

275 953 430 1008 dives
457 953 625 1008 Deum
658 967 767 1007 non
798 950 983 1016 habet,
1012 949 1138 1020 quid
1176 947 1371 1003 habet?
1401 947 1578 1002 Nolite
1608 945 1808 1016 aliquid
1834 959 1865 998 a

276 1044 395 1101 Deo
422 1060 695 1115 quaerere;
727 1043 828 1099 nisi
853 1044 1041 1098 Deum.
1072 1041 1249 1097 Gratis
1269 1050 1472 1105 amate,
1507 1054 1566 1094 se
1596 1040 1767 1093 solum
1799 1036 1868 1090 ab

276 1137 374 1193 illo
412 1136 712 1194 desiderate
742 1137 781 1190 ⁸.
828 1135 1002 1191 Nolite
1041 1136 1228 1189 timere
1268 1133 1500 1203 inepiam
1534 1150 1546 1187 :
1579 1131 1672 1185 dat
1699 1147 1759 1186 se
1789 1128 1868 1199 ip-

277 1245 398 1285 sum
430 1228 616 1294 nobis;
648 1236 703 1283 et
732 1226 927 1282 sufﬁcit
971 1225 1145 1280 nobis.
1182 1224 1281 1280 Det
1313 1239 1373 1279 se
1402 1224 1575 1293 ipsum
1602 1221 1786 1286 nobis,
1814 1228 1870 1275 ct

277 1319 509 1375 sufliciat
534 1318 705 1372 nobis.
735 1318 1034 1387 Philippum
1062 1314 1361 1385 apostolum
1393 1314 1571 1369 amlite
1614 1313 1665 1366 in
1691 1311 1872 1366 Evan-

276 1410 423 1481 gelio
456 1428 468 1464 :
503 1408 741 1474 Domine,
763 1408 969 1464 ostende
1017 1407 1159 1462 nobis
1190 1405 1421 1474 Patrem,
1443 1416 1491 1460 et
1517 1405 1696 1476 suﬁcit
1721 1403 1864 1458 nobis

279 1502 597 1575 (Joan.x1v,
635 1501 714 1572 ε).

350 1594 580 1651 CAPUT
620 1593 707 1649 Vl.
730 1594 876 1649 —5.
919 1593 1074 1649 Avari
1112 1601 1357 1664 martyres
1383 1592 1516 1646 auri.
1560 1590 1698 1660 Quid
1740 1606 1869 1662 ergo

278 1686 571 1751 miramini,
592 1685 783 1742 fratres
798 1728 811 1751 ,
833 1686 878 1741 si
898 1695 1166 1740 amatores
1190 1684 1282 1739 Dei
1301 1693 1563 1755 martyres
1581 1691 1724 1737 tanta
1754 1696 1874 1754 per-

278 1779 517 1836 tulerunt
542 1821 557 1844 ,
580 1788 638 1834 ut
664 1779 1001 1850 acquirerent
1028 1777 1228 1832 Deum?
1245 1779 1525 1832 Amatores
1545 1775 1660 1830 auri
1687 1774 1863 1830 videte

272 1876 480 1941 "quanta
520 1871 803 1941 patiantur.
850 1870 1181 1926 Hiemalibus
1221 1868 1598 1940 aSperitatibus
1640 1883 1699 1924 se
1724 1868 1873 1923 navi-

280 1965 460 2035 gando
485 1963 824 2019 committunt
851 1980 863 2017 :
889 1964 967 2019 sic
987 1963 1195 2019 fervent
1214 1962 1433 2017 avaritia
1455 2005 1470 2028 ,
1506 1971 1563 2016 ut
1600 1961 1740 2017 nulla
1764 1960 1871 2016 for-

282 2055 491 2111 mident
512 2054 739 2125 frigora;
770 2054 1036 2125 jactantur
1069 2055 1259 2121 ventis,
1284 2053 1681 2123 suspenduntur
1697 2060 1752 2107 et
1774 2052 1872 2107 de-

283 2148 588 2217 primuntur
614 2147 886 2213 fluctibus;
926 2146 1280 2201 iueffabilihus
1308 2147 1558 2217 periculis
1596 2162 1764 2217 usque
1806 2146 1873 2199 ad

284 2247 515 2292 mortem
563 2238 848 2307 agitantur.
902 2237 1088 2293 Dicant
1134 2246 1189 2293 et
1218 2238 1317 2307 ipsi
1359 2252 1527 2300 auro,
1570 2235 1791 2307 Pmpter
1828 2246 1876 2290 te

283 2330 652 2400 mortiﬁcamur
674 2339 778 2384 tota
794 2330 895 2384 die.
930 2331 1118 2385 Dicant
1163 2339 1427 2402 martyres
1468 2329 1710 2395 Christo,
1744 2327 1873 2382 Pro-

285 2434 400 2493 pter
429 2434 475 2475 te
512 2422 877 2488 mortiﬁcamur
905 2431 1007 2476 tota
1035 2422 1135 2475 die.
1160 2421 1273 2476 Vox
1302 2421 1512 2492 quidem
1541 2432 1622 2477 est
1644 2420 1835 2474 similis
1860 2439 1873 2475 :

286 2513 384 2568 sed
409 2528 568 2568 causa
590 2522 674 2568 est
702 2512 857 2567 valde
883 2512 1175 2567 dissimilis.
1206 2514 1342 2567 Ecce
1370 2513 1582 2582 utrique
1605 2511 1874 2576 dixerunt,

287 2604 378 2659 isti
403 2602 638 2670 Christo,
659 2604 733 2658 illi
758 2619 911 2670 auro,
944 2602 1164 2674 Propter
1189 2613 1235 2657 te
1251 2604 1617 2672 mortiﬁcamur
1640 2611 1744 2656 tota
1770 2601 1875 2655 die.

289 2695 638 2767 Respondeat
662 2695 907 2750 Christus
944 2695 1054 2749 suis
1077 2694 1429 2765 martyribus,
1472 2690 1526 2747 Si
1578 2691 1879 2745 moriemini

288 2804 392 2860 pro
421 2803 508 2842 me
528 2829 543 2853 ,
583 2796 637 2841 ct
665 2802 759 2841 vos
791 2787 1072 2841 invenietis
1099 2796 1153 2842 et
1183 2802 1286 2841 me.
1334 2784 1675 2855 Respondeat
1702 2792 1879 2838 autem

289 2894 482 2933 aurqu
509 2878 704 2942 avaris,
735 2877 791 2932 Si
826 2876 1262 2947 naufragaveritis
1290 2891 1385 2945 pro
1406 2892 1521 2939 me,
1552 2884 1606 2930 et
1635 2890 1728 2928 vos
1767 2889 1884 2945 per-

289 2970 436 3026 detis
460 2979 641 3025 etme.
675 2972 927 3025 Amantes
955 2986 1084 3041 ergo
1114 2980 1167 3023 et
1189 2970 1486 3034 imitantes;
1521 2984 1627 3023 non
1652 2969 1883 3023 inaniter

290 3073 568 3128 amantes,
602 3062 695 3118 sed
734 3071 978 3117 amantes
1017 3072 1071 3117 et
1098 3062 1367 3117 imitantes
1390 3104 1404 3127 ,
1434 3060 1549 3115 dies
1587 3072 1882 3133 martyrum

290 3156 646 3221 celebremus,
670 3165 724 3210 et
751 3164 911 3210 :rstus
942 3156 1071 3210 istos
1096 3165 1309 3209 nostros
1334 3196 1346 3219 ,
1389 3155 1707 3225 gaudiorum
1739 3152 1889 3209 refri-

290 3248 445 3319 gerio
472 3249 796 3319 mitigemus.
816 3247 948 3304 Cum
977 3249 1079 3304 illis
1098 3249 1237 3304 enim
1261 3248 1375 3304 sine
1400 3250 1503 3305 llne
1520 3248 1880 3321 regnabimus,

292 3340 342 3394 si
371 3354 464 3395 eos
487 3339 714 3396 fideliter
739 3348 793 3395 et
818 3356 924 3395 non
952 3342 1180 3396 inaniter
1203 3340 1505 3412 diligamus.

688 3471 921 3526 SERMO
956 3471 1279 3526 CCCXXX"
1308 3477 1327 3495 ⁶
1358 3472 1458 3543 (a).

790 3589 839 3632 In
862 3582 1006 3633 Νεωιί
1031 3591 1281 3647 Martyrum
1296 3583 1388 3647 (ὁ).

370 3695 423 3749 1.
483 3691 733 3764 Martyres
804 3692 938 3746 unde
1005 3692 1155 3745 amici
1211 3691 1417 3745 Christi.
1482 3691 1705 3764 Diligere
1762 3691 1886 3747 invi-

292 3800 404 3838 cem
421 3783 659 3854 jubemur
698 3793 902 3853 propter
950 3800 1161 3854 regnum
1206 3781 1321 3835 Dei.
1368 3782 1591 3850 Quando
1623 3783 1881 3838 honorem

296 3878 625 3949 martyribus
654 3877 1003 3943 exhibemus,
1035 3875 1231 3931 Christi
1282 3876 1483 3929 amicos
1538 3875 1883 3929 honoramus.

293 3968 546 4034 Quzcritis
570 3984 688 4038 qua:
732 3984 889 4021 causa
916 3984 1010 4021 eos
1043 3968 1245 4020 amicos
1273 3964 1469 4020 Christi
1510 3966 1731 4021 fecerit?
1768 3966 1886 4036 Ipse

292 4058 543 4111 Christus
568 4058 802 4112 ostendit
834 4075 846 4110 :
872 4060 945 4111 ait
962 4058 1125 4123 enim,
1148 4055 1259 4110 Hoc
1280 4068 1351 4109 est
1373 4067 1677 4128 prteccptum
1692 4074 1882 4124 meum,

294 4160 353 4205 ut
383 4150 606 4220 diligatis
654 4150 883 4204 invicem.
926 4149 1155 4219 Diligunt
1202 4149 1427 4203 invicem
1468 4151 1556 4218 qui
1600 4149 1887 4205 histriones

294 4242 457 4296 simul
488 4250 760 4311 spectant,
793 4241 1017 4310 diligunt
1048 4240 1274 4295 invicem
1310 4241 1399 4311 qui
1443 4240 1597 4295 simul
1623 4258 1681 4295 se
1713 4239 1765 4294 in
1794 4255 1888 4311 po-

298 4334 438 4404 pinis
464 4333 754 4397 inebriant,
786 4332 1011 4403 diligunt
1040 4332 1267 4386 invicem
1300 4332 1435 4386 mala
1462 4332 1560 4385 sibi
1600 4332 1885 4386 conscien-

296 4428 368 4479 tia
397 4425 602 4479 sociati.
631 4423 763 4479 Cum
790 4440 917 4493 ergo
950 4424 1171 4478 dixisset
1198 4423 1442 4477 Christus
1461 4466 1477 4490 ,
1515 4422 1625 4476 lloc
1655 4432 1724 4477 est
1752 4439 1886 4493 prte-

292 4528 497 4587 ceptum
523 4533 705 4577 meum,
731 4526 783 4569 ut
809 4516 1034 4587 diligatis
1073 4516 1279 4569 invicem
1297 4558 1310 4578 ,
1340 4515 1523 4570 debuit
1556 4516 1885 4586 distinguere

292 4607 662 4663 dilectionem.
700 4607 848 4662 Fecit
885 4608 1065 4677 utique
1097 4626 1109 4662 :
1137 4609 1335 4662 audite.
1366 4606 1498 4662 Cum
1539 4609 1681 4661 enim
1710 4608 1881 4662 dixis-

292 4709 401 4764 set,
440 4697 551 4752 Hoc
593 4708 665 4752 est
711 4708 1015 4769 prwceptum
1053 4716 1239 4763 meum,
1287 4708 1342 4751 ut
1381 4699 1605 4770 diligatis
1642 4698 1884 4763 invicem;

293 4807 422 4845 suos
449 4790 645 4844 addidit
670 4785 800 4843 sicdt
822 4806 914 4857 ego
934 4789 1091 4842 dilexi
1130 4806 1236 4843 vos.
1270 4788 1359 4844 Sic
1398 4790 1603 4861 diligite
1629 4791 1881 4858 invicem,

294 4890 517 4952 propter
539 4896 760 4951 regnum
795 4881 885 4934 Dei
908 4922 922 4945 ,
952 4890 1169 4949 propter
1195 4881 1355 4934 vitam
1383 4890 1659 4935 mternatn.
1691 4885 1878 4937 Amatc

288 4972 485 5037 sittntl,
509 4972 602 5026 sed
635 4987 739 5024 me.
766 4972 1032 5025 Atnaretis
1072 4969 1326 5028 invicom,
1360 4972 1403 5025 si
1441 4971 1597 5025 simul
1633 4972 1885 5042 diligere-

291 5065 365 5119 tis
396 5065 706 5120 histrionem
738 5082 750 5118 :
785 5064 952 5134 magis
972 5064 1176 5134 diligite
1200 5064 1447 5127 invicem,
1472 5066 1627 5120 simul
1652 5064 1881 5121 amando

288 5174 417 5214 eum
449 5158 536 5227 qui
565 5158 847 5229 displicere
871 5160 892 5189 '
916 5174 1020 5211 non
1052 5167 1249 5227 potest,
1278 5157 1631 5214 Salvatorcm.

365 5252 419 5305 Ξ.
455 5251 711 5317 Quantum
749 5250 959 5320 diligere
1000 5249 1211 5303 invicem
1250 5251 1595 5322 prmipimur.
1644 5250 1883 5307 Accessit

352 5427 595 5537 ᾖίξξοτυδν
618 5421 775 5476 σναίίδ
792 5423 1037 5485 amabilis.
1062 5422 1106 5477 si
1127 5424 1283 5477 solum
1308 5435 1458 5477 Deum
1493 5426 1552 5477 ab
1580 5425 1666 5479 illo
1689 5423 1883 5478 deside-

318 5506 348 5535 (Ι
368 5504 379 5530 1
441 5505 474 5537 ἵ.

284 5504 316 5540 Υ
487 5550 719 5600 meliores
738 5556 845 5599 Mss.
874 5557 925 5600 At
948 5550 1253 5607 Sirmondus,
1280 5548 1535 5614 dispicere.

356 5636 371 5653 ⁶
400 5635 684 5681 timendaws
706 5633 763 5681 ad
785 5631 833 5679 d.
876 5646 917 5680 r.
944 5640 977 5680 t.
1006 5646 1051 5683 γ.
1080 5642 1131 5682 et
1165 5634 1223 5682 ad
1257 5637 1392 5684 sirm.

374 5697 426 5755 a)
452 5694 593 5753 Alias,
614 5698 740 5745 inter
760 5694 1112 5743 sirmoudianos
1134 5694 1210 5744 '28.

374 5756 422 5820 ὁ)
444 5760 620 5809 Citatur
638 5769 667 5806 a
690 5756 810 5808 Beda
829 5758 885 5823 ad
909 5762 923 5803 t
946 5762 1050 5806 Cor.
1075 5771 1156 5806 vu.

1639 278 1868 338 SERMO
1904 278 2246 341 CCCXXX“.

3420 284 3558 339 “6!

1973 396 2146 453 adhuc
2189 396 2465 461 Dominus,
2507 406 2561 453 et
2597 396 2777 454 docuit
2829 396 3006 453 adlmc
3031 416 3042 453 :
3068 407 3317 469 tauquam
3361 398 3563 452 dicere-

1973 505 2091 543 mus
2117 490 2187 555 ei,
2220 490 2285 545 Et
2310 490 2577 561 quomodo
2607 506 2705 546 uos
2729 491 2983 556 dilexisti,
3028 501 3083 545 ut
3123 494 3353 546 sciamus
3379 500 3433 546 et
3458 506 3557 545 nos

1972 581 2415 649 quemadmodum
2448 597 2546 638 nos
2574 581 2795 654 diligere
2823 582 3149 637 debeamus?
3178 584 3366 638 Audite
3397 600 3408 634 :
3448 580 3561 635 Ma-

1962 675 2131 746 jorem
2174 677 2268 729 hac
2304 676 2600 729 cliaritatcm
2644 694 2787 732 nemo
2832 676 2998 743 habet,
3040 694 3191 747 quam
3240 686 3293 729 ut
3335 677 3563 729 animum

1972 782 2117 818 suam
2139 778 2291 835 ponat
2316 785 2407 836 pro
2431 769 2604 823 amicis
2645 771 2748 823 suis
2774 770 2951 840 (Joan.
2986 786 3077 837 sv,
3115 770 3195 832 l2,
3234 770 3344 835 l3).
3373 769 3461 824 Sic
3488 769 3551 823 di-

1972 855 2118 927 ligite
2150 857 2405 923 invicem,
2440 869 2495 914 ut
2538 862 2899 932 unusquisque
2948 863 3179 917 animam
3224 878 3373 916 suam
3400 872 3553 930 ponat

1975 964 2071 1018 pro
2091 949 2317 1005 carteris.
2348 950 2459 1005 Hoc
2497 952 2637 1006 enim
2689 963 2952 1024 martyres
2997 956 3275 1018 fecerunt,
3319 952 3459 1022 quod
3508 965 3557 1005 et

1973 1040 2087 1110 ipse
2106 1041 2339 1097 Joannes
2368 1046 2691 1114 evangelista
2735 1046 2787 1100 in
2819 1045 3057 1115 EpiStola
3088 1062 3181 1100 sua
3213 1043 3341 1100 dicit
3374 1064 3386 1098 :
3414 1045 3558 1101 Sicut

1973 1132 2201 1187 Christus
2227 1134 2450 1187 animam
2472 1152 2619 1188 suam
2641 1154 2733 1206 pro
2770 1136 2913 1191 nobis
2946 1138 3131 1208 posuit,
3156 1137 3227 1191 sic
3254 1146 3302 1190 et
3341 1153 3432 1191 nos
3470 1136 3559 1188 de-

1974 1224 2143 1279 bemus
2171 1224 2368 1279 animas
2397 1234 2595 1279 nostras
2625 1244 2717 1295 pro
2746 1226 2987 1297 fratribus
3008 1243 3192 1297 ponere
3213 1228 3231 1299 (
3254 1226 3268 1279 1
3291 1224 3447 1281 Joan.
3475 1242 3555 1291 tu,

1979 1318 2085 1391 ιο).
2117 1319 2385 1374 Acceditis
2427 1318 2494 1374 ad
2547 1335 2781 1374 mensam
2844 1322 3077 1392 potentis
3110 1339 3123 1376 :
3155 1322 3324 1375 nostis
3376 1319 3562 1375 ﬁdeles

1972 1408 2039 1464 ad
2078 1425 2237 1480 quam
2270 1426 2511 1466 mensam
2545 1412 2799 1467 acceditis
2833 1431 2847 1468 :
2878 1414 3099 1468 recolite
3120 1413 3452 1483 Scripturam
3473 1411 3559 1467 dio

1971 1510 2182 1556 centem
2204 1542 2220 1567 ,
2248 1498 2377 1556 Cum
2423 1503 2623 1557 accedis
2663 1502 2733 1557 ad
2777 1520 2999 1559 mensam
3027 1505 3263 1577 potentis,
3287 1505 3411 1560 scito
3431 1521 3562 1574 quo-

1973 1594 2112 1648 niam
2140 1604 2335 1665 oportet
2356 1605 2405 1649 te
2429 1597 2552 1649 talia
2574 1612 2868 1668 praeparare
2896 1596 3077 1669 (Prov.
3106 1614 3257 1665 util,
3289 1599 3341 1664 l,
3368 1597 3447 1669 2).
3482 1597 3562 1652 Ad

1974 1701 2132 1758 quam
2163 1702 2401 1742 mensam
2452 1688 2682 1758 potentis
2710 1688 2957 1743 accedis?
2985 1690 3086 1757 Qui
3128 1691 3219 1745 tibi
3258 1690 3479 1745 exhibet
3504 1704 3565 1744 se

1974 1778 2147 1849 ipsum
2167 1820 2186 1847 ,
2214 1795 2320 1834 non
2348 1795 2589 1836 mensam
2614 1796 2907 1852 coqnorum
2932 1792 3049 1837 arte
3071 1783 3338 1838 conditam
3369 1801 3381 1836 :
3409 1782 3557 1838 exhi-

1973 1870 2066 1926 bet
2092 1871 2185 1926 tibi
2209 1870 2455 1928 Christus
2483 1888 2634 1928 suam
2657 1888 2919 1939 mensam,
2966 1873 3173 1929 scilicet
3197 1874 3563 1943 semetipsum.

1975 1964 2187 2021 Accede
2227 1964 2295 2019 ad
2336 1965 2472 2021 hanc
2501 1980 2739 2020 iocosam
2761 2007 2777 2033 ,
2808 1975 2856 2020 et
2889 1975 3150 2020 saturare.
3181 1964 3310 2020 Esto
3339 1981 3562 2035 pauper,

1976 2066 2031 2112 et
2056 2056 2399 2112 saturaheris.
2428 2055 2596 2111 Edent
2624 2073 2892 2128 pauperes,
2925 2067 2971 2111 et
3002 2057 3365 2112 saturabuittur
3394 2055 3566 2127 (l’sal.

1978 2163 2088 2212 ut,
2119 2146 2235 2220 Ἥ).
2260 2147 2403 2203 Scito
2431 2148 2671 2217 quoniam
2695 2149 2818 2201 talia
2853 2159 2899 2202 te
2932 2158 3128 2217 Oportet
3154 2164 3465 2219 prteparare.
3501 2146 3569 2203 Ut

1979 2239 2242 2308 intelligas
2260 2280 2275 2304 ,
2304 2238 2562 2294 Joannem
2590 2239 2948 2309 espositorem
2974 2238 3210 2293 attende.
3246 2238 3405 2293 Forte
3424 2243 3568 2293 cum

1979 2328 2257 2383 nesciebas
2281 2327 2408 2397 quid
2434 2330 2504 2383 sit
2526 2369 2543 2395 ,
2571 2327 2702 2384 Cum
2739 2330 2935 2384 accedis
2972 2330 3041 2382 ad
3068 2346 3290 2383 "tensum
3317 2332 3531 2399 potentis
3548 2370 3568 2395 ,

1977 2420 2103 2473 scito
2126 2420 2364 2490 quoniam
2386 2421 2509 2473 talia
2536 2430 2583 2474 te
2604 2430 2797 2492 oportet
2820 2437 3132 2492 prcparare.
3174 2421 3311 2475 Audi
3352 2423 3572 2492 exposi-

1981 2518 2151 2564 torcm
2177 2528 2192 2565 :
2223 2510 2369 2565 Sicut
2409 2509 2638 2564 Christus
2658 2511 2881 2564 animum
2909 2528 3055 2565 suam
3095 2528 3187 2581 pro
3210 2511 3352 2565 nobis
3381 2512 3570 2582 posuit,

1980 2600 2053 2654 sic
2078 2610 2125 2653 et
2170 2616 2261 2655 nos
2298 2600 2530 2655 debemus
2574 2602 2696 2655 talia
2747 2616 3066 2671 przepamre.
3119 2601 3260 2670 Quid
3299 2611 3415 2669 est,
3447 2604 3573 2658 talia

1984 2694 2325 2765 pra‘parare'l
2368 2694 2580 2748 Animas
2606 2711 2701 2766 pro
2734 2695 2975 2765 fratribus
2996 2712 3203 2764 ponere.

2055 2808 2110 2864 3.
2160 2807 2395 2863 Charitas
2445 2806 2544 2861 Dei
2593 2807 2806 2861 donum.
2862 2806 2933 2864 Ut
2973 2806 3322 2871 saturarcris,
3372 2820 3576 2876 pauper

1985 2899 2255 2955 accessisti
2286 2917 2300 2953 :
2333 2898 2474 2954 unde
2495 2900 2616 2953 talia
2645 2898 3013 2969 prmparabis?
3040 2898 3119 2954 Ab
3146 2899 3263 2968 ipso
3286 2898 3376 2967 qui
3411 2907 3463 2952 te
3493 2898 3579 2951 iu-

1988 2990 2171 3045 vitavit
2192 2999 2344 3059 pete,
2381 2998 2439 3044 ut
2490 2989 2688 3044 habeas
2732 2988 2872 3045 unde
2917 2989 3061 3042 illum
3091 3003 3297 3059 muscas.
3325 2987 3434 3044 Nisi
3462 2988 3577 3057 ipso

1988 3083 2080 3137 tibi
2123 3082 2360 3148 dederit,
2408 3082 2536 3136 nihil
2594 3080 2835 3135 habebis.
2874 3081 2979 3136 Sed
3018 3080 3184 3135 habes
3212 3080 3324 3148 iam
3370 3079 3575 3150 aliquid

1986 3175 2299 3230 charitatis‘l
2329 3174 2438 3231 Nec
2484 3174 2584 3229 hoc
2630 3174 2723 3228 tibi
2754 3175 2986 3243 imputes
3016 3192 3030 3228 :
3066 3173 3205 3242 Quid
3243 3174 3376 3228 enim
3423 3175 3585 3228 habes

1986 3267 2124 3334 quod
2142 3284 2245 3321 non
2270 3266 2507 3337 accepisti
2557 3266 2597 3333 (Ι
2644 3265 2761 3321 Cor.
2804 3282 2877 3329 Iv,
2910 3265 3006 3337 7)?
3035 3265 3344 3333 Habt-siam
3373 3266 3584 3335 aliquid

1987 3359 2302 3415 charitatis?
2329 3358 2456 3413 Pete
2487 3368 2544 3411 ut
2571 3366 2791 3426 augeat,
2836 3367 2957 3427 pete
3008 3365 3065 3412 ut
3119 3357 3395 3426 perficiat,
3440 3372 3578 3425 quo-

1990 3465 2158 3518 usque
2189 3448 2464 3517 pervenias
2489 3447 2555 3499 ad
2587 3447 2729 3500 illam
2761 3461 2999 3499 tuensam
3025 3486 3043 3512 ,
3069 3462 3170 3515 qua
3200 3446 3373 3513 major
3399 3446 3451 3499 in
3482 3447 3581 3500 hac

1989 3540 2093 3593 vita
2123 3554 2229 3593 non
2275 3549 2377 3594 est.
2434 3537 2688 3607 Majorem
2728 3540 2823 3591 hac
2871 3538 3169 3591 cliaritatens
3215 3554 3362 3590 nemo
3404 3537 3576 3601 liabet,

1986 3648 2139 3701 quant
2160 3641 2216 3685 ut
2241 3631 2464 3685 animam
2488 3648 2635 3685 suam
2664 3642 2817 3700 ponat
2846 3648 2938 3700 pro
2976 3631 3155 3684 amicis
3172 3631 3299 3683 suis.
3333 3631 3579 3685 Accessi-

1987 3722 2055 3776 sti
2087 3736 2304 3791 pauper,
2332 3720 2541 3775 recedis
2566 3720 2718 3775 dives
2745 3738 2757 3772 :
2794 3721 2900 3774 imo
2930 3736 3037 3774 non
3062 3718 3270 3774 recedis
3288 3759 3303 3780 ,
3333 3719 3429 3774 sed
3454 3734 3577 3774 ma-

1989 3811 2168 3867 nendo
2194 3811 2345 3866 dives
2370 3812 2496 3866 eris.
2540 3811 2623 3866 Ab
2654 3811 2748 3865 illo
2776 3821 3043 3880 martyres
3068 3818 3391 3880 acceperunt
3429 3809 3576 3880 quod

1990 3919 2089 3974 pro
2115 3903 2207 3958 illo
2237 3904 2380 3973 passi
2417 3915 2543 3958 sunt
2568 3920 2581 3956 :
2608 3903 2848 3969 credite;
2878 3906 2943 3957 ab
2973 3903 3063 3957 illo
3105 3910 3450 3972 acceperunt.
3478 3902 3580 3958 Pa-

1989 3999 2304 4054 terfamilias
2326 3999 2477 4055 dedit
2504 3999 2607 4055 illis
2655 3999 2795 4054 unde
2843 4000 2991 4054 illum
3044 4007 3346 4070 pascerent.
3397 3998 3576 4069 Ipsum

1990 4092 2278 4156 habemus,
2301 4090 2369 4146 ab
2396 4091 2515 4160 ipso
2541 4099 2803 4159 petamus.
2837 4090 2907 4145 Et
2931 4090 2975 4146 si
3014 4090 3258 4160 accipere
3284 4089 3462 4143 minus
3486 4088 3577 4143 di-

1988 4184 2077 4253 gni
2107 4196 2325 4247 sumus,
2379 4198 2479 4253 per
2516 4180 2720 4236 amicos
2750 4180 2947 4251 ipsius,
2997 4180 3085 4250 qui
3135 4195 3260 4235 eum
3309 4179 3379 4236 de
3408 4178 3578 4249 ipsius

1987 4273 2132 4328 dono
2168 4283 2463 4343 paverunt,
2498 4283 2758 4342 petamus.
2806 4272 2978 4328 Orent
3005 4272 3105 4342 ipsi
3150 4287 3249 4343 pro
3298 4272 3489 4338 nobis,
3522 4281 3585 4327 ut

1987 4363 2152 4419 donet
2172 4372 2227 4419 et
2250 4364 2421 4418 nobis.
2454 4364 2522 4419 Et
2547 4371 2604 4418 ut
2645 4364 2761 4434 plus
2795 4363 3119 4431 habeamus,
3158 4364 3227 4420 de
3254 4364 3395 4419 caelo
3434 4364 3577 4417 acci-

1989 4458 2181 4526 pimus.
2212 4456 2471 4511 Joannem
2503 4456 2623 4511 audi
2648 4471 3029 4526 praecursorem
3054 4455 3239 4526 ipsius,
3270 4454 3392 4511 Non
3414 4466 3576 4526 potest

1988 4551 2138 4603 homo
2175 4550 2403 4619 accipere
2425 4548 2703 4621 quidquam
2722 4591 2738 4612 ,
2766 4548 2864 4604 nisi
2904 4550 3055 4620 fuerit
3080 4550 3133 4603 ei
3158 4549 3332 4602 datum
3369 4550 3433 4602 de
3452 4550 3581 4602 calo

1989 4643 2169 4717 (Joan.
2210 4658 2291 4707 ιιι,
2342 4642 2457 4710 27).
2514 4642 2655 4712 Ergo
2695 4650 2751 4697 et
2803 4642 2944 4712 quod
2986 4641 3275 4707 habemus,
3319 4640 3388 4697 de
3440 4641 3582 4696 calo

1987 4736 2325 4806 accepimus;
2372 4745 2427 4791 et
2479 4744 2536 4790 ut
2576 4735 2696 4805 plus
2737 4734 3065 4797 habeamus,
3091 4732 3157 4787 de
3184 4732 3331 4788 ets-lo
3376 4733 3575 4801 accipi-

1988 4845 2129 4883 mus.

2048 4922 2111 4981 ,4.
2139 4919 2495 4975 Fornicatores
2516 4936 2618 4974 non
2643 4935 2750 4973 esse
2772 4917 3045 4971 intraturos
3070 4916 3124 4969 in
3166 4916 3413 4970 ctrlestem
3457 4917 3554 4970 civi

1987 5022 2162 5068 tatem.
2190 5013 2305 5083 Ipsa
2329 5022 2412 5068 est
2450 5012 2639 5069 civitas
2666 5011 2706 5076 ί,
2727 5025 2846 5079 quas
2874 5007 2942 5064 de
2968 5008 3108 5063 caelo
3136 5008 3411 5063 descendit
3444 5025 3457 5062 :
3494 5019 3574 5060 ta.

1988 5108 2066 5162 les
2087 5106 2286 5171 simus,
2314 5116 2373 5160 ut
2393 5108 2651 5159 intremus
2693 5101 2745 5155 iu
2774 5116 2914 5156 eam.
2959 5100 3194 5155 Audistis
3222 5100 3365 5155 enim
3394 5100 3576 5167 qualos

1988 5198 2224 5263 intrent,
2251 5197 2438 5267 quales
2464 5209 2571 5248 non
2598 5193 2816 5247 intrent.
2845 5192 3019 5247 Nolite
3043 5207 3165 5245 esse
3195 5191 3357 5252 tales,
3389 5192 3578 5258 quales

1991 5305 2098 5344 non
2142 5289 2432 5343 intraturos
2469 5284 2727 5351 audistis;
2771 5286 3001 5337 maxime
3044 5282 3410 5335 fornicatores.
3443 5280 3583 5334 Nam

2552 5449 2621 5494 est
2641 5438 2868 5493 clmritas.
2898 5448 2951 5491 Αι
2975 5448 3109 5490 Mss:
3143 5448 3251 5504 Ipsa
3273 5436 3577 5504 estciritas:

2493 5506 2841 5567 subsequentia
2874 5505 3022 5567 verba
3040 5539 3055 5563 ,
3094 5499 3206 5567 qua:
3227 5502 3479 5567 respicere
3504 5499 3578 5549 vi-

2051 5447 2068 5480 ί
2095 5443 2398 5495 Sirmondus:
2430 5452 2449 5491 I

1986 5510 2145 5572 aptius
2179 5507 2392 5572 profecto
2414 5507 2471 5553 ad
2493 5507 2841 5572 subsequentia
2874 5507 3022 5572 verba
3040 5539 3055 5563 ,
3094 5515 3206 5572 qua:
3227 5507 3479 5569 respicere

1985 5565 2445 5620 (leuturlectioucm
2467 5565 2794 5629 armly‘ttsis,
2817 5580 2921 5627 mp.
2948 5565 3024 5614 2|.
3196 5577 3374 5612 revera
3419 5565 3589 5611 minus.

1985 5634 2199 5682 eolucrot
2222 5644 2329 5678 eum
2348 5631 2511 5678 verbis
2532 5630 2866 5690 superior-inus
2883 5643 2895 5684 ;
2915 5630 3042 5689 quod
3067 5635 3357 5687 argumento
3373 5633 3451 5674 est
3470 5637 3582 5675 mi-

1987 5708 2179 5744 mouem
2230 5694 2274 5740 in
2321 5693 2661 5751 Lectiomu'iis,
2690 5707 2718 5739 e
2758 5693 2933 5753 quibus
2956 5700 3125 5741 erutus
3149 5696 3222 5739 est
3241 5721 3266 5749 μ
3295 5700 3397 5738 nuit
3424 5692 3578 5736 totum

1992 5754 2231 5809 exhiberi.
