4036 6478
530 340 666 394 iii-'5

522 469 643 506 eum
672 452 943 522 Scriptura
965 453 1438 503 commemorasset
1453 459 1545 500 eos
1571 444 1658 516 qui
1678 459 1780 499 non
1809 444 2102 509 intrabunt,

524 546 594 600 ibi
621 546 778 600 etiam
810 542 1102 597 nominavit
1145 539 1474 594 homicidas:
1505 553 1608 592 non
1648 538 1952 607 expavistis.
1997 536 2103 590 No-

522 637 741 694 Ininavit
755 637 1101 692 fornicatores
1114 633 1309 705 (Colat.
1326 649 1398 697 γι,
1418 631 1606 704 19-21)
1624 649 1638 686 :
1655 631 1827 686 audivi
1847 631 1965 701 quia
1983 646 2104 699 pec-

520 740 637 785 tora
655 728 942 783 tutudistis.
962 727 1072 797 Ego
1088 725 1284 790 audivi,
1301 719 1399 796 ego
1410 724 1604 788 audivi,
1627 739 1724 794 ego
1737 722 1842 776 vidi
1863 740 1875 776 :
1891 720 2100 792 etquod

517 835 626 875 non
654 820 760 874 vidi
791 821 842 874 in
874 819 1134 875 cubilibus
1180 817 1409 884 vestris,
1445 817 1549 870 vidi
1591 816 1645 871 in
1675 815 1873 879 sonitu,
1903 814 2006 867 vidi
2045 815 2097 867 in

517 911 828 983 pectoribus
851 912 1064 978 vestris,
1094 909 1306 981 quando
1348 907 1618 962 tutudislis
1647 917 1860 977 pectora
1899 913 2098 958 vestra.

519 1005 708 1077 Ejicite
738 1006 860 1061 inde
882 1015 1155 1076 peccatum
1182 1022 1198 1058 :
1224 1018 1344 1057 nam
1375 1009 1589 1072 pectora
1619 1000 1842 1054 tundere
1861 1039 1874 1060 ,
1900 1005 1955 1052 et
1982 996 2098 1050 h:cc

515 1098 702 1154 eadem
736 1098 937 1161 facere,
963 1096 1092 1150 nihil
1120 1103 1201 1150 est
1225 1094 1369 1148 aliud
1399 1107 1555 1163 quam
1582 1100 1797 1161 peccata
1819 1088 2098 1158 pavimen-

517 1198 630 1243 tare
663 1187 759 1260 (τι).
785 1187 998 1242 Fratres
1029 1187 1162 1250 mei,
1200 1187 1288 1239 lilii
1328 1185 1431 1239 mei
1457 1226 1472 1248 ,
1519 1191 1689 1238 estote
1724 1181 1886 1244 casti,
1920 1187 2096 1235 amate

513 1279 849 1343 castitatem,
871 1278 1247 1348 amplectimini
1277 1277 1574 1331 castitatem
1597 1317 1611 1341 ,
1640 1274 1844 1344 diligite
1875 1272 2091 1326 mundi-

515 1375 686 1427 tiam:
719 1372 840 1442 quia
875 1372 1019 1426 Deus
1059 1377 1245 1424 auctor
1291 1368 1563 1423 munditize
1616 1367 1667 1421 in
1714 1363 1912 1435 templo
1963 1379 2094 1428 suo,

514 1465 658 1534 quod
686 1465 812 1519 estis
837 1479 962 1528 vos,
993 1479 1110 1519 eam
1141 1463 1362 1533 quzerit;
1389 1461 1620 1530 procula
1652 1459 1848 1529 templo
1876 1457 2096 1528 expellit

514 1555 836 1610 immundos.
870 1554 1146 1610 Sul'liciant
1167 1553 1316 1608 vobis
1347 1567 1542 1606 uxores
1575 1560 1766 1606 vestra:
1786 1592 1802 1617 ,
1833 1549 1955 1620 quia
1980 1546 2096 1604 sul-

514 1647 674 1702 llcere
700 1662 795 1702 vos
832 1647 990 1701 vultis
1013 1646 1264 1700 uxoribus
1308 1644 1519 1699 vestris.
1552 1642 1666 1697 Non
1692 1643 1772 1698 vis
1797 1643 1864 1696 ab
1890 1642 1980 1696 illa
2009 1643 2099 1697 liat

513 1739 712 1809 aliquid
738 1747 928 1809 prteter
959 1747 1011 1792 te
1038 1755 1053 1793 :
1086 1739 1192 1791 noli
1227 1737 1401 1790 facere
1443 1734 1642 1806 aliquid
1678 1743 1873 1804 praeter
1902 1735 2092 1804 ipsam.

513 1830 592 1886 Tu
623 1831 870 1885 dominus
908 1844 999 1894 es,
1050 1829 1136 1883 illa
1166 1828 1356 1883 ancilla
1394 1847 1407 1882 :
1440 1829 1578 1882 Deus
1623 1825 1747 1881 fecit
1789 1835 2092 1896 utrumque.

513 1923 670 1989 Sara,
704 1923 874 1993 inquit
898 1922 1168 1992 Scriptura
1195 1962 1208 1985 ,
1255 1920 1616 1992 obsequebatur
1657 1920 1894 1986 Abrahar,
1927 1918 2093 1972 domi-

512 2031 633 2067 num
659 2011 1033 2082 eumvocans(l
1066 2011 1208 2066 Petr.
1247 2029 1326 2075 ιιι,
1363 2012 1438 2080 6).
1469 2010 1666 2065 Verum
1708 2019 1820 2076 est;
1869 2010 1982 2064 istis
2014 2019 2094 2064 ta-

509 2104 650 2159 bulis
675 2103 987 2173 subscripsit
1007 2105 1285 2172 episcopus
1319 2121 1332 2157 :
1363 2101 1569 2156 ancillre
1595 2110 1786 2155 vestrae
1813 2111 1938 2154 sunt
1955 2116 2096 2154 uxo-

511 2209 598 2250 res
650 2203 882 2259 vestrm,
924 2193 1122 2248 domini
1177 2194 1305 2247 estis
1349 2207 1574 2246 uxorum
1620 2203 1936 2247 vestrarum.
1987 2191 2094 2248 Sed

509 2285 722 2356 quando
748 2286 956 2340 venitur
983 2285 1051 2340 ad
1077 2284 1204 2338 illud
1237 2284 1504 2354 negotium
1522 2325 1538 2350 ,
1571 2299 1674 2354 quo
1709 2298 1868 2339 sexus
1894 2283 2096 2338 discer-

510 2378 670 2440 nitur,
700 2387 753 2433 et
773 2392 932 2432 sexus
955 2377 1054 2431 sibi
1085 2385 1305 2446 uterque
1327 2375 1613 2437 miscetur;
1642 2373 1786 2430 Uxor
1813 2392 1916 2429 non
1946 2375 2096 2429 habet

509 2479 802 2535 potestate»:
840 2470 1067 2538 corporis
1095 2470 1194 2530 sui.
1227 2467 1316 2522 sed
1354 2468 1449 2522 vir.
1497 2467 1795 2530 Gaudebas,
1847 2469 2092 2536 erigebas

509 2571 582 2625 te,
607 2560 846 2630 iactabas
868 2571 938 2615 te.
962 2561 1102 2614 Bene
1125 2559 1254 2613 dixit
1278 2559 1586 2629 Apostolus,
1614 2559 1814 2629 optime
1837 2558 1970 2612 dixit
1986 2557 2094 2612 Vas

507 2651 780 2706 electionis
806 2668 819 2704 :
847 2649 989 2706 Uxor
1013 2667 1112 2704 non
1135 2649 1281 2704 habet
1307 2659 1598 2722 potestatem
1626 2651 1854 2720 corporis
1879 2651 1979 2717 sui,
2002 2651 2091 2705 sed

507 2743 601 2796 vir.
631 2742 765 2811 Quia
793 2757 892 2812 ego
912 2757 1029 2796 sum
1052 2741 1320 2795 dominus.
1352 2740 1606 2796 Laudasti
1634 2759 1647 2794 :
1673 2741 1794 2794 audi
1823 2742 1960 2812 quod
2002 2757 2091 2796 sc-

504 2837 705 2905 quitur,
745 2836 866 2890 audi
898 2835 1039 2906 quod
1083 2851 1187 2889 non
1217 2836 1328 2902 vis,
1375 2850 1505 2905 rogo
1550 2843 1609 2888 ut
1660 2834 1810 2888 velis.
1852 2833 1986 2901 Quid
2011 2842 2094 2889 est

508 2928 647 2983 hoc?
677 2927 814 2982 Audi
847 2926 1139 2983 :Similiter
1167 2935 1215 2980 et
1253 2927 1369 2990 vir;
1413 2925 1661 2980 dominus
1693 2924 1818 2990 ille;
1862 2925 2094 2978 similiter

507 3029 554 3074 et
586 3021 663 3073 uir
702 3036 804 3073 non
851 3019 999 3073 habet
1044 3028 1340 3090 potestatem
1394 3018 1621 3088 corporis
1661 3017 1764 3084 sui,
1796 3017 1886 3070 sed
1914 3017 2092 3070 mulier

509 3109 550 3180 (l
581 3109 698 3166 Cor.
722 3126 814 3174 vn,
843 3111 920 3180 4).
952 3110 1065 3164 Hoc
1096 3111 1323 3164 libenter
1342 3109 1486 3163 audi.
1516 3109 1709 3162 Vitium
1742 3109 1835 3162 tibi
1869 3110 2088 3176 tollitur,

507 3214 614 3254 non
638 3199 932 3254 dominium
963 3217 977 3251 :
1001 3200 1260 3253 adulteria
1288 3208 1372 3252 tua
1402 3198 1769 3267 prohibentur,
1802 3215 1906 3252 non
1933 3199 2090 3254 l‘emi-

507 3305 592 3344 nre
629 3289 973 3358 subriguntur
1000 3289 1039 3340 ι.
1072 3289 1150 3341 Tu
1189 3288 1270 3341 vir
1311 3302 1406 3350 es,
1447 3287 1671 3343 ostende
1701 3305 1714 3340 :
1740 3289 1822 3341 vir
1867 3290 2010 3342 enim
2059 3304 2090 3344 a

506 3384 702 3438 virtute
723 3425 739 3447 ,
768 3382 847 3436 vel
871 3383 1038 3435 virtus
1063 3396 1095 3434 a
1129 3381 1263 3435 viro.
1299 3379 1475 3434 Habes
1504 3394 1633 3450 ergo
1651 3380 1940 3434 virtutem?
1965 3380 2092 3435 Vin-

504 3490 569 3529 ce
599 3474 890 3528 libidinem.
921 3471 1173 3535 Mulieris,
1207 3471 1412 3542 inquit,
1455 3479 1608 3541 caput
1653 3471 1729 3524 vir
1758 3469 1867 3543 (ld.
1898 3487 1977 3537 ιι,
2007 3471 2089 3544 3).

505 3568 561 3622 Si
579 3577 736 3637 caput
757 3581 844 3629 es,
895 3565 1032 3630 duc,
1074 3573 1127 3619 et
1153 3576 1409 3634 sequatur
1438 3581 1449 3614 :
1481 3563 1574 3617 sed
1605 3563 1726 3617 vide
1751 3578 1858 3633 quo
1901 3563 2088 3619 ducas.

503 3661 674 3730 Caput
703 3675 790 3722 es,
835 3657 939 3710 due
977 3671 1086 3726 quo
1125 3665 1381 3726 sequatur
1410 3673 1423 3708 :
1451 3655 1544 3731 sed
1586 3655 1692 3708 noli
1743 3656 1821 3710 ire
1847 3671 1955 3725 quo
1983 3671 2088 3710 non

501 3753 582 3806 vis
615 3759 671 3804 ut
698 3760 969 3819 sequatur.
1018 3747 1095 3802 Ne
1144 3749 1196 3800 in
1252 3746 1604 3816 praecipitium
1648 3760 1808 3812 ruas,
1865 3747 1986 3802 vide
2032 3757 2090 3802 ut

502 3852 650 3896 recto
673 3841 884 3894 tramite
911 3838 1188 3909 gradiaris.
1226 3838 1316 3893 Sic
1359 3853 1456 3892 vos
1486 3845 1667 3906 parate
1697 3837 1896 3892 intrare
1925 3839 1991 3893 ad
2020 3839 2088 3894 il-

503 3933 606 3986 lam
638 3945 831 3986 novam
881 3938 1096 3998 nuptam
1123 3971 1136 3990 ,
1185 3928 1250 3982 ad
1298 3927 1441 3981 illam
1485 3927 1800 3998 pulchram,
1846 3939 2086 3984 ornatam

502 4024 773 4089 virosuo,
820 4036 924 4075 nou
970 4019 1286 4084 monilibus,
1338 4014 1433 4073 sed
1482 4019 1786 4074 virtutibus.
1837 4018 1892 4074 Si
1945 4019 2088 4074 enim

501 4113 666 4179 casti,
696 4123 750 4167 et
775 4112 941 4166 sancti
963 4153 978 4177 ,
1011 4122 1062 4166 et
1091 4111 1214 4166 boni
1249 4109 1608 4173 inlraveritis,
1650 4110 1889 4166 membra
1922 4110 2090 4181 ipsius

506 4217 655 4256 novae
679 4211 876 4272 nuptm,
904 4204 1071 4258 beatae
1105 4212 1159 4259 et
1199 4200 1450 4272 gloriosa:
1483 4200 1720 4256 celestis
1749 4201 2046 4257 Jerusalem
2069 4243 2085 4268 ,

503 4303 558 4348 ct
589 4308 684 4348 vos
704 4295 872 4349 eritis.

894 4426 1124 4482 SERMO
1162 4427 1506 4483 CCCXXXIII
1534 4431 1554 4451 ⁶
1600 4426 1695 4502 (b).

1039 4545 1088 4587 In
1107 4537 1253 4588 Natali
1275 4545 1546 4604 Martyrum.

574 4663 800 4721 CAPUT
839 4663 1128 4720 PRIMUM.
1154 4693 1228 4705 --
1251 4665 1302 4719 1.
1331 4663 1645 4736 Martyribus
1667 4665 1789 4719 data
1820 4665 2085 4721 securitas.

504 4755 762 4812 Patientia
790 4774 822 4810 a
843 4755 950 4812 Deo
978 4756 1101 4810 data
1124 4756 1376 4826 quomodo
1401 4767 1575 4810 nostra
1601 4766 1692 4811 est.
1721 4755 1883 4810 Panis
1900 4767 2085 4820 noster,

505 4849 754 4906 Christus.
791 4850 1049 4905 Dominus
1078 4859 1259 4904 noster
1298 4848 1455 4904 Jesus
1491 4847 1734 4904 Christus
1761 4848 2002 4912 testibus,
2035 4849 2088 4904 id

507 4952 586 4996 est
615 4944 934 5013 martyribus
959 4943 1067 4997 suis
1097 4957 1194 5012 pro
1236 4941 1465 4996 humana
1514 4941 1793 5011 fragilitate
1825 4943 2086 5011 sollicitis,

507 5049 573 5089 ne
607 5035 744 5090 forte
782 5050 904 5089 eum
957 5036 1261 5090 conﬁtendo
1309 5045 1470 5105 atque
1507 5036 1784 5090 moriendo
1832 5037 2086 5106 perirent,

501 5141 748 5198 magnam
779 5128 1116 5183 securitatem
1142 5127 1308 5194 dedit,
1338 5128 1542 5189 dicens.
1580 5126 1811 5198 Capillus
1838 5129 1902 5183 de
1927 5131 2092 5199 capite

504 5232 667 5274 uestro
724 5236 824 5274 non
863 5219 1039 5289 peribit
1083 5217 1242 5290 (Luc.
1286 5235 1412 5285 ιιι,
1465 5219 1574 5290 18).
1620 5219 1802 5275 Times
1843 5235 1972 5290 ergo
2022 5236 2091 5276 ne

569 5385 588 5454 ξ
611 5382 802 5454 Aliquot
821 5389 951 5441 uss,
975 5380 1313 5454 subrogantur.

489 5473 491 5476 ‹
568 5446 590 5476 ¹
611 5446 685 5494 sic
706 5443 755 5492 iu
775 5444 1110 5506 nranuseriptis
1119 5443 1450 5506 Lectiomriis.
1485 5451 1538 5494 Αι
1557 5445 1608 5494 in
1629 5443 1764 5495 libris
1783 5443 2092 5495 Homiliarum

503 5506 566 5556 60
603 5506 904 5564 iuscﬁbitur,
943 5505 1328 5570 De'tttartyrilms
1348 5513 1394 5556 et
1427 5506 1489 5556 de
1503 5507 1661 5569 gratia
1679 5505 1784 5556 Dei.

485 5604 492 5617 ι
567 5585 1767 5650 Ἐπισιθιιιίιιωεοᾶιῐθεοι.ωςιι.ι·.ι·ω.ι.ν.θι
1803 5589 1863 5637 ad
1889 5594 1989 5636 Am.
2014 5593 2086 5636 Er.

507 5654 786 5767 Ὗῖιυτιῖιθ
806 5723 864 5760 su
972 5724 1120 5762 serm.
1145 5711 1226 5770 82,
1248 5724 1301 5762 n.
1325 5710 1399 5759 14.
2069 5679 2073 5685 ’

568 5711 646 5833 (bi
670 5769 812 5830 Alias,
838 5723 1043 5824 initer
1060 5774 1284 5827 Homilias
1299 5773 1377 5823 50.

568 5769 645 5833 (ὸ)
670 5769 812 5830 Alias,
838 5769 894 5822 ιλ
916 5775 1043 5824 inter
1060 5769 1284 5827 Homilias
1299 5773 1377 5823 50.

1760 297 1824 388 s.
1854 325 2222 386 AUGUSTINI
2267 329 2568 390 EPlSCOPl

3665 347 3802 402 ιιιιι

2210 458 2417 513 pereas,
2460 447 2610 527 cujus
2645 447 2867 519 capillus
2896 465 2999 505 non
3027 451 3259 522 peribit?
3283 453 3337 510 Si
3377 455 3455 510 sic
3481 457 3795 514 custodum.

2181 546 2293 620 tur
2318 537 2586 605 superﬂua
2632 548 2753 607 tua,
2796 541 2848 595 in
2892 553 3085 612 quanta
3116 546 3279 599 tutela
3312 556 3396 601 est
3439 549 3620 602 anima
3666 552 3794 603 tua?

2205 626 2317 682 Non
2346 629 2483 698 perit
2509 632 2750 701 capillus,
2782 635 2873 704 qui
2912 649 3032 689 cum
3062 636 3332 703 tondetur,
3373 654 3477 693 non
3509 647 3712 705 sentis;
3739 653 3795 697 et

2207 718 2344 788 perit
2369 721 2564 788 anima,
2607 739 2702 794 per
2728 742 2887 795 quam
2916 728 3118 782 sentis?
3154 729 3297 784 Sane
3323 732 3486 785 multa
3529 731 3662 786 dura
3689 749 3787 787 eos

2204 827 2455 883 passuros
2482 830 2601 870 esse
2638 817 2899 887 pra-dixit,
2933 829 2989 872 ut
3030 820 3367 889 praedicendo
3407 822 3607 878 laceret
3634 839 3791 892 para-

2206 904 2400 971 tiores,
2433 905 2776 978 dicerentque
2826 911 2899 965 illi
2925 952 2946 976 ,
2985 910 3235 965 Paratum
3271 931 3359 966 cor
3403 932 3569 968 meum
3612 915 3790 986 (Psal.

2205 1011 2310 1062 LVI,
2340 996 2418 1068 8).
2449 999 2584 1065 Quid
2611 1010 2714 1066 est,
2746 1012 2980 1073 paratum
3009 1022 3097 1057 cor
3117 1023 3300 1068 meum,
3331 1006 3454 1072 nisi,
3477 1008 3666 1062 Parata
3695 1025 3790 1063 vo-

2203 1086 2376 1142 luntas
2410 1090 2564 1145 mea?
2594 1091 2834 1146 Paratum
2863 1110 2990 1164 ergo
3021 1095 3220 1150 habent
3249 1107 3511 1168 martyres
3537 1100 3786 1154 volunta-

2203 1188 2308 1268 tept
2350 1181 2400 1234 in
2455 1184 2709 1254 martyrio
2767 1202 2780 1238 :
2826 1185 2919 1239 sed
2966 1196 3282 1256 praeparatur
3330 1189 3560 1242 voluntas
3598 1208 3631 1243 ιι
3674 1190 3790 1243 Do-

2201 1271 2337 1325 mino
2387 1270 2569 1342 (Prov.
2609 1289 2722 1334 vut.
2773 1276 2862 1342 '55,
2893 1293 2994 1330 sec.
3043 1277 3227 1348 LXX).
3277 1277 3386 1333 lilis
3420 1290 3601 1335 autem
3629 1283 3790 1338 malis

2198 1363 2347 1418 duris
2377 1374 2536 1434 atque
2563 1367 2768 1436 asperis
2797 1367 2988 1423 futuris
3012 1374 3445 1426 conunemoratis
3473 1375 3691 1442 adjecit,
3718 1373 3788 1428 In

2199 1464 2368 1509 vestra
2405 1458 2647 1526 patientia
2678 1460 2994 1529 possidebitis
3021 1462 3218 1516 animas
3257 1473 3447 1518 vestras
3476 1463 3631 1533 (Luc.
3663 1481 3782 1530 ιιι,

2201 1544 2287 1608 13,
2319 1545 2432 1615 19).
2461 1546 2528 1600 1η
2567 1558 2748 1616 vestra,
2777 1551 2980 1621 inquit,
3023 1554 3288 1624 patientia.
3323 1554 3437 1609 Non
3465 1557 3610 1612 enim
3642 1568 3788 1612 esset

2200 1636 2451 1706 patientia
2484 1647 2593 1705 tua,
2621 1640 2665 1694 si
2694 1656 2798 1696 non
2831 1642 2900 1696 ibi
2935 1652 3076 1698 eSset
3105 1652 3160 1698 et
3188 1646 3431 1700 voluntas
3458 1656 3567 1701 tua.
3599 1646 3668 1701 In
3697 1665 3785 1703 oe-

2198 1736 2304 1780 stra
2331 1730 2572 1798 patientia
2603 1747 2623 1784 :
2652 1731 2747 1786 sed
2776 1733 2916 1788 unde
2945 1735 3160 1790 nostra?
3192 1736 3441 1791 Nostrum
3473 1747 3557 1792 est
3585 1739 3727 1808 quod
3753 1755 3785 1793 a

2199 1820 2353 1875 nobis
2395 1822 2639 1888 habetur,
2685 1833 2924 1879 nostrum
2955 1837 3039 1882 est
3073 1837 3127 1881 et
3163 1829 3304 1898 quod
3333 1829 3487 1884 nobis
3524 1831 3780 1886 donatur.

2201 1911 2334 1966 Nam
2362 1914 2405 1967 si
2433 1929 2536 1968 non
2564 1917 2630 1969 sit
2660 1927 2924 1983 nostrum,
2944 1934 3050 1972 non
3074 1919 3319 1974 donatur.
3340 1921 3619 1987 Quomodo
3639 1923 3783 1978 enim

2197 2003 2396 2073 aliquid
2413 2005 2598 2066 donas,
2620 2006 2721 2060 nisi
2748 2017 2801 2061 ut
2827 2008 2942 2078 ejus
2970 2010 3132 2064 sitcui
3150 2011 3317 2066 donas
3333 2013 3357 2065 Ὺ
3376 2014 3573 2082 Aperta
3590 2023 3675 2067 est
3693 2014 3782 2068 illa

2197 2096 2463 2152 confessio
2492 2117 2505 2153 :
2538 2097 2725 2154 Nonne
2746 2099 2852 2154 Deo
2877 2103 3168 2174 subjicietur
3195 2105 3364 2157 anitna
3387 2123 3500 2159 rnea
3516 2107 3542 2160 .’
3563 2107 3637 2159 Ab
3661 2107 3775 2176 ipso

2197 2197 2269 2240 est
2289 2188 2420 2240 enim
2450 2189 2690 2258 paticntia
2715 2207 2824 2243 mea
2852 2189 3021 2258 (Psal.
3053 2209 3157 2256 ιιι,
3189 2192 3266 2266 6).
3297 2195 3430 2248 Dicit
3458 2196 3621 2250 nobis
3645 2197 3780 2266 ipse,

2199 2278 2264 2333 In
2319 2291 2480 2334 vestra
2523 2283 2784 2352 patientia.
2835 2284 3080 2338 Dicamus
3123 2286 3198 2339 illi
3227 2296 3282 2340 et
3309 2302 3438 2353 nos,
3469 2289 3546 2341 Ab
3573 2289 3684 2353 ipso
3711 2300 3785 2342 est

2197 2373 2439 2444 patientia
2471 2391 2603 2428 mea.
2635 2375 2804 2430 Tuum
2845 2375 2968 2431 fecit
2997 2377 3274 2443 donando,
3315 2382 3421 2435 noli
3450 2397 3572 2436 esse
3603 2383 3786 2452 ingra-

2198 2474 2282 2517 tus
2312 2465 2402 2518 tibi
2427 2465 2765 2536 assignando.
2793 2465 2979 2523 Nonne
3008 2470 3058 2523 in
3087 2472 3327 2525 oratione
3352 2471 3619 2527 dominica
3649 2473 3784 2528 dici-

2197 2570 2315 2609 mus
2343 2563 2397 2609 et
2431 2565 2668 2612 nostrqu
2698 2573 2818 2613 esse
2843 2559 2984 2629 quod
3019 2576 3047 2612 a
3090 2563 3200 2616 Deo
3225 2563 3343 2616 est?
3371 2563 3623 2631 Quotidie
3650 2566 3786 2620 dici-

2196 2662 2336 2711 mus,
2375 2643 2568 2700 Panem
2621 2658 2848 2702 nostrum
2876 2651 3248 2722 quotidianum.
3295 2653 3411 2708 Jam
3455 2654 3663 2721 dixisti,
3691 2674 3787 2710 no-

2193 2749 2387 2802 strum;
2439 2747 2494 2794 et
2551 2739 2704 2806 dicis,
2757 2741 2825 2795 da
2879 2742 3018 2798 nobis
3064 2742 3275 2817 (Matth.
3323 2761 3412 2812 vr,
3474 2747 3588 2816 1|).
3643 2747 3786 2803 Ecce

2195 2841 2440 2896 nostrum,
2473 2846 2596 2893 ecce
2625 2833 2690 2884 da
2721 2833 2879 2886 nobis.
2919 2833 3015 2888 Illo
3035 2835 3193 2890 dante
3221 2835 3278 2889 lit
3303 2846 3565 2890 nostrum.
3599 2837 3658 2891 Si
3685 2838 3778 2892 illo

2193 2920 2354 2975 dante
2390 2920 2450 2974 lit
2479 2931 2740 2987 nostrum,
2773 2922 2929 2978 nobis
2968 2925 3399 2993 superbientibns
3431 2927 3488 2979 lit
3520 2927 3783 2983 alienum.

2196 3013 2357 3078 Dicis,
2389 3023 2649 3077 nostrum;
2683 3021 2736 3068 et
2764 3013 2921 3081 dicis,
2958 3015 3024 3068 da
3050 3015 3214 3075 nobis.
3245 3015 3380 3082 Quid
3411 3031 3541 3086 ergo
3573 3017 3668 3071 tibi
3694 3033 3784 3072 as-

2194 3104 2392 3174 signas,
2441 3106 2581 3176 quod
2625 3121 2732 3160 non
2761 3107 2852 3160 tibi
2884 3107 2996 3176 ipse
3020 3108 3252 3164 dedisti?
3285 3109 3422 3177 Quid
3454 3112 3592 3164 enim
3631 3111 3785 3166 habes
3871 3126 3874 3128 ‘

2171 3195 2328 3265 quod
2357 3213 2458 3249 non
2482 3199 2718 3268 accepisti
2756 3197 2796 3271 (ι
2824 3197 2942 3252 Cor.
2973 3215 3047 3263 tv,
3075 3199 3155 3273 7).
3205 3200 3364 3264 Dicis,
3406 3210 3676 3266 nostrum;
3707 3210 3781 3265 et,

2181 3287 2262 3338 da
2303 3287 2464 3340 nobis.
2507 3288 2751 3357 Agnusce
2794 3290 3120 3359 largitorem,
3152 3291 3407 3346 conﬁtere
3435 3301 3486 3347 te
3512 3295 3780 3364 accipere,

2195 3387 2252 3432 ιιι
2282 3379 2507 3435 libenter
2527 3381 2614 3437 ille
2639 3381 2884 3452 dignetur
2908 3385 3056 3439 dare.
3088 3385 3224 3454 Quid
3250 3387 3294 3440 si
3323 3403 3426 3441 non
3449 3403 3661 3458 egeres,
3693 3391 3783 3458 qui

2195 3470 2476 3526 meudicas'
2495 3481 2549 3527 et
2587 3473 2848 3543 superbus
2873 3475 2971 3530 es?
3013 3476 3207 3530 Annon
3237 3477 3530 3544 mendicas,
3559 3479 3650 3548 qui
3681 3494 3780 3548 pa-

2194 3578 2315 3618 nem
2349 3563 2520 3632 petis?
2557 3564 2716 3619 Panis
2747 3575 2929 3621 noster
2954 3575 3210 3629 teternus.
3238 3567 3485 3623 Christus
3512 3570 3565 3622 in
3596 3569 3774 3623 Patris

2193 3655 2522 3726 :equalitate;
2577 3657 2727 3725 panis
2774 3668 2956 3713 noster
3003 3660 3379 3728 quotidianus,
3427 3659 3678 3715 Christus
3724 3662 3778 3716 in

2193 3761 2356 3799 carne
2397 3764 2410 3799 :
2443 3755 2675 3801 aeternus
2704 3748 2819 3804 sine
2859 3761 3119 3820 tempore,
3171 3750 3513 3819 quotidianus
3553 3753 3607 3806 in
3641 3764 3782 3807 tem-

2193 3853 2342 3908 pore.
2383 3837 2582 3893 Tamen
2627 3839 2743 3910 ipse
2795 3850 2877 3895 est
2924 3842 3072 3912 panis
3115 3843 3202 3913 qui
3244 3843 3309 3896 de
3352 3845 3477 3898 caelo
3521 3844 3781 3899 descendit

2194 3928 2374 3998 (Joan.
2426 3946 2514 3996 vt,
2555 3931 2668 4003 41).
2721 3931 2909 3988 Fortes
2960 3943 3086 3989 sunt
3141 3945 3420 4007 martyres,
3480 3938 3622 3991 lirmi
3657 3947 3781 3992 sunt

2194 4032 2456 4093 martyres
2493 4041 2510 4079 :
2542 4023 2636 4079 sed
2685 4025 2832 4094 panis
2877 4026 3145 4096 conﬁrmat
3189 4044 3278 4082 cor
3333 4029 3550 4082 hominis
3603 4028 3775 4104 (Psal.

2192 4129 2302 4176 Clll,
2338 4115 2447 4182 15).

2264 4204 2490 4261 CAPUT
2530 4205 2594 4260 ll.
2624 4235 2697 4246 —-
2723 4205 2778 4261 2.
2807 4205 2972 4262 Paulo
2993 4224 3182 4262 merces
3208 4208 3392 4263 debita.
3425 4209 3613 4264 Eidem
3640 4212 3780 4280 prius

2195 4312 2288 4362 pro
2333 4295 2581 4366 supplicio
2608 4297 2794 4365 debito,
2826 4298 2948 4352 data
2985 4301 3169 4370 gratia.
3202 4300 3319 4355 Jam
3341 4317 3471 4372 ergo
3499 4305 3782 4358 audiamus

2194 4384 2417 4440 Paulum
2461 4389 2765 4456 apostolum
2807 4390 3096 4456 dicentem,
3145 4406 3264 4446 cum
3304 4393 3540 4462 passioni
3583 4409 3779 4464 appro-

2194 4477 2496 4547 pinquaret,
2529 4478 2596 4534 de
2624 4494 2822 4535 corona
2867 4481 2967 4535 sibi
2997 4492 3177 4552 parata
3201 4494 3644 4553 praesumentem.
3677 4485 3780 4539 Bo-

2195 4585 2340 4631 num,
2376 4569 2575 4640 inquit,
2608 4580 2860 4625 certamen
2902 4577 3107 4636 certari,
3155 4590 3360 4628 cursum
3411 4577 3778 4638 consummaui,

2193 4663 2346 4730 fidem
2369 4663 2563 4716 servavi
2585 4679 2604 4716 :
2639 4663 2702 4716 de
2726 4673 2904 4718 caetero
2927 4675 3152 4735 superest
3179 4666 3304 4718 mihi
3328 4683 3518 4720 corona
3536 4667 3777 4736 justitirr,

2193 4770 2345 4826 quant
2371 4752 2547 4808 reddet
2572 4753 2698 4807 mihi
2722 4753 2970 4809 Dominus
3007 4757 3061 4809 in
3108 4755 3200 4809 illa
3253 4757 3335 4810 die
3371 4758 3547 4828 justus
3581 4758 3784 4826 judex;

2193 4867 2294 4903 non
2319 4851 2484 4904 solum
2512 4861 2679 4904 autem
2708 4850 2851 4915 mihi,
2880 4850 2968 4903 sed
2991 4859 3037 4903 et
3058 4849 3286 4904 omnibus
3317 4852 3402 4920 qui
3429 4851 3653 4921 diligunt
3679 4868 3781 4904 ma-

2194 4944 2564 5014 nifestationem
2590 4945 2698 5015 ejus
2741 4941 2806 5012 (ll
2837 4941 2969 4995 Tim.
2994 4957 3066 5006 tv,
3092 4943 3123 4996 7
3153 4953 3200 4995 et
3227 4943 3306 5014 8).
3341 4942 3555 5009 Reddet,
3581 4944 3775 5012 inquit,

2193 5038 2318 5091 nn'hi
2343 5037 2586 5090 Dominus
2614 5053 2852 5090 coronam
2866 5037 3042 5105 justus
3061 5034 3244 5104 judrx.
3277 5035 3439 5090 Debet
3471 5050 3604 5105 ergo
3629 5034 3775 5106 quod

2195 5127 2400 5182 reddet.
2429 5126 2634 5181 Reddet
2662 5141 2788 5196 ergo
2827 5125 3003 5195 justus
3044 5125 3228 5194 judex.
3273 5123 3389 5180 Non
3429 5125 3572 5180 enim
3604 5139 3772 5194 opere

2195 5217 2436 5287 inspecto
2465 5226 2640 5285 potest
2679 5230 2873 5286 negare
2900 5213 3220 5268 mercedem.
3249 5214 3402 5282 Quod
3427 5230 3562 5283 opus
3600 5214 3774 5282 inspi-

2195 5311 2300 5363 cit?
2329 5309 2526 5362 Bonum
2554 5319 2804 5362 certamen
2849 5307 3055 5372 certari,
3096 5321 3231 5374 opus
3255 5316 3339 5361 est
3366 5325 3380 5360 :
3409 5323 3614 5360 cursum
3649 5323 3775 5359 con-

2193 5401 2461 5463 summavi,
2489 5415 2624 5469 opus
2647 5409 2728 5453 est
2761 5417 2774 5453 :
2813 5399 2966 5468 ﬁdem
2996 5399 3205 5459 servavi,
3233 5413 3368 5468 Opus
3398 5409 3500 5452 est.
3534 5399 3776 5466 Superest

2195 5490 2318 5542 mihi
2347 5505 2534 5543 corona
2551 5489 2788 5559 justitia',
2821 5504 3026 5543 merces
3068 5499 3171 5543 est.
3212 5487 3318 5543 Sed
3358 5489 3411 5542 in
3444 5489 3693 5542 mercede
3723 5499 3774 5541 tu

2196 5581 2328 5636 nihil
2369 5580 2510 5651 agis;
2542 5579 2594 5634 in
2623 5595 2784 5650 opere
2828 5596 2932 5633 non
2987 5579 3134 5635 solus
3162 5580 3293 5651 agis.
3336 5579 3544 5635 Corona
3592 5580 3684 5634 tibi
3711 5581 3777 5634 ab

2198 5674 2315 5742 ipso
2341 5685 2457 5738 est;
2495 5689 2631 5742 opus
2659 5682 2836 5726 autem
2882 5673 2979 5726 abs
3026 5681 3078 5725 te
3124 5682 3226 5735 est,
3259 5671 3351 5726 sed
3381 5688 3484 5726 non
3528 5673 3629 5726 nisi
3661 5673 3776 5741 ipso

2198 5762 2497 5826 adiuvante.
2533 5764 2665 5818 Cum
2703 5773 2880 5817 autem
2925 5763 3118 5816 Paulus
3146 5766 3437 5832 apOstolus,
3470 5763 3619 5833 prius
3641 5762 3771 5819 Sau-
