4108 6326
401 345 422 400 1
436 345 538 401 465

398 455 498 518 lus,
522 454 918 510 crudelissimus
944 459 1161 508 essetet
1193 448 1607 505 immanissimus
1641 454 1967 515 persecutor,

400 551 531 604 nihil
557 551 774 603 omnino
811 548 935 602 boni
975 544 1299 606 merebatur,
1333 544 1438 596 imo
1477 539 1777 595 merebatur
1808 536 1973 607 pluri-

400 658 544 695 mum
581 642 703 694 mali
748 658 760 693 :
805 638 1106 693 merebatur
1130 638 1271 691 enim
1300 633 1562 695 damnari,
1595 649 1698 686 non
1725 630 1871 699 eligi.
1908 626 1977 681 Et

399 748 527 786 ecce
556 733 762 798 subito,
804 747 925 785 cum
956 730 1091 783 mala
1131 728 1348 791 faceret,
1394 734 1448 780 et
1490 724 1624 778 mala
1656 732 1971 785 mereretur,

400 839 502 876 una
534 825 734 878 caelesti
780 837 910 876 voce
939 821 1290 891 prosternitur
1317 835 1329 870 :
1361 825 1667 887 persecutor
1701 815 1973 882 dejicitur,

401 913 717 982 prmdieator
767 914 1005 983 erigitur.
1031 911 1186 981 ,Audi
1214 926 1337 966 eum
1383 910 1483 964 hoc
1509 910 1681 978 ipsum
1712 907 1972 963 confiten-

400 1013 507 1057 tem
537 1021 549 1054 :
585 1003 684 1069 Qui
715 1005 854 1072 prius
884 1004 958 1071 fui
984 1003 1322 1070 blasphemus,
1363 1009 1409 1053 et
1440 1009 1742 1069 persecutor,
1773 1008 1820 1049 et
1841 996 1976 1066 inju-

400 1096 593 1157 riosus;
645 1098 733 1148 scd
784 1095 1181 1148 misericordiam
1214 1102 1508 1147 consecutus
1541 1108 1650 1145 sum
1681 1092 1722 1159 (Ι
1762 1088 1891 1152 Tim,
1935 1105 1973 1153 ι,

401 1184 513 1256 15).
542 1186 803 1255 Numquid
850 1187 919 1240 ibi
960 1186 1114 1250 dixit,
1165 1184 1358 1237 Reddet
1406 1183 1527 1235 mihi
1566 1182 1738 1252 justus
1774 1179 1977 1250 judex?

402 1275 825 1341 Misericordiam,
852 1278 1040 1346 inquit,
1068 1287 1359 1329 consecutus
1380 1292 1489 1329 sum
1511 1290 1529 1327 :
1553 1273 1689 1326 mala
1713 1272 1974 1336 merebar,

399 1367 537 1422 bona
563 1369 763 1438 accepi.
794 1367 915 1422 Non
943 1367 1218 1422 secundum
1240 1376 1441 1437 peccata
1470 1375 1642 1419 nostra
1670 1365 1786 1434 fecit
1814 1362 1975 1415 nobis.

400 1458 806 1514 Misericordiam
848 1471 1140 1515 consecutus
1180 1476 1310 1512 sum.
1344 1458 1526 1511 Debita
1557 1457 1684 1509 mihi
1719 1472 1824 1509 non
1855 1462 1979 1508 sunt

400 1552 631 1607 reddita.
655 1552 710 1607 Si
738 1556 878 1606 enim
908 1552 1081 1607 debita
1111 1551 1480 1615 redderentur,
1507 1546 1821 1617 supplicium
1852 1544 1977 1599 red-

398 1643 633 1699 deretur.
679 1645 817 1711 Non,
868 1645 1059 1714 inquit,
1092 1643 1269 1712 accepi
1319 1641 1458 1711 quod
1499 1640 1790 1695 debebatur
1831 1655 1845 1691 :
1892 1639 1979 1690 sed

400 1737 796 1790 misericordiam
826 1746 1116 1791 consecutus
1144 1751 1275 1789 sum.
1320 1731 1439 1787 Non
1473 1732 1745 1787 secundum
1775 1740 1979 1801 peccata

399 1838 571 1881 nostra
597 1831 711 1898 fecit
741 1831 902 1884 nobis.

476 1922 703 1977 CAPUT
742 1921 828 1975 Ill.
867 1952 938 1985 —_—
965 1920 1017 1975 5.
1053 1917 1207 1972 Pauli
1234 1916 1463 1971 mutatio.
1506 1913 1783 1985 Propltetia
1816 1911 1977 1966 Jacob

398 2020 453 2073 in
482 2017 649 2071 Paulo
676 2012 1235 2085 intpleta.—Quantum
1255 2010 1406 2063 distat
1426 2009 1589 2061 oriens
1615 2008 1676 2060 ab
1702 2006 1975 2068 occidente,

398 2096 548 2180 longe
589 2107 704 2177 fecit
734 2124 766 2159 a
805 2106 947 2159 nobis
985 2104 1272 2171 iniquitates
1315 2110 1511 2155 nostras
1541 2096 1713 2167 (Psal.
1763 2113 1855 2160 cn,
1888 2096 1975 2160 10,

400 2200 513 2269 12).
546 2198 802 2266 Quantum
843 2196 995 2250 distat
1024 2196 1187 2248 oriens
1208 2193 1268 2247 ab
1303 2191 1557 2246 occidente
1582 2206 1601 2244 :
1631 2198 1874 2243 avertere
1907 2186 1976 2241 ab

399 2288 700 2352 occidente,
728 2294 1042 2340 convertere
1066 2284 1131 2337 ad
1162 2284 1448 2337 orientem.
1471 2281 1606 2335 Ecce
1629 2294 1763 2333 unus
1795 2281 1971 2341 homo,

400 2382 591 2436 Saulus
640 2389 694 2435 et
730 2378 925 2433 Paulus
969 2377 1204 2431 :Saulus
1248 2375 1301 2428 in
1348 2372 1642 2434 occidente,
1675 2371 1872 2425 Paulus
1924 2370 1977 2422 in

398 2473 640 2535 oriente;
712 2477 1020 2538 perseeutor
1072 2466 1123 2520 in
1181 2465 1488 2528 occidente,
1549 2461 1861 2531 prmdiCator
1924 2461 1975 2513 in

400 2565 626 2617 oriente.
653 2560 912 2616 Occidunt
940 2558 1012 2612 ibi
1045 2567 1280 2627 peccata,
1312 2556 1480 2609 oritur
1510 2552 1633 2607 inde
1656 2551 1880 2621 justitia.
1924 2550 1979 2603 In

401 2653 681 2708 occidente
704 2661 874 2711 vetus,
905 2650 959 2702 in
982 2648 1187 2702 oriente
1214 2661 1381 2699 novus
1413 2662 1425 2699 :
1459 2644 1510 2698 in
1538 2642 1814 2696 occidente
1843 2641 1979 2695 Sau-

401 2744 503 2809 lus,
545 2746 594 2797 in
644 2743 849 2797 oriente
879 2740 1089 2793 Paulus.
1127 2737 1277 2793 Unde
1319 2737 1421 2790 hoe
1463 2734 1646 2799 Saulo,
1695 2734 1835 2787 unde
1880 2732 1981 2787 hoc

401 2833 627 2897 crudeli,
682 2832 821 2885 unde
868 2829 969 2883 hoc
1003 2826 1354 2898 persecutori,
1411 2825 1551 2879 unde
1598 2823 1699 2878 hoc
1734 2838 1850 2877 non
1881 2838 1979 2893 pa-

402 2923 569 2977 stori?
594 2923 710 2992 lpse
736 2922 877 2975 enim
906 2930 1020 2975 erat
1047 2920 1200 2988 lupus
1222 2933 1403 2986 rapax,
1428 2917 1495 2971 de
1518 2917 1655 2970 tribu
1680 2914 1976 2983 Benjamin.

404 3013 521 3083 Ipse
545 3012 673 3067 dicit
723 3010 895 3082 (Rom.
945 3026 1016 3074 χι,
1050 3008 1125 3081 l).
1158 3009 1366 3063 Dictum
1411 3015 1588 3060 autem
1618 3015 1733 3059 erat
1767 3005 1818 3057 in
1852 3004 1982 3057 Pro-

406 3104 605 3174 pltetia,
638 3101 907 3173 Benjamin
943 3101 1091 3169 lupus
1136 3114 1320 3167 rapax,
1365 3113 1512 3150 mane
1548 3096 1710 3166 rapiet
1734 3096 1977 3164 prcedam,

404 3203 451 3247 et
476 3193 543 3245 ad
564 3208 820 3261 vesperam
868 3190 1052 3243 dividet
1097 3205 1233 3242 escas
1282 3186 1433 3260 (Gen.
1480 3202 1625 3253 xm,
1664 3186 1780 3255 27).
1830 3185 1982 3239 Prius

406 3284 755 3352 consumpsit,
796 3283 1060 3351 posterius
1100 3281 1259 3350 pavit.
1300 3278 1589 3348 Rapiebat,
1630 3290 1849 3346 prorsus
1894 3290 1981 3329 ra-

405 3379 600 3448 piebat.
629 3376 829 3447 Legite,
857 3376 1093 3444 rapiebat
1123 3391 1135 3426 :
1162 3372 1320 3440 legite
1351 3373 1539 3426 librum
1577 3373 1803 3423 Actuum
1834 3370 1977 3437 Apo-

410 3474 667 3527 stolorum
696 3471 827 3538 (Act.
874 3470 973 3538 ix).
1002 3468 1230 3521 Litteras
1259 3480 1285 3517 a
1318 3463 1653 3533 pontificibus
1678 3456 1981 3529 acceperat,

407 3571 466 3616 ut
490 3573 851 3630 quoscumque
875 3557 1138 3611 inveniret
1165 3563 1429 3609 sectantes
1456 3553 1593 3607 viam
1616 3550 1833 3615 Christi,
1862 3550 1983 3604 vin-

405 3664 521 3708 ctos
543 3651 830 3707 adduceret
861 3648 1175 3720 puniendos.
1220 3647 1350 3710 Ibat,
1403 3645 1678 3710 saeviebat,
1719 3644 1893 3697 c:edes
1930 3650 1986 3697 et

407 3743 719 3814 sanguinem
748 3741 1050 3795 anhelabat.
1098 3739 1237 3792 Ecce
1263 3736 1399 3806 rapit
1429 3753 1442 3789 :
1491 3735 1585 3789 sed
1624 3734 1800 3787 adhuc
1831 3748 1986 3787 mane

414 3844 522 3900 est,
558 3835 762 3887 vanitas
789 3833 887 3886 sub
920 3834 1030 3886 sole
1055 3838 1153 3885 est.
1186 3829 1269 3883 Fit
1297 3829 1344 3882 ei
1374 3842 1612 3896 vespera,
1644 3825 1854 3896 quando
1880 3840 1986 3878 cae-

409 3925 568 3981 citatc
598 3925 906 3993 percutitur.
939 3922 1088 3978 Oculi
1127 3922 1241 3988 ejus
1270 3920 1335 3973 ad
1369 3918 1525 3987 hujus
1564 3917 1745 3971 mundi
1775 3916 1988 3969 vanita-

413 4025 517 4070 tem
571 4014 925 4079 clauduntur,
982 4014 1068 4067 alii
1116 4013 1399 4067 interiores
1443 4010 1824 4063 illuminantur.
1883 4007 1987 4063 Vas

411 4107 568 4175 paulo
592 4116 714 4160 ante
738 4105 1072 4176 perditionis,
1099 4103 1154 4156 fit
1184 4118 1278 4156 vas
1303 4101 1580 4157 electionis
1604 4118 1616 4153 :
1646 4108 1699 4155 et
1735 4115 1860 4153 ecce
1883 4099 1985 4152 im-

412 4198 611 4267 pletur,
635 4195 835 4249 Dividet
861 4212 995 4249 escas
1023 4210 1041 4248 :
1072 4194 1361 4248 divisiones
1382 4208 1623 4247 escarum
1657 4197 1775 4261 ejus
1796 4192 1988 4261 ubique

410 4290 701 4343 recitantur
718 4293 757 4340 ¹.
788 4287 917 4341 Vide
942 4285 1382 4356 quemadmodum
1410 4283 1610 4338 dividat
1637 4296 1808 4337 escas.
1834 4282 1991 4337 Novit

412 4379 539 4449 quid
568 4379 652 4432 cui
679 4388 952 4447 congruat.
990 4376 1214 4440 Dividit;
1248 4392 1349 4429 non
1380 4374 1596 4444 passim,
1632 4389 1736 4427 non
1764 4374 1988 4429 confuse

413 4480 618 4540 erogat.
663 4469 878 4533 Dividit,
922 4469 1020 4522 hoc
1054 4478 1154 4529 est,
1197 4468 1484 4531 distribuit,
1536 4467 1845 4537 distinguit;
1883 4482 1988 4520 non

412 4561 630 4631 passim,
659 4576 763 4613 non
807 4558 1026 4613 confuse
1054 4558 1343 4628 dispensat.
1391 4559 1647 4627 LOquitur
1675 4558 1987 4626 sapientiam

416 4654 557 4707 inter
582 4653 844 4722 perfectos
880 4651 924 4724 (ι
957 4651 1073 4705 Cor.
1119 4667 1175 4717 tt,
1210 4651 1262 4720 6)
1312 4668 1325 4703 :
1370 4650 1682 4721 quibusdam
1725 4665 1853 4703 vero
1883 4666 1987 4703 non

407 4748 714 4802 valentibus
739 4762 929 4816 capere
956 4745 1179 4799 solidum
1201 4744 1402 4809 cibum,
1441 4744 1680 4798 dividens
1713 4742 1861 4805 dicit,
1884 4741 1989 4794 Lac

410 4839 549 4893 uobis
571 4849 744 4908 potum
770 4837 887 4891 dedi
915 4835 1027 4907 (Id.
1058 4852 1136 4898 ιιι,
1160 4835 1239 4904 2).

480 4928 707 4985 CAPUT
747 4928 831 4982 IV.
856 4958 926 4968 —
950 4928 1001 4980 4.
1036 4925 1233 4978 Paulus
1256 4933 1368 4993 post
1388 4922 1484 4977 Dei
1512 4924 1728 4993 gratiam
1762 4922 1988 4976 retribuit

419 5029 550 5074 Dona
574 5037 747 5089 opera.
772 5020 907 5073 Ecce
936 5019 1035 5071 hoc
1076 5017 1219 5078 facit.
1260 5017 1349 5084 qui
1378 5015 1534 5084 paulo
1572 5024 1694 5067 ante
1722 5013 1946 5067 faciebat
1972 5028 1984 5063 :

415 5113 580 5183 quid?
600 5113 733 5166 Nolo
754 5110 1019 5167 recordari
1052 5127 1065 5162 :
1095 5109 1200 5163 imo
1240 5107 1492 5162 recorder
1533 5105 1761 5159 hominis
1801 5105 1989 5174 nequi-

410 5207 560 5270 tiam,
595 5214 653 5259 ut
681 5205 968 5274 approbem
1008 5203 1098 5257 Dei
1132 5199 1570 5255 misericordiam.
1610 5200 1651 5252 A
1691 5214 1796 5268 quo
1821 5200 1987 5267 patie-

409 5297 564 5350 batur
610 5296 872 5358 Christus,
928 5293 1123 5363 patitur
1161 5307 1256 5360 pro
1303 5289 1517 5345 Christo
1560 5307 1572 5343 :
1608 5288 1664 5343 fit
1690 5290 1884 5343 Paulus
1919 5305 1981 5343 ex

407 5388 598 5449 Saulo;
639 5386 695 5439 ﬁt
725 5400 880 5439 verus
910 5384 1058 5438 testis
1096 5399 1159 5436 ex
1192 5381 1346 5435 falso.
1373 5380 1472 5449 Qui
1508 5380 1804 5449 spargebat,
1834 5380 1984 5434 colli-

405 5478 481 5546 git
513 5494 525 5528 :
556 5476 643 5546 qui
675 5474 1029 5544 Oppugnabat,
1059 5471 1313 5526 defendit.
1337 5470 1490 5526 Unde
1511 5470 1611 5524 hoc
1634 5471 1814 5533 Saulo,
1838 5469 1979 5540 quod

405 5568 670 5622 dicimus?
719 5567 893 5634 Ipsum
948 5563 1242 5617 audiamus.
1291 5561 1560 5627 Qumritis,
1608 5562 1796 5631 inquit,
1840 5562 1981 5616 unde

406 5662 506 5714 hoc
537 5658 705 5713 mihi?
731 5658 844 5711 Non
865 5666 967 5721 est,
1017 5656 1203 5724 inquit,
1234 5653 1338 5708 hoc
1369 5669 1397 5706 a
1427 5669 1510 5708 me
1537 5670 1551 5707 :
1577 5652 1979 5707 Misericordiam

406 5790 411 5793 ·
467 5778 483 5809 ί
511 5777 581 5823 sic
603 5774 783 5834 aliquot
804 5777 909 5820 Mss.
935 5769 1020 5819 Alii
1036 5782 1144 5823 wm
1168 5768 1310 5818 alitis
1326 5802 1342 5831 ,
1366 5767 1572 5828 quotidie
1608 5768 1885 5817 recitantur.

1708 328 1937 386 SERMU
1973 330 2334 387 CCCXXXIII.

3524 348 3655 403 “(id

2083 456 2375 501 consecutus
2398 464 2527 501 sum.
2568 448 2682 502 Non
2712 459 2810 513 est,
2837 451 3023 521 inquit,
3056 455 3181 509 mibi
3214 457 3314 513 hoc
3343 476 3370 512 a
3404 478 3487 516 me
3514 483 3528 521 :
3555 465 3659 519 Mi-

2083 539 2405 594 scricordiam
2449 553 2739 596 consecutus
2768 561 2897 597 sum.
2951 547 3085 611 Quid
3127 552 3395 606 retribuam
3440 553 3661 611 Domino

2083 644 2174 698 pro
2203 633 2430 686 omnibus
2452 650 2566 699 qua:
2594 636 2819 688 retribuit
2861 637 3025 691 mihi?
3055 639 3316 695 lletribnit
3355 645 3517 709 enim,
3562 648 3654 701 sed

2083 733 2186 771 non
2222 722 2355 774 mala
2400 738 2494 789 pro
2525 725 2674 778 malis
2710 742 2723 778 :
2752 726 2993 782 retribuit
3022 729 3196 796 plane,
3228 732 3320 786 sed
3370 749 3475 788 non
3516 738 3652 789 mala

2084 827 2180 881 pro
2209 812 2392 878 malis;
2425 818 2667 871 retribuit
2707 818 2842 873 bona
2886 835 2984 890 pro
3024 823 3192 875 malis.
3226 824 3359 890 Quid
3408 842 3533 895 ergo
3562 845 3653 883 re-

2083 904 2347 958 tribuam?
2386 904 2602 960 Calicem
2644 908 2883 964 salutaris
2926 913 3172 981 accipiam
3203 913 3374 983 (Psal.
3406 932 3526 982 ειν,
3562 920 3650 979 12.

2083 994 2195 1063 l5).
2233 995 2389 1049 Certe
2411 998 2780 1056 retribuehas?
2818 1003 3028 1071 Accipis
3055 1020 3067 1056 :
3099 1003 3270 1058 adhuc
3299 1008 3517 1075 accipis.
3547 1007 3650 1063 Sed

2083 1086 2240 1139 modo
2268 1086 2420 1155 plane
2462 1090 2843 1157 propinquante
2880 1094 3146 1160 passione,
3180 1097 3468 1151 retribuam
3511 1099 3648 1152 bona

2084 1194 2178 1247 pro
2207 1179 2378 1242 bonis,
2412 1197 2513 1235 non
2544 1183 2679 1236 bona
2708 1199 2801 1252 pro
2843 1186 3015 1240 malis.
3050 1187 3201 1240 Prius
3228 1203 3352 1258 ergo
3397 1190 3650 1243 Dominus

2082 1270 2310 1325 debebat
2360 1273 2495 1325 mala
2549 1289 2643 1341 pro
2685 1275 2835 1328 malis
2867 1294 2879 1328 :
2910 1278 3076 1331 noluit
3120 1290 3294 1332 autem
3352 1284 3646 1338 retribuere

2084 1361 2219 1414 tnala
2252 1378 2345 1428 pro
2380 1363 2551 1425 malis,
2582 1364 2672 1417 sed
2705 1367 2949 1420 retribuit
2983 1368 3117 1421 bona
3147 1385 3243 1439 pro
3274 1372 3446 1427 malis.
3477 1373 3653 1427 lletri-

2084 1453 2292 1506 buendo
2321 1454 2454 1507 bona
2484 1470 2579 1523 pro
2610 1457 2781 1522 malis,
2814 1458 3011 1512 invenit
3047 1464 3313 1530 quomodo
3340 1464 3659 1519 retribueret

2083 1544 2218 1599 bona
2251 1559 2345 1613 pro
2374 1546 2546 1602 bonis.

2153 1635 2378 1691 CAPUT
2412 1637 2470 1691 V.
2501 1668 2571 1678 ——
2596 1639 2648 1692 5.
2678 1639 2823 1692 Bona
2872 1659 3023 1711 opera
3051 1643 3182 1697 dona
3207 1644 3320 1698 Dei.
3357 1646 3511 1701 Pauli
3537 1666 3658 1717 pro-

2085 1728 2199 1797 pria
2231 1729 2431 1781 nonnisi
2458 1730 2611 1782 mala.
2642 1731 2944 1785 Ecceenim
2973 1734 3023 1787 in
3056 1734 3249 1796 Paulo.
3281 1738 3428 1806 prius
3456 1739 3617 1793 Saulo
3639 1782 3654 1800 ,

2084 1820 2212 1873 nihil
2234 1820 2354 1874 boni
2375 1822 2733 1877 invenit.Cum
2753 1824 2802 1877 in
2824 1825 2914 1878 illo
2929 1827 3060 1881 nihil
3076 1828 3196 1881 boni
3220 1830 3524 1897 invenisset,
3548 1850 3654 1887 ma-

2083 1909 2134 1964 la
2177 1911 2413 1972 dimisit,
2445 1912 2582 1967 bona
2613 1916 2875 1970 retribuit.
2906 1919 3035 1972 Cum
3079 1935 3205 1989 ergo
3244 1923 3291 1975 ei
3339 1925 3481 1990 prius
3522 1926 3658 1979 bona

2083 2003 2349 2067 retribuit,
2382 2006 2640 2071 prmvenit
2668 2024 2681 2060 :
2711 2008 2802 2061 sed
2819 2010 3066 2063 donando
3091 2011 3225 2064 bona
3248 2013 3263 2043 ¹
3284 2014 3479 2082 quibus
3505 2018 3661 2068 retri-

2082 2091 2269 2147 bueret
2297 2094 2431 2148 bona
2453 2135 2469 2158 ,
2500 2110 2625 2150 ecce
2653 2098 2896 2153 retribuit
2922 2102 3220 2157 mercedem
3245 2103 3325 2158 his
3353 2106 3505 2160 bonis
3525 2122 3657 2175 epe-

2082 2182 2249 2237 rihus.
2297 2184 2500 2238 Bonum
2545 2196 2812 2241 certamen
2857 2193 3115 2257 certauti,
3162 2209 3373 2249 cursum
3413 2212 3663 2252 consum-

2083 2273 2277 2339 manti,
2322 2272 2478 2327 fidem
2523 2278 2788 2343 servanti,
2822 2280 3066 2334 retribuit
3117 2283 3288 2345 bona;
3335 2286 3427 2339 sed
3471 2287 3661 2355 quibus

2083 2364 2271 2420 bonis?
2299 2367 2428 2431 Qua:
2474 2369 2586 2435 ipse
2611 2368 2776 2423 dedit.
2811 2373 3000 2425 Annon
3041 2373 3153 2443 ipse
3173 2374 3345 2440 dedit,
3379 2386 3439 2431 ut
3463 2377 3659 2432 bonum

2083 2464 2350 2510 Certamen
2377 2461 2649 2512 certares?
2678 2461 2731 2514 Si
2757 2476 2861 2514 non
2894 2462 3006 2531 ipse
3044 2464 3218 2531 dedit,
3246 2466 3371 2535 quid
3413 2477 3495 2522 est
3521 2470 3659 2538 quod

2083 2546 2190 2600 alio
2219 2548 2334 2601 loco
2362 2548 2522 2613 dicis,
2554 2547 2680 2603 Plus
2703 2550 2805 2603 illis
2833 2554 3064 2607 omnibus
3087 2556 3345 2619 laboravi;
3374 2575 3471 2610 non
3497 2568 3664 2612 autem

2058 2654 2176 2711 (ego
2195 2678 2211 2703 ,
2253 2640 2344 2691 sed
2381 2642 2545 2709 gratia
2574 2640 2668 2695 Dei
2695 2659 2885 2695 mecum
2908 2643 2949 2706 (l
2970 2642 3086 2698 Cor.
3122 2662 3220 2711 xv,
3251 2647 3374 2716 10)?
3402 2647 3538 2701 Ecce
3567 2650 3665 2702 ite-

2083 2748 2198 2785 rum
2226 2732 2359 2788 dicis
2377 2775 2391 2800 ,
2422 2734 2634 2788 Cursum
2660 2738 3018 2790 consummavi.
3044 2738 3157 2791 Non
3187 2751 3239 2792 et
3263 2740 3373 2810 ipse
3402 2741 3579 2807 dedit,
3605 2750 3665 2795 nt

2084 2839 2299 2879 cursum
2330 2827 2769 2882 eonsummares?
2806 2829 2861 2883 Si
2904 2843 3010 2882 non
3059 2830 3170 2897 ipse
3198 2830 3376 2897 dedit,
3409 2832 3531 2901 quid
3581 2843 3666 2887 est

2084 2918 2223 2987 quod
2247 2919 2352 2972 alio
2392 2920 2508 2972 loco
2533 2919 2665 2973 dicis
2684 2960 2698 2983 ,
2744 2919 2865 2973 Non
2892 2922 3100 2974 volentis
3119 2962 3132 2982 .
3178 2938 3335 2991 neque
3373 2924 3619 2976 currentis
3643 2964 3660 2988 ,

2085 3008 2172 3061 sed
2195 3010 2471 3063 miserentis
2501 3019 2575 3063 est
2614 3010 2709 3064 Dei
2738 3010 2915 3079 (Rom.
2958 3027 3043 3075 Ix,
3077 3010 3203 3082 l6)?
3242 3010 3422 3065 Fidem
3451 3014 3661 3066 servari.

2085 3100 2320 3156 Servasti
2352 3120 2366 3155 :
2393 3118 2657 3171 agnosco,
2698 3104 2967 3171 approbo;
3013 3105 3210 3169 fateor,
3252 3106 3495 3159 servasti.
3522 3105 3623 3159 Sed
3645 3145 3662 3170 ,

2088 3189 2209 3245 Nisi
2250 3191 2496 3245 Dominus
2525 3193 2815 3245 custodierit
2853 3194 3133 3259 civitatem,
3174 3195 3227 3246 in
3267 3209 3452 3247 uanum
3493 3196 3667 3265 vigilat

2086 3282 2169 3351 qui
2213 3283 2425 3336 custodit
2452 3299 2561 3335 eant
2588 3281 2756 3352 (Psal.
2787 3299 2949 3338 cxxw
2971 3325 2984 3347 ,
3020 3282 3094 3370 1).
3128 3283 3223 3337 Illo
3261 3300 3388 3354 ergo
3428 3286 3542 3354 ipso
3567 3287 3668 3339 ad-

2082 3374 2298 3443 juvante
2317 3414 2332 3438 ,
2362 3374 2581 3441 ipsoque
2610 3373 2873 3437 donante,
2903 3382 2958 3427 et
2980 3375 3194 3431 bonum
3232 3390 3454 3443 agonem
3490 3385 3666 3430 certa-

2087 3465 2177 3529 sti,
2208 3474 2262 3518 et
2289 3479 2500 3518 cursum
2522 3465 2924 3528 consummasti,
2950 3473 3004 3519 et
3025 3465 3179 3519 fidem
3207 3466 3446 3519 servasti.
3480 3468 3549 3520 Da
3578 3482 3668 3521 ve-

2087 3555 2260 3619 niam,
2308 3555 2596 3625 Apostole,
2643 3556 2853 3625 propria
2882 3564 2971 3610 tua
3014 3572 3118 3610 non
3165 3557 3320 3618 novi.
3361 3557 3459 3611 nisi
3507 3558 3664 3611 mala.

2092 3646 2162 3701 Da
2207 3646 2448 3710 veniam,
2492 3646 2777 3714 Apostole;
2821 3646 3079 3713 dicimus,
3128 3648 3249 3717 quia
3294 3656 3347 3701 ιιι
3390 3648 3663 3703 docuisti:

2088 3737 2249 3792 audio
2297 3738 2674 3800 confitentem,
2715 3753 2821 3792 non
2869 3739 3081 3793 invenio
3124 3740 3406 3809 ingratum.
3441 3740 3664 3795 Prorsus

2090 3836 2178 3881 tua
2204 3843 2233 3881 a
2264 3838 2315 3882 te
2341 3828 2433 3881 tibi
2463 3836 2642 3897 parata
2673 3843 2779 3882 non
2812 3829 3074 3895 novimus,
3100 3831 3200 3883 nisi
3233 3830 3386 3883 mala.
3417 3831 3549 3884 Ctnn
3576 3846 3667 3884 er-

2090 3933 2156 3987 go
2186 3918 2326 3973 Deus
2353 3927 2574 3973 coronat
2616 3920 2804 3973 merita
2841 3929 2960 3987 tua,
2991 3918 3119 3973 nihil
3141 3929 3361 3975 coronat
3388 3922 3490 3976 nisi
3528 3922 3667 3976 dona

2090 4023 2206 4063 sua.

2161 4099 2387 4159 CAPUT
2416 4100 2501 4154 VI.
2532 4132 2602 4141 —
2630 4102 2682 4157 6.
2712 4101 2898 4155 Contra
2935 4112 3288 4171 prwsumentes
3317 4104 3379 4157 de
3404 4104 3558 4159 libero
3585 4121 3672 4158 ar-

2093 4193 2238 4246 bitrio
2260 4235 2274 4260 ,
2307 4194 2547 4265 probatur
2576 4211 2677 4248 non
2718 4195 2879 4249 inesse
2912 4195 3053 4247 nobis
3080 4195 3350 4265 quidquam
3396 4195 3511 4249 boni
3530 4238 3545 4261 ,
3572 4197 3669 4249 nisi

2092 4301 2124 4337 a
2154 4284 2281 4340 Deo.
2324 4284 2545 4355 Spiritus
2585 4286 2740 4356 hujus
2786 4286 2961 4338 mundi
2987 4287 3108 4356 facit
3150 4287 3410 4356 superbos.
3438 4288 3582 4340 Ilanc
3608 4288 3670 4339 li-

2093 4374 2213 4429 dem
2240 4391 2523 4445 veramque
2553 4376 2800 4445 pietatem
2822 4417 2836 4439 ,
2864 4391 2928 4430 ne
2955 4377 3073 4444 quis
3101 4377 3385 4429 extollatur
3411 4375 3478 4430 de
3506 4377 3672 4429 libero

2100 4469 2352 4533 arbitrio,
2387 4470 2437 4522 in
2484 4469 2642 4523 bonis
2680 4469 2931 4537 operibus
2986 4468 3125 4537 (quae
3153 4468 3390 4537 quisquis
3436 4461 3627 4536 accipit
3655 4509 3669 4528 .

2094 4561 2172 4614 sic
2212 4560 2471 4629 accipiat,
2502 4572 2558 4614 ut
2600 4561 2809 4613 noverit
2852 4559 3099 4622 dantem,
3146 4568 3203 4611 nt
3226 4558 3464 4627 quisquis
3499 4558 3672 4611 datori

2096 4667 2202 4705 non
2235 4653 2303 4706 sit
2347 4653 2584 4722 ingratus
2609 4693 2625 4716 ,
2666 4652 2875 4706 medico
2906 4667 3009 4705 non
3050 4651 3351 4719 superbiat,
3393 4651 3473 4703 vel
3502 4651 3674 4704 adhuc

2095 4744 2342 4811 insanus,
2366 4745 2447 4799 vel
2480 4761 2584 4798 non
2624 4760 2655 4799 ιι
2698 4760 2757 4799 se
2804 4742 2986 4815 sanus)
3020 4760 3033 4795 :
3064 4742 3220 4809 hane,
3254 4744 3489 4812 inquam,
3516 4743 3671 4797 fidem

2094 4852 2381 4904 veramque
2424 4836 2672 4905 pietatem
2709 4838 2871 4891 nullm
2921 4837 3404 4905 argumentationes
3445 4839 3675 4892 evellant

2095 4927 2162 4980 de
2181 4927 2432 4982 cordibus
2476 4929 2683 4982 vestris.
2721 4926 2941 4981 Servate
2987 4928 3126 4995 quod
3174 4929 3474 4995 accepistis.
3531 4928 3666 4995 Quid

2096 5018 2236 5070 enim
2262 5017 2467 5071 habetis
2490 5019 2627 5087 quod
2657 5034 2759 5070 non
2789 5018 3106 5085 accepistis?
3131 5017 3238 5072 lloc
3265 5028 3347 5073 est
3375 5018 3486 5072 Deo
3504 5020 3672 5072 Conli-

2098 5108 2227 5170 teri,
2278 5108 2456 5163 dicere
2498 5109 2637 5177 quod
2683 5109 2757 5161 ait
2794 5109 3066 5176 apostolus
3109 5109 3332 5173 Paulus,
3369 5109 3482 5166 Nos
3509 5123 3674 5163 autem

2096 5216 2194 5253 non
2232 5202 2466 5271 sp’ritum
2513 5201 2665 5270 hujus
2694 5202 2870 5252 mundi
2908 5202 3207 5269 accepimus.
3252 5201 3479 5271 Spiritus
3521 5201 3678 5270 hujus

2095 5291 2275 5344 mundi
2305 5290 2430 5344 facit
2467 5291 2727 5358 superbos
2747 5334 2761 5353 ,
2790 5290 3008 5359 spiritus
3038 5291 3194 5360 hujus
3223 5293 3401 5345 mundi
3435 5292 3557 5346 facit
3596 5292 3679 5345 in-

2095 5380 2273 5443 flatos,
2301 5381 2517 5447 spiritus
2544 5381 2698 5448 hujus
2739 5380 2920 5434 mundi
2951 5381 3072 5435 facit
3100 5391 3157 5435 ut
3191 5390 3337 5450 putet
3363 5396 3420 5436 se
3453 5383 3677 5451 quisque

2092 5473 2290 5544 aliquid
2318 5488 2467 5537 esse,
2497 5489 2617 5526 enm
2660 5474 2791 5528 nihil
2836 5476 2924 5527 sit.
2959 5473 3062 5528 Sed
3092 5485 3275 5528 contra
3304 5474 3545 5544 spiritum
3575 5474 3674 5527 hu-

2091 5565 2176 5634 jus
2205 5565 2418 5629 mundi,
2449 5565 2574 5635 quid
2604 5565 2679 5618 ait
2707 5566 3030 5635 Apostolus?
3080 5566 3277 5620 Contra
3308 5565 3548 5633 Spiritum
3579 5565 3677 5619 ltu-

2090 5658 2175 5723 jus
2206 5657 2383 5710 mundi
2433 5657 2669 5710 inflatum
2691 5697 2706 5718 ,
2749 5656 3035 5725 superbum
3058 5697 3072 5721 ,
3112 5656 3400 5723 tumidutn,
3432 5657 3629 5712 elatum
3651 5694 3671 5721 ,

2161 5771 2175 5800 ί
2202 5768 2397 5828 Quidam
2424 5777 2546 5829 uss,
2575 5768 2831 5832 pra'venit,
2857 5767 3105 5820 reddendo
3125 5768 3266 5823 bona.
