4108 6326
494 318 517 369 ⁴Ι
528 316 630 371 ι67

494 448 599 485 ιιυιι
625 427 849 483 soiidmn
871 467 883 484 .
911 422 1037 494 quid
1060 421 1167 477 ait?
1191 420 1301 475 Nos
1327 437 1425 474 non
1453 418 1686 488 spiritum
1720 417 1875 485 hujus
1900 412 2077 466 mundi

491 524 772 590 accepimus
793 561 806 579 .
828 521 914 572 sed
937 517 1170 586 spiritum
1197 515 1283 586 qui
1308 530 1369 568 ex
1404 511 1511 567 Deo
1537 522 1627 565 est.
1667 508 1816 564 Unde
1848 506 2080 577 probas?

494 615 562 670 Ut
590 615 808 668 sciamus
828 624 943 681 qua:
970 626 1001 662 a
1032 607 1137 662 Deo
1156 609 1344 661 donata
1370 614 1487 660 sunt
1509 603 1648 657 nobis
1677 602 1717 676 (l
1740 601 1838 658 Cor
1859 616 1893 654 ll
1915 642 1930 665 ,
1965 600 2075 669 12).

491 707 807 781 [Audiamus
838 708 910 773 (a)
933 720 1060 774 ergo
1092 703 1381 758 Dominum
1413 700 1675 755 dicentem
1700 738 1713 761 ,
1743 696 1868 751 Sine
1897 710 1974 747 me
1998 694 2078 746 ιιὶ-

489 801 561 853 hil
577 799 781 869 potestis
805 798 971 867 facere
1000 794 1177 867 (Joan.
1211 811 1277 848 xv
1296 836 1311 860 ,
1344 794 1423 863 5).
1453 791 1518 846 Et
1545 790 1706 856 illud,
1738 787 1903 842 Nemo
1929 786 2075 839 habet

485 894 759 964 quidquam
778 933 793 956 ,
842 890 941 944 nisi
964 890 1007 943 ei
1031 889 1209 942 datum
1244 886 1394 956 fuerit
1437 885 1657 953 desuper
1697 881 1806 954 (Id.
1837 896 1927 944 III,
1958 876 2072 948 27).

488 985 551 1038 Et
572 1024 586 1045 ,
620 982 783 1037 Nemo
805 982 934 1036 venit
952 980 1019 1034 ad
1044 996 1121 1033 me
1139 1021 1153 1043 ,
1186 980 1284 1033 nisi
1309 976 1466 1032 Pater
1487 977 1572 1047 qui
1601 975 1736 1028 misit
1761 990 1839 1027 me
1864 971 2073 1026 traxerit

484 1092 599 1127 cum
628 1072 736 1145 (Id.
768 1090 846 1137 vI,
878 1072 989 1143 44).
1033 1072 1100 1126 Et
1126 1072 1286 1135 illud,
1322 1068 1429 1140 Ego
1457 1086 1568 1123 sum
1596 1068 1738 1131 vitis,
1771 1082 1858 1119 vos
1888 1063 2075 1134 palmi-

484 1179 574 1221 tes.
606 1166 753 1222 Sicut
796 1166 988 1235 palmes
1025 1181 1125 1217 non
1168 1172 1327 1233 potest
1357 1166 1525 1233 facere
1571 1160 1789 1229 fructum
1818 1174 1850 1210 α
1894 1165 2073 1210 semet-

482 1264 612 1330 ipso,
634 1260 729 1313 nisi
755 1255 991 1312 manserit
1013 1257 1065 1311 in
1096 1258 1223 1322 rite;
1252 1257 1324 1311 sic
1351 1266 1399 1309 et
1426 1271 1531 1319 vos,
1556 1254 1655 1308 nisi
1682 1253 1734 1305 in
1764 1268 1843 1305 me
1866 1266 2069 1304 manse-

480 1355 592 1408 ritis
622 1353 733 1422 (Id.
767 1368 853 1417 xv,
888 1352 921 1407 5
952 1360 1000 1405 et
1029 1350 1106 1421 4).
1136 1351 1203 1403 Ει
1232 1349 1357 1403 illud
1383 1348 1521 1418 quod
1548 1345 1775 1401 Jacobns
1796 1342 2069 1413 apostolus

484 1455 807 1516 protestatur
824 1486 840 1508 ,
890 1444 1076 1499 dicens
1127 1460 1140 1495 :

480 1540 675 1592 donum
697 1537 971 1607 perfectum
1001 1535 1266 1588 desursum
1291 1542 1393 1597 est,
1422 1529 1727 1585 descendens
1747 1546 1778 1582 a
1805 1528 1962 1582 Patre
1984 1528 2067 1581 lu-

480 1631 672 1684 minum
714 1628 916 1699 (Jacobi
954 1644 1005 1692 I,
1054 1627 1163 1695 l7).
1197 1626 1263 1679 Et
1293 1623 1433 1695 quod
1476 1620 1751 1692 apostolus
1781 1620 1976 1676 Paulus
1999 1618 2067 1673 ad

478 1720 869 1790 reprimendam
894 1718 1360 1789 prazsumptionem
1386 1717 1632 1779 illorum,
1678 1714 1767 1783 qui
1794 1712 1862 1768 de
1896 1713 2068 1767 libero

476 1814 698 1869 arbitrio
725 1813 1051 1883 gloriantur,
1082 1812 1277 1865 clamat
1298 1818 1353 1864 et
1385 1808 1553 1873 dicit,
1583 1806 1719 1873 Quid
1746 1805 1896 1860 habes
1929 1805 2067 1875 quod

477 1926 575 1961 non
600 1906 881 1976 accepisti?
909 1905 970 1959 Si
997 1915 1162 1957 autem
1196 1903 1468 1970 accepisti,
1495 1902 1617 1970 quid
1649 1900 1886 1971 gloriaris
1919 1900 2068 1963 quasi

477 2017 577 2052 non
596 1999 847 2067 acceperis
873 1996 914 2067 (l
934 1996 1053 2052 Cor.
1084 2011 1137 2049 Iv
1156 2038 1170 2061 ,
1195 1995 1287 2066 7)?
1318 1995 1382 2049 Et
1406 1994 1533 2048 illud
1549 2035 1563 2058 ,
1597 1993 1773 2047 Gratia
1795 1993 1921 2047 salvi
1943 1992 2067 2063 [acti

475 2109 648 2147 sumus
669 2108 758 2161 per
784 2091 933 2160 {idem
955 2132 970 2156 ,
999 2097 1043 2142 et
1070 2089 1162 2141 hoc
1192 2104 1291 2141 non
1318 2103 1380 2140 ea:
1404 2085 1564 2140 nobis.
1595 2084 1691 2138 Dei
1712 2085 1842 2138 enim
1869 2084 2062 2136 donum

474 2195 546 2238 est
569 2226 583 2247 ,
618 2193 672 2237 ut
708 2200 771 2236 ne
807 2183 918 2253 quis
944 2181 1216 2237 extollatur
1252 2179 1465 2251 (Ep/tes.
1492 2194 1563 2244 II,
1600 2179 1664 2243 8,
1696 2176 1776 2247 9).
1809 2178 1873 2231 Et
1895 2176 2022 2231 illud
2044 2217 2060 2240 ,

488 2276 639 2331 Vobis
682 2276 927 2329 donatum
955 2285 1026 2329 est
1071 2291 1162 2345 pro
1198 2273 1430 2339 Christo,
1458 2289 1560 2326 non
1607 2274 1770 2325 solum
1794 2280 1847 2324 ιιι
1876 2272 1927 2324 in
1947 2288 2061 2325 eum

472 2370 724 2434 credatis,
770 2369 859 2423 sed
900 2370 1049 2421 etiam
1078 2378 1133 2420 ut
1165 2384 1256 2436 pro
1289 2367 1401 2436 ipso
1442 2366 1729 2436 patiamini.
1776 2365 1842 2419 Et
1886 2364 2013 2418 illud
2040 2404 2056 2430 ,

479 2461 613 2516 Deus
640 2463 726 2531 qui
745 2462 891 2529 ccepit
912 2462 962 2515 in
988 2461 1122 2515 vobis
1151 2478 1279 2532 opus
1302 2462 1484 2515 bonum
1501 2503 1515 2525 ,
1548 2460 1772 2529 perﬁciet
1798 2458 2058 2529 (Philipp.

480 2570 529 2617 ι,
555 2553 627 2610 29
646 2596 661 2620 ,
692 2554 769 2621 6).
808 2554 933 2609 llrec
966 2569 1095 2623 ergo
1124 2564 1179 2607 et
1208 2554 1291 2608 bis
1313 2553 1505 2608 similia
1534 2552 1816 2621 diligenter
1841 2567 1902 2605 ac
1932 2551 2063 2605 fide-

473 2647 593 2701 liter
631 2646 958 2716 cogitantes,
1000 2660 1105 2699 non
1151 2645 1553 2714 acquiescamus
1592 2644 1671 2698 eis
1707 2644 1796 2713 qui
1832 2642 2059 2697 liberum

470 2736 749 2789 arbitrium
782 2736 833 2789 in
879 2735 1181 2805 superbiam
1203 2735 1558 2801 extollentes,
1589 2734 1924 2805 prtccipitare
1948 2749 2060 2787 ma-

470 2826 551 2895 gis
575 2842 735 2895 quam
766 2826 976 2881 elevare
1002 2836 1283 2882 conantur.
1314 2827 1419 2882 Sed
1451 2827 1721 2882 humiliter
1748 2828 2061 2883 considere-

472 2934 592 2972 mus
617 2918 742 2972 illud
769 2918 909 2988 quod
940 2920 1225 2986 Apostolus
1249 2919 1409 2986 dicit,
1446 2918 1582 2973 Deus
1604 2930 1674 2974 est
1702 2920 1787 2989 qui
1817 2929 2059 2990 operatur

458 3011 523 3064 in
550 3010 688 3064 vobis
712 3019 756 3063 et
785 3010 911 3064 velle
934 3021 981 3064 et
1011 3012 1252 3081 per/icere
1280 3010 1389 3082 (Id.
1421 3029 1486 3078 II,
1516 3011 1629 3083 15).

540 3104 593 3156 7.
626 3102 828 3157 Gratias
844 3105 1093 3174 agendum
1116 3104 1240 3158 Deo.
1267 3105 1476 3160 Gratias
1500 3122 1719 3176 agamus
1748 3108 1971 3162 Domino
1994 3122 2058 3162 ac

469 3191 728 3247 Salvatori
758 3202 972 3259 nostro,
1001 3195 1091 3263 qui
1124 3210 1222 3250 nos
1251 3196 1407 3250 nullis
1433 3198 1856 3265 prtecedentibus
1897 3201 2058 3254 meri-

471 3285 538 3336 tis
563 3285 868 3338 vulneratos
894 3286 1130 3367 curavit,
1176 3296 1231 3341 et
1274 3287 1519 3341 inimicos
1563 3290 1961 3355 reconciliavit,
2002 3300 2057 3346 et

469 3377 537 3432 de
561 3378 863 3446 captivitate
909 3379 1170 3445 redemit,
1213 3379 1280 3434 de
1308 3381 1541 3436 tenebris
1578 3382 1645 3437 ad
1690 3383 1863 3443 lucem
1891 3386 2055 3440 redu-

472 3471 580 3536 xit,
610 3470 679 3525 dc
707 3480 877 3526 morte
915 3471 980 3525 ad
1010 3472 1169 3526 vitam
1202 3475 1468 3528 revocavit
1496 3492 1510 3528 :
1536 3486 1591 3530 et
1634 3474 1905 3530 humiliter
1927 3493 2057 3532 con-

471 3562 682 3615 litentes
709 3561 1041 3631 fragilitatem
1061 3572 1316 3630 nostram,
1347 3565 1489 3619 illius
1514 3566 1929 3622 miserimrdiam
1956 3569 2056 3622 de-

471 3666 784 3723 precemur,
808 3661 864 3705 ut
888 3653 1013 3721 quia
1058 3668 1186 3717 nos,
1220 3656 1513 3709 secundum
1550 3657 1917 3725 Psalmistam,
1951 3661 2053 3714 mi-

469 3743 756 3797 sericordia
780 3758 872 3797 sua
905 3746 1162 3813 prtcvcnit
1189 3746 1357 3816 (Psal.
1392 3764 1544 3815 LvuI,
1580 3752 1699 3820 Η).
1728 3752 1975 3822 dignetur
2001 3756 2052 3809 in

470 3836 623 3887 nobis
650 3850 752 3887 non
774 3835 944 3888 solum
962 3837 1231 3892 custodire
1250 3881 1264 3904 ,
1296 3840 1388 3893 sed
1417 3842 1577 3895 etiam
1605 3858 1799 3913 augere
1831 3861 2051 3901 munera

470 3926 552 3980 vel
584 3924 838 3979 beneﬁcia
878 3941 970 3980 sua
995 3968 1009 3991 ,
1044 3943 1160 3997 qme
1190 3929 1304 3998 ipse
1346 3930 1593 4001 dignatus
1636 3944 1718 3989 est
1758 3935 1921 4002 dare;
1964 3938 2052 4008 qui

468 4031 589 4071 cum
642 4016 794 4070 Patre
824 4026 879 4072 et
923 4017 1122 4089 Spiritu
1150 4030 1333 4076 sancto
1361 4023 1487 4078 vivit
1514 4033 1571 4080 et
1597 4037 1779 4096 regnat
1812 4028 1952 4084 Deus
1999 4033 2051 4085 in

469 4109 662 4167 sa-cula
685 4111 1019 4164 sxeculorum.
1042 4110 1257 4186 Amen.]

856 4221 1086 4279 SERMO
1122 4223 1474 4284 CCCXXXIV
1515 4231 1532 4253 ‘
1572 4228 1671 4305 (b).

963 4342 1011 4387 In
1031 4338 1175 4389 Natali
1192 4346 1445 4404 Martyrum
1467 4342 1556 4407 (c).

541 4440 589 4492 1.
629 4437 913 4510 Martyrum
954 4445 1191 4499 securitas
1227 4448 1321 4501 sub
1360 4451 1598 4518 praesidio
1644 4452 1756 4507 Dei.
1801 4454 2049 4513 Omnium

384 4600 393 4609 κ
470 4532 682 4597 quidem
754 4535 1015 4591 bonorum
1076 4538 1306 4595 fidelium
1359 4542 1824 4612 Christianorum,
1883 4554 2051 4606 maxi—

472 4638 560 4680 me
597 4633 769 4680 tamen
812 4628 1163 4697 gloriosorum
1202 4644 1493 4705 martyrum
1524 4648 1605 4694 est
1644 4656 1746 4695 vox
1796 4642 1894 4697 ista
1926 4661 1940 4697 :
1988 4645 2051 4699 Si

469 4713 605 4772 Deus
643 4734 734 4787 pro
761 4719 921 4783 nobis,
970 4724 1081 4792 quis
1104 4734 1280 4780 contra
1327 4730 1462 4783 nos?
1488 4730 1772 4789 Fremebat
1820 4738 2049 4795 mundus

471 4805 727 4863 adversus
752 4825 845 4864 eos
864 4851 879 4875 ,
909 4815 1086 4884 populi
1110 4816 1503 4875 meditabantur
1542 4822 1716 4878 inania
1736 4867 1751 4892 ,
1781 4827 2048 4898 principes

467 4899 855 4955 conveniebant
880 4903 930 4956 in
971 4920 1133 4960 unum
1160 4907 1330 4976 (Psal.
1359 4912 1474 4977 ",1
1500 4953 1515 4977 ,
1548 4912 1644 4984 2):
1674 4920 2051 4989 excogitabano

469 4996 554 5040 tur
592 4990 714 5044 novi
742 4993 1007 5049 cruciatus
1026 5037 1040 5060 ,
1071 5006 1123 5051 et
1152 5012 1336 5067 pmnas
1376 5001 1716 5062 incredibiles
1747 5009 2050 5069 inveniebat

466 5079 739 5149 ingeniosa
752 5084 1055 5140 crudelitas.
1074 5087 1447 5149 Obruebantur
1462 5098 1779 5168 approbriis,
1798 5101 1942 5158 falsis
1963 5120 2050 5159 ar-

465 5170 761 5237 guebantur
789 5175 1120 5245 criminibus,
1144 5183 1401 5239 custodiis
1426 5185 1847 5246 intolerabilibus
1874 5195 2046 5251 inclu-

466 5262 725 5319 debantur
743 5307 759 5329 ,
793 5270 999 5339 ungulis
1025 5274 1381 5331 exarabantur
1400 5319 1414 5342 ,
1439 5277 1581 5335 ferro
1608 5283 2006 5351 perimebantur
2028 5332 2044 5357 ,

468 5352 650 5408 bestiis
671 5357 1113 5430 suln'igebantur,
1144 5366 1352 5435 ignibus
1389 5372 1796 5441 cremabantur,
1824 5387 1878 5433 et
1902 5352 2046 5436 dice;

466 5470 859 5576 L0;.l-‘.tnondatus
896 5474 954 5523 ad
999 5484 1103 5528 tres
1139 5479 1217 5528 οι).
1242 5481 1301 5530 ad
1334 5480 1367 5530 f.
1396 5489 1432 5531 t.
1457 5497 1504 5533 v.
1541 5493 1592 5535 et
1626 5487 1686 5536 ad
1718 5498 1817 5540 Am.
1845 5497 1917 5542 Er.
1946 5502 2043 5546 Par.

470 5600 491 5682 '_
508 5589 1004 5682 ﬁgatﬁtiqupgnejs
1027 5599 1477 5682 inelLusajvtAdemm-A
1494 5608 1683 5682 adjecta
1703 5614 1764 5663 ab
1785 5614 1899 5682 alio,
1924 5618 2046 5671 forte

464 5658 725 5726 sfw.
752 5664 810 5726 ut_
830 5661 876 5708 in
900 5660 1015 5726 aliis
1026 5664 1310 5726 quibusdam
1330 5682 1392 5717 ex
1415 5669 1479 5719 50
1501 5658 1727 5726 "timidis:

526 5713 601 5839 Eb;
624 5714 760 5787 Alias,
781 5719 846 5769 de
867 5713 1138 5772 Sanctis'48.

550 5790 575 5824 c
621 5784 773 5833 Cttant
796 5782 919 5832 Beda
935 5790 987 5835 et
1006 5785 1170 5839 Florus

550 5782 598 5839 c)
621 5782 773 5833 Citant
796 5782 919 5832 Beda
935 5790 987 5835 et
1006 5785 1170 5840 Florus
1191 5790 1250 5840 ad
1271 5795 1395 5843 Rom.
1421 5808 1517 5846 ται.

1733 300 1789 356 S.
1831 292 2193 354 AUGUSTINI
2235 293 2532 351 EPISCOPI

1200 1441 1362 1496 Omne
1385 1443 1561 1494 datum
1584 1438 1797 1501 bonum,
1841 1444 1887 1489 et
1925 1442 2082 1488 omne'

3636 302 3779 365 1468

2194 407 2319 460 bant
2344 416 2606 479 martyres
2631 404 2827 463 Christi
2857 425 2869 462 :
2904 409 2965 464 Si
2990 408 3127 465 Deus
3152 428 3243 484 pro
3271 413 3429 478 nobis,
3458 416 3572 484 quis
3596 428 3776 469 contra

2191 499 2322 552 nos?
2364 498 2530 553 Totus
2569 499 2795 553 mundus
2821 511 3003 556 contra
3026 517 3148 569 vos,
3177 513 3231 558 et
3249 504 3424 559 dicitis
3453 522 3467 559 :
3498 505 3624 571 Qui:
3651 523 3778 559 cou-

2188 598 2265 641 tra
2290 590 2423 643 nos?
2455 590 2795 661 Respondent
2824 592 2917 647 tibi
2950 610 2965 647 :
2998 593 3064 648 Et
3087 593 3208 664 quis
3227 604 3308 649 est
3335 606 3474 650 totus
3515 596 3771 652 mundus.

2184 683 2397 751 quando
2428 699 2524 753 pro
2564 700 2629 738 eo
2675 699 2772 739 nos
2820 687 3107 751 morimur,
3151 702 3248 758 per
3266 704 3425 756 quem
3471 688 3640 742 factus
3684 699 3773 743 est

2185 773 2452 826 mundus?
2480 774 2696 838 Dicant,
2727 775 2937 841 dicant,
2963 777 3272 842 audiamus,
3304 778 3460 832 simul
3478 778 3717 832 dicamus
3753 798 3768 830 :

2184 862 2245 917 Si
2291 862 2427 919 Deus
2454 882 2547 935 pro
2576 865 2716 919 nobis
2734 907 2751 932 ,
2778 867 2890 937 quis
2917 877 3092 921 contra
3120 869 3251 922 nos?
3278 868 3478 924 Saevire
3510 881 3729 937 possunt
3749 910 3769 932 ,

2184 955 2502 1011 maledicere
2550 968 2805 1027 possunt,
2847 958 3158 1014 calumniari
3202 971 3459 1029 possunt,
3494 960 3641 1015 falsis
3667 978 3771 1029 op—

2184 1035 2413 1116 probriis
2460 1048 2661 1118 agitare
2708 1060 2961 1119 possunt,
3008 1060 3278 1120 postremo
3308 1062 3529 1121 possunt
3571 1067 3777 1120 corpus

2180 1156 2283 1193 non
2314 1140 2486 1194 solum
2529 1142 2820 1211 perimere,
2862 1143 2957 1197 sed
2987 1144 3147 1198 etiam
3176 1144 3404 1208 laniare;
3436 1156 3491 1198 et
3531 1144 3656 1214 quid
3687 1144 3769 1197 fa-

2178 1221 2360 1284 dient?
2389 1231 2520 1286 Ecce
2544 1233 2676 1287 enim
2707 1232 2846 1287 Deus
2865 1235 3142 1288 auxiliator
3166 1236 3290 1288 mihi
3313 1245 3413 1300 est,
3446 1247 3492 1290 et
3517 1234 3773 1289 Dominus

2174 1334 2436 1394 susceptor
2463 1335 2535 1378 cst
2581 1325 2766 1379 animo:
2794 1343 2917 1381 mea:
2947 1325 3113 1399 (Psal.
3150 1344 3238 1382 LIII
3258 1369 3275 1395 ,
3322 1328 3402 1399 6).
3433 1329 3525 1383 Dic
3551 1329 3679 1383 mihi
3706 1331 3721 1360 ¹
3746 1371 3767 1392 ,

2177 1413 2329 1468 beate
2355 1425 2555 1486 martyr
2584 1433 2597 1468 :
2627 1433 2822 1486 corpus
2852 1428 2996 1472 tuum
3027 1418 3285 1487 laniatur,
3317 1431 3372 1475 et
3400 1428 3454 1474 tu
3480 1421 3611 1475 dicis
3630 1464 3645 1488 ,
3676 1421 3772 1476 Ni-

2176 1503 2246 1557 hil
2268 1504 2335 1559 ad
2363 1521 2449 1561 me
2466 1507 2725 1577 pertinet?
2754 1509 2926 1563 Etiam
2949 1510 3077 1564 dixi.
3109 1511 3318 1580 Quare?
3346 1511 3433 1568 dic
3457 1512 3609 1567 nobis
3632 1530 3771 1583 qua-

2174 1614 2252 1652 re.
2293 1599 2427 1666 Quia
2469 1599 2717 1656 Dominus
2764 1613 3023 1673 susceptor
3045 1612 3117 1658 est
3144 1605 3329 1659 anima:
3374 1622 3518 1660 mete.
3552 1606 3779 1676 Corpus

2175 1705 2351 1745 meum
2378 1706 2474 1760 per
2512 1693 2744 1766 animam
2776 1711 2947 1748 meam
2973 1704 3318 1750 restauratur.
3347 1694 3582 1767 Capillus
3608 1713 3768 1751 meus

2174 1795 2276 1834 non
2304 1781 2475 1851 perit,
2502 1792 2557 1837 et
2582 1793 2739 1852 caput
2769 1785 2943 1854 perit?
2973 1785 3117 1839 Pilus
3146 1801 3299 1841 meus
3334 1803 3438 1841 non
3466 1788 3623 1857 perit.
3654 1788 3767 1843 Sed

2171 1890 2199 1928 a
2224 1875 2446 1930 canibus
2468 1891 2661 1946 corpus
2684 1888 2828 1932 tuum
2852 1879 3134 1934 laceratur.
3166 1880 3233 1934 Et
3253 1879 3379 1950 quiti
3400 1881 3465 1935 ad
3490 1882 3619 1935 me?
3646 1882 3767 1936 Etsi

2170 1982 2197 2018 a
2227 1969 2449 2022 canibus
2473 1984 2667 2038 corpus
2692 1986 2868 2025 meum
2901 1972 3194 2032 laceratur,
3217 1972 3311 2027 sed
3332 1987 3363 2027 a
3390 1972 3615 2027 Domino
3641 1989 3765 2028 sns-

2169 2059 2383 2113 citatur.
2415 2060 2640 2115 Mundus
2663 2062 2971 2117 interfector
2995 2072 3077 2117 est
3106 2064 3347 2134 corporis
3377 2064 3500 2126 mei,
3530 2064 3622 2119 sed
3646 2063 3763 2118 Do-

2168 2150 2337 2203 minus
2361 2163 2622 2221 susceptor
2648 2163 2720 2206 est
2756 2153 2940 2209 animi:
2964 2172 3107 2209 mea'.
3155 2156 3218 2210 Et
3262 2156 3387 2226 quid
3416 2157 3543 2210 mihi
3571 2157 3761 2221 obest,

2167 2258 2285 2297 cmn
2316 2242 2385 2297 sit
2414 2243 2667 2299 Dominus
2693 2256 2971 2315 susceptor
2990 2249 3182 2301 anima:
3209 2263 3344 2302 meae
3365 2288 3379 2312 ,
3408 2248 3551 2319 quod
3597 2266 3759 2302 mun-

2166 2332 2264 2387 dus
2296 2334 2603 2389 interfector
2629 2346 2713 2391 est
2740 2340 2982 2407 corporis
3024 2339 3170 2394 mei?
3208 2340 3341 2408 Quid
3372 2341 3763 2412 pcrdidi?qn'ul

2167 2427 2356 2480 amisi?
2382 2428 2607 2495 Quando
2635 2429 2893 2487 Dominus
2935 2443 3212 2502 susceptor
3233 2444 3316 2488 est
3343 2436 3536 2488 anima:
3580 2452 3718 2491 mea:
3740 2478 3757 2497 .

2165 2520 2270 2572 erit
2310 2527 2361 2573 et
2394 2522 2671 2575 restitutor
2700 2526 2941 2593 corporis
2986 2526 3110 2578 mei.
3140 2525 3277 2592 Quid
3316 2527 3446 2581 mihi
3472 2527 3677 2591 deerit,
3711 2529 3759 2582 si

2168 2611 2402 2665 membra
2444 2628 2565 2666 mea
2631 2614 2885 2669 dilacerct
2933 2615 3212 2682 inimicus,
3258 2619 3474 2688 quando
3532 2621 3761 2690 capillos

2166 2716 2315 2754 meos
2365 2700 2669 2759 dinumerat
2724 2705 2903 2760 Deus?
2957 2706 3259 2764 Exhortans
3308 2720 3571 2782 martyres
3629 2728 3761 2767 suos

2164 2791 2443 2858 Christus,
2476 2810 2545 2849 ne
2587 2796 2656 2850 ab
2683 2796 2910 2852 inimicis
2939 2801 3372 2869 persecutoribus
3414 2803 3613 2872 aliquid
3646 2807 3758 2859 for-

2164 2887 2457 2955 midarent,
2492 2890 2711 2961 Capilli,
2755 2892 2955 2962 inquit,
2982 2894 3131 2947 vestri
3157 2911 3330 2949 omnes
3366 2900 3613 2951 numerati
3638 2910 3757 2953 sunt

2164 2978 2312 3051 (Luc.
2328 2996 2428 3045 xu,
2441 2982 2519 3052 7).
2533 2982 2753 3037 Timebo
2764 2998 2890 3053 ergo
2904 2984 2969 3039 de
2980 2984 3173 3038 damno
3186 2987 3570 3055 membrorum,
3584 3006 3760 3059 quan-
3848 3051 3854 3055 _

2162 3070 2231 3124 do
2246 3075 2583 3128 securitatem
2603 3075 2782 3144 accepi
2804 3075 2871 3130 de
2906 3092 3131 3131 numero
3145 3079 3458 3147 capillorum
3476 3081 3499 3133 ?
3520 3082 3659 3152 Ergo
3675 3084 3759 3135 dio

2161 3178 2365 3229 camus,
2396 3163 2635 3219 dicamus
2654 3180 2717 3220 ex
2751 3165 2873 3231 fide,
2908 3166 3145 3221 dicamus
3167 3167 3219 3222 in
3246 3184 3363 3237 spe,
3394 3170 3630 3226 dicamus
3662 3173 3757 3226 lla—

2160 3252 2492 3320 gmntissima
2506 3256 2791 3312 charitate:
2812 3258 2872 3313 Si
2892 3257 3026 3312 Deus
3046 3276 3137 3328 pro
3154 3261 3316 3323 nobis,
3330 3262 3441 3331 quis
3450 3273 3625 3316 contra
3636 3266 3757 3318 nos?

2229 3343 2285 3397 2.
2320 3342 2468 3399 Unde
2485 3347 2649 3400 securi
2672 3356 2719 3401 et
2738 3349 2859 3402 certi
2882 3366 3053 3403 sumus
3074 3351 3137 3404 de
3158 3351 3254 3406 Dei
3278 3354 3533 3423 pracsidio.
3558 3355 3749 3410 Christi

2164 3449 2298 3487 mors
2319 3475 2333 3498 ,
2366 3435 2549 3505 pignus
2586 3438 2700 3491 vitta
2727 3439 2836 3509 ejus
2870 3440 3011 3493 nobis
3050 3441 3270 3496 donatcc.
3305 3443 3443 3499 Ecce
3473 3458 3656 3500 contra
3702 3458 3754 3501 te

2160 3541 2289 3592 rex,
2322 3537 2374 3582 et
2427 3537 2479 3582 tu
2532 3529 2695 3596 dicis,
2741 3531 2853 3600 quis
2904 3544 3080 3587 contra
3125 3537 3258 3589 nos?
3306 3536 3441 3591 Ecce
3469 3550 3651 3592 contra
3700 3551 3752 3594 Ie

2160 3619 2337 3674 omnis
2385 3622 2644 3690 pepnlus,
2676 3632 2731 3678 et
2759 3634 2811 3677 tu
2855 3625 3019 3692 dicis,
3064 3627 3190 3693 Quis
3226 3639 3402 3683 contra
3436 3634 3569 3685 nos?
3600 3632 3753 3691 Unde

2160 3709 2353 3777 probas
2376 3752 2391 3776 ,
2424 3728 2456 3765 ο
2496 3712 2726 3781 gloriose
2761 3726 2993 3786 martyr;
3044 3719 3184 3774 unde
3211 3720 3339 3774 mihi
3386 3723 3579 3792 pruinas
3608 3727 3749 3791 quod

2159 3801 2290 3855 dicis
2306 3844 2319 3867 ,
2355 3803 2416 3855 Si
2436 3801 2575 3857 Deus
2595 3821 2687 3875 pro
2713 3806 2856 3861 nobis
2877 3849 2891 3871 ,
2923 3810 3034 3877 quis
3059 3820 3231 3864 contra
3255 3813 3388 3867 nos?
3412 3813 3748 3868 Manifestum

2159 3902 2242 3946 est
2284 3894 2423 3947 enim
2455 3895 2577 3961 quia
2606 3897 2649 3949 si
2698 3897 2838 3951 Deus
2885 3916 2981 3969 pro
3012 3902 3194 3968 vobis,
3244 3905 3363 3973 quis
3406 3916 3586 3959 contra
3611 3908 3749 3961 vos?

2159 3982 2262 4038 Sed
2291 3985 2454 4053 proba
2481 3987 2601 4055 quia
2629 3987 2769 4043 Deus
2791 4004 2886 4058 pro
2908 3992 3077 4045 vobis.
3108 3993 3221 4048 Neu
3245 4010 3372 4065 ergo
3389 3997 3588 4065 probo?
3612 4000 3752 4053 Ecce

2157 4074 2325 4130 doceo
2354 4092 2369 4129 :
2400 4077 2498 4141 Qui
2530 4078 2665 4135 Filio
2696 4084 2901 4151 proprio
2948 4102 3047 4138 non
3073 4088 3325 4156 pepercit,
3360 4092 3450 4142 sed
3485 4108 3576 4159 pro
3602 4094 3747 4145 nobis
3772 4126 3777 4131 ~

2158 4172 2387 4225 omnibus
2421 4173 2630 4226 tradidit
2668 4191 2801 4229 eum.
2838 4177 2949 4232 lloc
2974 4179 3115 4247 quod
3145 4182 3418 4250 sequitur,
3447 4200 3567 4238 cum
3603 4186 3744 4253 Ᾱῃοο

2157 4262 2328 4317 stolas
2372 4262 2678 4332 legeretur,
2718 4266 2963 4323 audistis.
2992 4270 3142 4325 ‘Cum
3194 4272 3339 4326 enim
3382 4274 3636 4338 dixiSSet,
3684 4277 3747 4329 Si

2160 4352 2297 4408 Deus
2324 4371 2416 4422 pro
2447 4356 2620 4420 nobis,
2661 4359 2771 4425 quis
2800 4370 2977 4413 contra
3019 4378 3111 4415 nos
3129 4363 3155 4416 .9
3182 4372 3433 4433 tanquam
3463 4365 3511 4418 ei
3541 4366 3746 4419 dicere-

2159 4452 2275 4509 tur,
2322 4444 2494 4501 Proba
2520 4448 2640 4516 quia
2698 4449 2836 4504 Dens
2886 4466 2981 4520 pro
3023 4454 3174 4509 vobis
3218 4470 3234 4507 :
3279 4456 3533 4510 continuo
3570 4460 3747 4514 attulit

2156 4537 2356 4607 grande
2397 4538 2808 4611 documentum,
2850 4546 3104 4601 continuo
3141 4546 3742 4621 introduxitMartyrem

2157 4637 2472 4699 martyrum,
2492 4630 2707 4687 Testem
2740 4637 2980 4699 testium;
3012 4637 3155 4691 illum
3182 4639 3389 4695 scilicet
3414 4641 3496 4693 cui
3527 4644 3743 4709 proprio

2156 4718 2292 4773 Filio
2322 4719 2481 4775 Pater
2507 4739 2610 4777 non
2640 4727 2909 4795 pepercit,
2932 4729 3026 4783 sed
3059 4745 3155 4799 pro
3190 4731 3344 4786 nobis
3368 4734 3616 4787 omnibus
3639 4745 3745 4787 tra-

2155 4811 2289 4866 didit
2315 4812 2461 4868 illum
2493 4833 2506 4869 :
2537 4816 2659 4872 hinc
2684 4821 2926 4886 probavit
2951 4823 3236 4890 Apostolus
3262 4841 3388 4880 vere
3412 4841 3472 4880 se
3496 4827 3701 4881 dixisse
3725 4868 3741 4889 ,

2157 4906 2220 4961 Si
2251 4906 2385 4963 Deus
2407 4926 2498 4978 pro
2533 4911 2708 4976 nobis,
2746 4914 2857 4982 quis
2904 4926 3082 4969 contra
3108 4918 3239 4971 nos?
3268 4918 3370 4985 Qui
3407 4921 3557 4973 etiam
3607 4921 3740 4974 Filia

2157 5000 2363 5069 praprio
2401 5018 2501 5054 non
2523 5004 2785 5072 pepercit,
2832 5008 2922 5059 sed
2958 5024 3052 5077 pro
3089 5010 3230 5063 nobis
3277 5011 3509 5065 omnibus
3535 5014 3745 5066 tradidit

2154 5088 2321 5144 illum.
2354 5090 2615 5155 Quomodo
2654 5111 2754 5148 non
2798 5105 2846 5148 et
2888 5113 3002 5149 cum
3031 5099 3122 5151 illo
3142 5101 3313 5153 omnia
3354 5102 3496 5155 nobis
3538 5104 3743 5156 donavit

2160 5177 2334 5250 (Rom.
2360 5196 2448 5235 vm
2469 5223 2483 5247 ,
2510 5183 2608 5250 51,
2632 5184 2761 5255 5'2)?
2802 5186 3024 5254 Quando
3045 5204 3165 5245 cum
3194 5191 3286 5245 illo
3315 5193 3492 5247 omnia
3523 5194 3741 5250 donavit

2157 5271 2421 5336 nobis,et
2464 5274 2635 5342 ipsmn
2677 5277 2893 5332 donavit
2932 5279 3103 5335 nobis.
3146 5281 3413 5353 Numquid
3463 5293 3629 5339 terret
3654 5301 3739 5340 me

2157 5360 2395 5415 fremitus
2418 5365 2629 5429 mundi,
2661 5368 2744 5420 cui
2774 5367 3004 5424 donatus
3029 5381 3110 5425 est
3130 5373 3315 5427 artifex
3344 5375 3562 5429 mundi?
3584 5375 3746 5430 Citri-

2155 5459 2293 5504 stum
2323 5452 2475 5506 nobis
2500 5454 2752 5511 donatum
2779 5473 2899 5513 esse
2923 5461 3249 5529 gaudeamus
3267 5504 3282 5528 ,
3311 5476 3363 5517 et
3390 5466 3565 5519 nullos
3588 5464 3747 5520 Chri-

2155 5542 2478 5598 stiinimicos
2503 5544 2555 5597 in
2576 5545 2677 5601 hoc
2699 5550 2895 5604 smculo
2924 5552 3228 5608 timeamus.
3255 5555 3385 5623 Quis
3409 5558 3551 5612 enim
3586 5560 3744 5615 nob's

2154 5633 2381 5703 donatus
2404 5638 2473 5691 sit
2501 5638 2678 5697 videte
2703 5659 2716 5695 :
2749 5641 2815 5696 In
2838 5646 3086 5716 principio
3106 5657 3214 5702 erat
3250 5647 3497 5718 Verbum,
3520 5662 3568 5705 et
3607 5650 3738 5705 Ver-

2154 5750 2408 5875 ωςῃξὶἳὲιδ
2447 5752 2538 5805 iste
2560 5761 2708 5819 atque
2731 5755 2809 5807 alii
2843 5761 3018 5821 passim
3054 5760 3448 5827 redtmegrantur
3478 5765 3539 5816 ad
3578 5778 3749 5820 manu-
