4108 6326
561 285 690 341 H7!

559 412 786 477 lucrare,
822 408 876 454 et
898 399 1063 469 jejuni
1090 401 1378 455 dormiunt.
1410 400 1487 454 An
1516 401 1737 468 auditas,
1767 402 1878 454 ait?
1906 399 2032 470 quid
2057 398 2140 453 di-

558 506 676 544 cam
705 490 771 544 de
804 491 1078 546 nuditate?
1106 490 1353 558 Quotidie
1383 485 1741 564 negotiatores
1770 493 1837 548 de
1867 491 2139 562 naufragio

555 581 680 633 nudi
701 580 950 647 evadunt,
977 591 1029 636 et
1053 583 1242 637 iterum
1283 584 1528 654 navigant
1553 583 1620 637 ad
1648 583 1955 653 periculum.
1990 581 2139 637 Unde

555 670 791 739 quotidie
818 673 1181 740 periclitantur
1224 673 1496 738 homines,
1529 674 1630 728 nisi
1673 683 1889 744 propter
1928 673 2138 727 divitias

557 761 941 829 acquirendas?
981 761 1089 817 Nec
1123 763 1330 832 gladius
1365 764 1629 834 prohibet.
1671 765 1906 834 Capitale
1933 764 2136 818 crimen

554 857 639 904 est
667 849 886 916 falsitas,
918 860 972 907 et
998 862 1173 908 tamen
1204 855 1607 909 eomminuitur‘
1638 855 1938 910 haereditas.
1969 855 2024 909 Si
2045 870 2134 908 er-

553 955 622 1009 go
664 941 763 996 hoc
789 953 1021 998 meretur
1051 940 1355 1014 temporalis
1385 947 1665 1016 cupiditas,
1694 963 1857 1017 quare
1887 963 1992 1002 non
2021 961 2135 1001 me-

553 1041 735 1086 reatur
762 1033 957 1089 Christi
990 1035 1306 1090 hatreditas?
1343 1039 1545 1092 Avarus
1587 1038 1714 1092 dicit
1740 1038 1792 1092 iu
1829 1037 1990 1092 corde
2015 1053 2132 1106 suo,

553 1123 641 1190 qui
674 1123 808 1179 forte
832 1140 933 1179 non
960 1127 1119 1180 audet
1145 1127 1198 1180 in
1229 1128 1401 1199 lingua
1423 1144 1515 1181 sua
1545 1147 1558 1182 :
1591 1129 1720 1196 Quis
1745 1143 1842 1182 nos
1868 1128 2137 1197 separabit

553 1227 584 1266 a
609 1213 895 1282 cupiditate
923 1216 1073 1270 auri?
1099 1217 1421 1272 'l'ribulatio?
1450 1235 1515 1272 an
1543 1219 1826 1288 angustia?
1856 1236 1922 1273 an
1955 1235 2136 1289 perse-

552 1302 734 1356 cutio?
760 1304 984 1358 Possunt
1011 1315 1064 1360 et
1086 1309 1234 1361 avari
1262 1309 1438 1363 dicere
1463 1325 1596 1364 auro
1626 1328 1638 1364 :
1673 1310 1895 1378 Propter
1917 1320 1968 1364 te
1995 1311 2136 1366 occi-

553 1392 730 1447 dimttr
760 1404 864 1448 tota
895 1397 1000 1450 die.
1033 1397 1244 1466 Optime
1280 1415 1408 1468 ergo
1438 1400 1619 1454 dicunt
1658 1402 1824 1455 sancti
1873 1413 2133 1472 martyres

550 1485 604 1538 in
628 1485 838 1540 Psalmo
863 1506 875 1540 ε
903 1487 1090 1542 Judica
1118 1507 1214 1557 nte,
1244 1490 1400 1555 Deus,
1425 1503 1470 1545 et
1490 1493 1716 1546 discerne
1747 1510 1951 1548 causam
1972 1510 2134 1546 nteant

551 1576 615 1631 de
643 1587 787 1648 gente
809 1597 906 1634 non
937 1592 1111 1635 sancta
1139 1581 1156 1651 (
1187 1583 1328 1636 Psal.
1356 1601 1484 1648 xui,
1516 1586 1538 1638 1
1566 1585 1606 1656 ).
1638 1587 1907 1650 Discerne,
1941 1587 2129 1654 inquit,

553 1668 944 1725 tribulationem
963 1688 1132 1728 meam
1155 1691 1166 1726 :
1189 1674 1504 1729 triltulantur
1519 1686 1570 1730 et
1587 1677 1752 1730 avari.
1774 1678 2024 1731 Discerne
2039 1691 2134 1730 an-

549 1758 750 1828 gustias
763 1776 934 1814 meas:
954 1763 1220 1831 patiuntur
1233 1766 1502 1834 angustias
1519 1777 1571 1820 et
1585 1767 2008 1824 avari.Discerne
2023 1784 2133 1837 per»

552 1854 852 1904 secutioncs
879 1867 1024 1906 meas
1049 1871 1061 1906 :
1096 1855 1364 1922 patiuntur
1391 1865 1444 1909 et
1467 1859 1632 1912 avari.
1663 1858 1914 1912 Discerne
1935 1857 2128 1914 famem

555 1955 728 1992 meam
771 1955 784 1992 :
821 1957 916 2009 pro
940 1958 1070 1996 auro
1107 1945 1429 2013 acquirendo
1467 1949 1708 2002 esurittnt
1734 1959 1788 2002 et
1811 1950 1975 2003 avari.
2007 1950 2128 2006 Dis-

549 2043 710 2083 cerne
724 2031 1010 2085 nuditatem
1027 2049 1196 2087 meam
1223 2053 1234 2087 :
1257 2051 1352 2104 pro
1367 2037 1869 2106 aurodespoliantur
1887 2049 1940 2094 et
1959 2042 2124 2094 avari.

550 2119 802 2176 Diseerue
828 2133 1050 2178 mortem
1074 2142 1244 2179 meam
1273 2145 1284 2179 :
1315 2144 1552 2195 proauro
1571 2130 1865 2184 moriuntur
1889 2133 2124 2186 etavari.

549 2210 686 2276 Quid
709 2220 809 2274 est,
841 2212 1080 2268 Discertte
1103 2232 1307 2269 causam
1330 2234 1489 2270 meant
1511 2218 1537 2271 .9
1567 2218 1780 2289 Pmpter
1803 2229 1850 2272 te
1867 2232 2025 2276 morte
2039 2225 2126 2292 af-

545 2303 708 2356 cintur
733 2313 835 2358 tota
858 2305 955 2358 dic.
990 2305 1066 2360 llli
1096 2316 1308 2376 propter
1332 2325 1540 2374 aurum,
1569 2327 1666 2366 nos
1698 2322 1913 2381 prOpter
1937 2323 2006 2369 te.
2037 2315 2125 2368 Si-

549 2393 690 2448 milis
718 2411 891 2463 pcena,
915 2397 1006 2451 sed
1029 2398 1253 2453 discreta
1272 2416 1449 2456 causa.
1477 2401 1575 2458 Ubi
1595 2404 1821 2458 discreta
1840 2413 1923 2460 est
1943 2422 2122 2472 causa,

548 2481 619 2534 ibi
641 2493 782 2538 certa
809 2494 893 2540 est
925 2488 1162 2542 victoria.
1197 2488 1252 2544 Si
1277 2505 1402 2560 ergo
1431 2507 1644 2547 causam
1668 2494 1957 2561 intuemur,
1987 2497 2128 2550 sole-

547 2575 794 2630 mnitates
817 2587 1107 2649 martyrum
1127 2597 1384 2638 amamus.
1411 2585 1665 2641 Amemus
1687 2587 1737 2641 in
1760 2587 1857 2653 eis,
1880 2606 1982 2642 non
2008 2606 2127 2657 pas-

545 2665 742 2729 siones,
772 2668 864 2722 sed
908 2685 1095 2726 causas
1144 2674 1466 2740 passionum.
1513 2675 1644 2730 Nam
1688 2679 1732 2732 si
1771 2682 2124 2737 amaverimus

543 2758 819 2825 passiones
846 2771 1065 2825 tantum,
1103 2767 1294 2820 multos
1326 2767 1586 2823 inventuri
1617 2785 1802 2825 sumus
1827 2773 1914 2841 qui
1941 2774 2124 2843 pejora

543 2845 816 2914 patiuntur
847 2851 896 2904 in
928 2855 1100 2907 causis
1131 2857 1303 2910 malis.
1349 2858 1454 2912 Sed
1497 2875 1708 2914 causam
1755 2863 2117 2928 attemlamus,

543 2952 754 2992 crucem
783 2941 974 2996 Christi
1013 2947 1268 3002 attendite
1297 2966 1310 3000 :
1340 2950 1408 3002 ibi
1436 2961 1551 3005 erat
1576 2952 1840 3020 Christus,
1874 2955 1945 3008 ibi
1971 2964 2124 3010 erant

541 3035 596 3080 et
620 3028 873 3083 latrones.
901 3033 1098 3089 Similis
1127 3053 1310 3104 pinna,
1343 3041 1435 3094 sed
1465 3042 1737 3098 dissimilis
1762 3061 1936 3100 causa.
1973 3047 2122 3102 Unus

543 3117 680 3172 latro
700 3121 959 3187 credidit,
987 3127 1120 3179 alius
1150 3128 1552 3196 blasphemavit.
1589 3134 1840 3190 Dominus
1869 3147 2118 3208 tauquam

540 3209 606 3264 de
630 3212 872 3268 tribunali
897 3216 1032 3270 inter
1057 3219 1243 3274 ambos
1264 3221 1556 3290 judicavit:
1585 3225 1730 3280 illum
1759 3230 1846 3297 qui
1871 3229 2119 3296 lthtsplte-

533 3301 722 3368 ,mavit,
753 3302 802 3356 itt
831 3313 1082 3361 tartarum
1109 3309 1409 3376 damnavit;
1441 3313 1665 3368 alterum
1690 3331 1868 3371 secum
1895 3318 2044 3373 duxit
2066 3321 2118 3375 in

542 3393 844 3458 paradisum
877 3395 1038 3466 (Luc.
1068 3415 1224 3467 χχιιι,
1256 3401 1467 3473 5945).
1492 3404 1667 3472 Quare
1695 3407 1829 3460 hoc?
1860 3409 1991 3476 Quia
2017 3412 2118 3466 etsi

541 3484 761 3551 aequalis
805 3503 992 3556 poma,
1039 3492 1130 3545 sed
1183 3493 1352 3562 impar
1394 3505 1509 3549 erat
1536 3511 1716 3551 causa.
1762 3500 1950 3570 Eligite
1989 3519 2117 3571 ergo

540 3583 830 3644 martyrum
866 3593 1086 3642 causas,
1119 3581 1162 3635 si
1213 3583 1369 3636 vultis
1395 3588 1678 3654 pervenire
1718 3588 1783 3642 ad
1824 3601 2113 3662 martyrtmt

537 3663 758 3730 palmas.

947 3760 1174 3816 SEllMO
1200 3764 1543 3841 (.‘CCXXXVI
1565 3772 1579 3790 °
1611 3768 1709 3842 (a).

927 3875 974 3917 Ιιι
999 3873 1304 3924 Dctlicatione
1327 3875 1565 3939 fici-Iesu),
1593 3896 1606 3928 ι
1627 3881 1719 3942 (b).

608 3991 832 4047 CAPUT
853 3993 1008 4048 PRIM
1017 3995 1108 4050 UM
1115 4000 1231 4052 .-1
1246 4039 1258 4052 .
1288 3999 1589 4070 xEdiﬁcatio
1609 4016 1653 4058 et
1670 4006 1918 4062 dedicatio
1934 4011 2110 4067 domus

535 4079 627 4134 Dei
671 4085 722 4135 itt
752 4085 912 4138 nobis.
932 4087 1233 4143 Mandatum
1252 4109 1435 4146 novum
1464 4098 1711 4150 canticum
1732 4117 1931 4155 novum.
1959 4103 2098 4159 Cele-

537 4172 702 4227 Iiritas
729 4175 884 4244 hujus
913 4183 1354 4250 congregationis,
1380 4185 1644 4242 dedicatio
1661 4200 1743 4243 est
1771 4191 1959 4248 domus
1989 4211 2111 4249 ora—

533 4262 711 4316 tionis.
767 4266 963 4319 Domus
1006 4285 1132 4339 ergo
1181 4284 1478 4329 nostrarum
1521 4280 1820 4335 orationum
1862 4284 1958 4338 ista
1999 4297 2101 4352 est,

531 4355 720 4409 donius
763 4358 856 4410 llei
887 4374 982 4413 nos
1023 4362 1140 4428 ipsi.
1181 4365 1236 4417 Si
1267 4366 1451 4420 domus
1488 4369 1582 4424 Dei
1622 4387 1718 4426 nos
1757 4373 1888 4442 ipsi,
1923 4392 2018 4432 nos
2051 4379 2102 4431 in

532 4445 630 4499 hoc
655 4449 852 4501 szcculo
877 4451 1200 4507 :edilitxtmur
1219 4497 1233 4521 ,
1273 4466 1328 4508 ιιι
1355 4458 1405 4510 in
1443 4459 1546 4513 fine
1571 4463 1749 4516 surculi
1774 4463 2098 4520 dedicemur.

527 4536 827 4592 [Ediliciuan
848 4583 862 4608 ,
898 4542 1004 4594 imo
1037 4544 1316 4598 ειςιιὶίὶοςιιίο
1345 4549 1502 4604 habet
1539 4553 1773 4608 laborem
1794 4597 1808 4619 ,
1840 4556 2102 4613 dedicatio

524 4632 950 4687 exsultationem.
995 4635 1145 4703 Quod
1185 4637 1269 4691 hic
1312 4641 1506 4709 fiebat,
1547 4649 1760 4714 quando
1788 4649 1883 4702 ista
1915 4667 2100 4720 surge-

525 4721 676 4787 bant,
726 4724 828 4780 hoc
859 4728 911 4779 lit
949 4729 1106 4782 modo
1148 4745 1268 4784 cum
1303 4747 1689 4805 congregantur
1723 4739 2006 4796 credentes
2045 4744 2095 4797 in

521 4813 809 4868 Christum.
843 4816 1122 4874 Credendo
1152 4822 1292 4876 enim
1333 4827 1483 4894 quasi
1527 4827 1594 4880 de
1634 4830 1780 4884 silvis
1810 4841 1863 4886 et
1903 4835 2095 4888 monti-

521 4903 620 4956 bus
663 4906 797 4975 ligna
847 4917 900 4962 ct
941 4910 1141 4980 lapides
1186 4915 1542 4982 prmciduntur
1574 4936 1586 4971 :
1617 4935 1736 4975 cum
1786 4940 1914 4978 vero
1952 4938 2094 4982 eate-

514 4998 826 5068 cfiizantur,
878 5003 1247 5075 baptizantur,
1290 5010 1622 5082 formantur,
1669 5027 1915 5088 tanquam
1957 5023 2095 5078 inter

524 5184 526 5187 .
575 5132 593 5202 ξ
619 5135 691 5202 §ic
705 5141 810 5202 Mss.
835 5144 886 5186 At
910 5139 1054 5202 editi,
1078 5142 1346 5195 comitatur.

575 5193 593 5268 ς
618 5197 904 5268 emendatus
926 5201 984 5248 ad
1007 5193 1082 5251 ch.
1110 5204 1142 5252 f.
1167 5219 1209 5268 r.
1235 5213 1269 5255 t.
1299 5193 1344 5256 νζ
1377 5215 1429 5258 et
1450 5209 1510 5259 ad
1538 5219 1639 5260 Am.
1665 5219 1738 5261 Er.
1766 5221 1866 5263 Par.
1892 5223 1997 5268 tm.

572 5254 646 5325 ςςι)
679 5257 906 5325 ΑΙὶειει-όε
930 5270 1162 5325 Tempore

575 5315 647 5392 (ρ)
673 5321 907 5392 Possidius
931 5324 975 5372 in
1002 5315 1232 5392 In'tliculo,
1248 5315 1352 5392 cap.
1399 5332 1472 5389 iO,
1497 5342 1630 5384 notat
1660 5354 1679 5381 ι
1696 5335 1759 5386 de
1783 5338 2088 5390 Dedicatioue

1013 5388 1173 5461 90.08}
1197 5378 1222 5435 ί
1259 5378 1380 5461 Vilrlsa,
1403 5378 1971 5455 ﬁb‘alti-tosudie
1995 5378 2087 5461 quin

510 5439 714 5545 primum
744 5442 984 5496 dedicatio
1011 5447 1182 5511 (lebat,
1223 5439 1381 5516 populi
1413 5439 1655 5506 ὸίῖιίἶιέἰὲὶῖἰ
1959 5439 2090 5514 certe:

533 5505 740 5545 tGI‘l‘lmt‘t-
768 5517 860 5545 nnn
885 5520 1003 5545 νιιιιη
1023 5525 1116 5545 ηηει
1153 5527 1255 5545 nnc.
1303 5529 1478 5545 ann-Im
1513 5518 1744 5545 Ant-Mm...
1780 5523 2086 5545 _.-....|..|._.--_

533 5505 740 5576 territuri,
768 5517 860 5576 non
885 5520 1116 5576 veroque
1153 5505 1259 5576 post
1286 5505 1478 5565 'aunum
1513 5505 2086 5574 deinceitswrteoolebatur

509 5559 630 5643 53??
647 5559 745 5643 ³³9³
761 5573 896 5643 ,ἒηῑβ
927 5559 1181 5624 (ιθαίὸειϋά-
1191 5559 1496 5643 ’ῖὶμιῐέὖόἆί
1515 5559 2086 5643 ’ὦὶἦῖιῖὲῖἱιῖιίῖὲέἔιτῖιὲ

504 5620 827 5704 ξιμξιιξιιίιέιιιεθ
860 5630 908 5701 in
945 5620 2085 5704 veteri;

505 5683 690 5735 milium
707 5693 980 5753 vestigium.

1762 288 1819 344 δ.
1863 285 2226 342 AUCUSTINI
2270 285 2567 342 EPlSCOPl

3689 304 3832 358 M12

2245 414 2432 454 manus
2458 401 2728 458 fabrorum
2757 413 2813 459 et
2857 406 3106 476 epillcum
3129 409 3413 480 dolantur,
3456 414 3834 486 collineantur,

2244 492 2667 561 complanentur.
2714 494 3097 554 Verumtamen
3135 501 3352 558 domum
3383 505 3588 560 Domini
3618 523 3725 562 non
3756 508 3840 563 fa-

2242 583 2427 648 ciunt,
2477 584 2578 638 nisi
2618 586 2831 654 quando
2864 587 3124 644 charitate.
3157 596 3614 665 compaginantur.
3667 597 3838 669 Ligna

2244 671 2340 724 ista
2368 683 2422 726 et
2450 673 2650 743 lapides
2675 677 2716 730 si
2746 693 2848 730 non
2878 679 2976 732 sibi
3007 692 3156 735 certo
3179 683 3365 739 ordine
3390 687 3758 752 coluererent,
3791 705 3836 744 εξ

2245 777 2350 815 non
2381 777 2439 818 se
2466 766 2683 833 paciﬁee
2728 766 3090 836 innectereut,
3137 774 3184 828 si
3231 790 3335 829 non
3383 792 3442 832 se
3484 779 3708 833 invicem
3739 797 3870 850 αν,

2243 848 2497 906 luerendo
2541 855 2675 918 sibi,
2720 859 2949 926 quodam
2991 861 3151 914 modo
3195 877 3476 933 amarent;
3524 884 3684 922 nemo
3725 870 3830 925 huc

2242 939 2484 996 intraret.
2536 943 2772 1016 Denique
2797 950 3011 1018 quando
3038 951 3186 1007 vides
3213 955 3263 1007 in
3291 957 3464 1025 aliqua
3510 957 3714 1014 fabrica
3755 961 3834 1016 la—

2239 1031 2391 1099 pides
2419 1043 2473 1087 et
2514 1034 2650 1104 ligna
2699 1037 2834 1093 bene
2878 1041 2977 1094 sibi
3020 1042 3336 1112 coluerere,
3379 1063 3599 1104 securus
3639 1053 3832 1116 intras,

2241 1123 2447 1176 ruinam
2479 1141 2584 1179 non
2618 1128 2793 1182 times.
2826 1130 3022 1186 Volens
3045 1150 3172 1204 ergo
3204 1137 3458 1193 Dominus
3478 1140 3724 1196 Christus
3751 1144 3835 1197 in-

2243 1219 2384 1265 trare
2403 1255 2416 1279 ,
2447 1223 2501 1269 et
2535 1216 2587 1268 in
2619 1219 2773 1273 nobis
2804 1219 3041 1278 habitare
3064 1266 3079 1290 ,
3124 1234 3374 1295 tanquam
3401 1231 3715 1286 :cdilicando
3743 1234 3832 1288 di-

2239 1303 2440 1356 cebat:
2483 1305 2784 1362 Mandatum
2833 1329 3014 1366 novum
3057 1315 3123 1370 do
3165 1319 3339 1386 vobis,
3389 1331 3442 1373 ut
3487 1339 3573 1376 vos
3617 1325 3834 1380 invicem

2239 1393 2464 1466 diligatis
2489 1398 2664 1470 (Joan.
2697 1418 2810 1468 xm,
2843 1405 2957 1474 54).
2988 1406 3291 1464 Mandatum
3311 1453 3325 1476 ,
3361 1413 3548 1482 inquit.
3575 1418 3642 1470 do
3668 1419 3830 1473 vobis.

2242 1484 2462 1540 Veteres
2491 1490 2631 1542 enini
2663 1493 2844 1556 eratis,
2876 1495 3091 1550 domum
3119 1499 3244 1553 mihi
3271 1503 3502 1557 nondum
3530 1505 3830 1573 faciebatis,

2240 1573 2291 1628 in
2336 1585 2509 1631 vestra
2555 1581 2705 1635 ruina
2747 1583 3027 1652 jacebatis.
3073 1588 3210 1659 Ergo
3238 1601 3294 1645 ut
3336 1597 3595 1648 eruamini
3631 1597 3701 1652 de
3730 1615 3828 1654 ve-

2237 1673 2362 1719 strre
2389 1668 2556 1723 ruina:
2577 1681 2837 1730 vetustate
2855 1717 2869 1740 ,
2902 1692 2998 1730 vos
3027 1678 3250 1734 invicem
3272 1693 3467 1739 amate.
3511 1686 3832 1745 Cousideret

2237 1770 2368 1824 ergo
2397 1757 2642 1816 Charitas
2666 1773 2838 1818 vestra
2864 1805 2880 1832 ,
2910 1766 3164 1824 atditicari
3199 1771 3371 1827 adhuc
3411 1775 3565 1829 istam
3602 1778 3828 1833 domum

2238 1857 2348 1902 toto
2372 1891 2386 1915 ,
2415 1851 2550 1905 sicut
2579 1854 2886 1922 praedictum
2908 1869 2990 1913 est
3015 1869 3068 1914 et
3101 1864 3416 1929 promissum
3447 1908 3463 1933 ,
3493 1868 3626 1923 orbe
3657 1879 3826 1924 ιρι-ηις

2236 1954 2374 1993 rum.
2413 1941 2547 1996 Cum
2587 1945 2728 1999 enim
2764 1947 3118 2005 aediﬁcaretur
3157 1953 3347 2009 domus
3387 1966 3506 2026 post
3547 1962 3828 2030 captivita-

2235 2038 2341 2085 tem
2372 2074 2386 2096 ,
2433 2034 2570 2089 sicut
2608 2035 2763 2093 habet
2791 2041 2927 2095 alius
2953 2044 3224 2112 psalmus,
3255 2047 3534 2106 dicebatur
3560 2071 3574 2107 :
3611 2054 3830 2110 Cantate

2233 2120 2452 2177 Domino
2480 2128 2727 2182 canticum
2753 2147 2972 2197 novum;
2998 2145 3195 2190 cantate
3223 2136 3440 2193 Datttino
3458 2183 3471 2204 ,
3500 2145 3663 2198 omnis
3690 2157 3829 2200 terra

2236 2211 2406 2284 (Psai.
2437 2232 2540 2271 xcv
2562 2259 2578 2284 ,
2607 2220 2682 2289 l).
2727 2221 2877 2289 Quod
2907 2225 2976 2278 ibi
3001 2226 3136 2281 dixit
3161 2269 3176 2291 ,
3205 2233 3452 2285 canticum
3477 2250 3696 2300 novum;
3720 2239 3828 2294 hoc

2237 2305 2492 2363 Dominus
2519 2310 2690 2378 dixit,
2735 2315 3032 2371 tnandatum
3073 2336 3276 2375 nouum.
3323 2323 3460 2389 Quid
3489 2329 3627 2380 enim
3659 2329 3824 2386 habet

2232 2401 2495 2454 canticum
2553 2418 2788 2472 novum,
2844 2408 2945 2462 nisi
3001 2426 3237 2466 amorem
3295 2419 3530 2471 novum?
3590 2419 3824 2478 Cantarc

2231 2494 2456 2546 amantis
2491 2503 2592 2548 est.
2637 2495 2753 2550 Vox
2797 2497 2954 2569 hujus
2992 2505 3257 2571 cantoris,
3309 2507 3488 2563 fervor
3524 2521 3608 2567 est
3645 2517 3826 2572 sancti

2231 2582 2449 2634 altioris.

2301 2672 2526 2730 CAPUT
2567 2675 2628 2730 ll.
2652 2708 2726 2719 —
2765 2678 2818 2734 2.
2847 2680 3106 2738 Amandus
3132 2685 3271 2742 Deus
3311 2701 3514 2762 propter
3537 2695 3736 2764 ipsum,
3771 2709 3826 2754 et

2230 2767 2490 2834 proximus
2532 2780 2735 2840 propter
2777 2773 2957 2828 Deum.
3010 2776 3300 2846 Amemus,
3344 2785 3508 2850 gratis
3533 2802 3820 2855 amemus:

2230 2857 2399 2913 Deum
2440 2861 2583 2916 enim
2624 2878 2897 2932 amamus,
2948 2884 3053 2937 quo
3085 2870 3212 2924 nihil
3258 2875 3446 2928 melius
3490 2877 3818 2936 invenimus.

2229 2946 2404 3015 Ipsum
2427 2964 2666 3004 amemus
2699 2964 2912 3023 propter
2939 2956 3110 3027 ipsmn
3136 3001 3150 3024 ,
3181 2969 3234 3014 et
3261 2977 3361 3016 nos
3389 2964 3439 3018 in
3465 2967 3600 3034 ipso,
3634 2979 3819 3026 tamen

2227 3050 2446 3108 propter
2471 3042 2663 3111 ipsum.
2696 3045 2787 3100 Ille
2817 3049 2958 3101 enim
2987 3053 3246 3106 veraciter
3275 3066 3420 3111 amat
3443 3060 3696 3126 amicum,
3720 3066 3818 3133 qui
3846 3049 3852 3054 ’

2231 3129 2395 3184 Deum
2426 3142 2568 3186 amat
2597 3135 2648 3187 in
2679 3137 2850 3190 amico
2869 3179 2885 3202 ,
2927 3149 3018 3193 aut
3046 3145 3167 3210 quia
3196 3155 3280 3199 est
3309 3147 3358 3200 in
3384 3148 3477 3202 illo
3501 3192 3515 3216 ,
3542 3162 3632 3206 aut
3663 3166 3719 3209 ut
3741 3160 3820 3212 sit

2232 3221 2286 3273 in
2330 3223 2438 3276 illo.
2487 3224 2609 3279 llarc
2650 3237 2729 3280 est
2759 3245 2877 3282 vera
2918 3231 3132 3289 dilectio
3161 3253 3174 3289 :
3209 3228 3430 3307 propter
3469 3243 3609 3297 aliud
3636 3247 3681 3300 si
3712 3265 3818 3305 nos

2223 3309 2492 3382 diligimus
2516 3355 2530 3378 ,
2577 3315 2782 3370 odimus
2816 3321 2988 3388 potius
3013 3339 3171 3392 quam
3199 3327 3489 3398 diligimus.
3537 3334 3637 3399 Qui
3661 3339 3810 3393 enim

2222 3412 2360 3455 amat
2404 3403 2762 3472 iniquitatem:
2788 3411 2914 3478 qttid
2975 3414 3124 3469 odit?
3171 3417 3305 3473 forte
3347 3423 3577 3480 vicinum
3621 3443 3804 3492 suum,

2226 3489 2360 3546 forte
2384 3493 2608 3548 vicinam
2641 3501 2830 3554 suam?
2887 3503 3213 3582 Expaycscat
3235 3551 3251 3573 ,
3283 3511 3388 3565 odit
3417 3517 3634 3571 animant
3658 3537 3811 3575 suam

2226 3580 2393 3651 (Psal.
2422 3601 2491 3648 χ,
2522 3586 2596 3654 6).
2647 3588 2835 3644 Odium
2880 3580 3106 3661 animze,
3151 3614 3303 3656 amor
3344 3607 3612 3674 nequitia}.
3665 3611 3813 3681 Ergo

2219 3682 2401 3727 contra
2451 3677 2629 3731 odium
2674 3683 2959 3750 nequitiat,
3001 3702 3152 3742 amor
3187 3692 3399 3748 animze.
3453 3698 3553 3762 Qui
3592 3677 3812 3772 diligiiis

2221 3761 2492 3818 Domitium
2510 3809 2523 3832 ,
2562 3769 2677 3821 odio
2704 3771 2879 3826 habete
2903 3777 3091 3830 malum
3120 3779 3286 3848 (Psal.
3312 3799 3454 3848 xcvn,
3478 3761 3595 3857 710).
3624 3761 3810 3846 Bu’nus

2218 3862 2300 3906 est
2331 3855 2469 3908 Deus
2489 3897 2502 3918 ,
2533 3858 2728 3912 malum
2761 3873 2840 3916 est
2869 3866 3011 3934 quod
3038 3883 3181 3922 amas
3201 3912 3214 3933 ,
3247 3882 3302 3926 et
3329 3884 3379 3928 te
3404 3855 3573 3944 ipsum
3604 3883 3808 3936 malum

2217 3957 2366 3996 amas
2399 3964 2411 3999 :
2444 3949 2710 4014 quomodo
2735 3967 2883 4006 amas
2917 3955 3113 4025 Deum,
3145 3975 3264 4014 cum
3291 3963 3464 4020 adhuc
3491 3983 3638 4023 amas
3659 3974 3805 4039 quod

2216 4034 2326 4086 odit
2361 4035 2534 4090 Deus?
2555 4040 2757 4094 Audisti
2791 4043 2930 4098 enim
2954 4048 3074 4116 quia
3105 4051 3239 4107 Deus
3265 4055 3449 4110 dilexit
3466 4075 3560 4113 nos
3578 4062 3617 4131 (I
3637 4034 3800 4118 Joan.

2215 4140 2283 4189 tv,
2313 4126 2399 4198 10)
2435 4147 2448 4182 :
2472 4139 2525 4182 et
2547 4146 2725 4185 verum
2754 4144 2854 4198 est,
2873 4136 3059 4193 dilexit
3083 4157 3179 4196 nos
3201 4159 3216 4205 ;
3239 4154 3294 4199 et
3317 4149 3499 4217 quales
3519 4126 3793 4217 dilexerit.

2213 4216 2256 4268 si
2286 4217 2622 4274 attendamus
2645 4263 2658 4282 ,
2689 4225 3072 4283 erubescimus.
3121 4231 3224 4286 Sed
3251 4216 3371 4290 ideo
3394 4254 3501 4294 non
3527 4216 3803 4298 erubesci-

2213 4323 2331 4361 mus
2351 4350 2365 4370 ,
2396 4311 2515 4379 quia
2540 4312 2811 4383 diligendo
2839 4320 2989 4384 tales,
3025 4321 3147 4377 fecit
3183 4341 3302 4382 esse
3331 4347 3434 4384 non
3467 4334 3618 4389 tales.
3651 4337 3792 4391 Eru-

2211 4400 2475 4456 bescimus
2519 4408 2890 4466 recordatione
2919 4417 3342 4488 praeteritorum,
3373 4426 3667 4492 gaudemus
3700 4445 3801 4497 Spe

2211 4492 2526 4548 futurorum.
2575 4500 2750 4563 Quare
2777 4503 2918 4556 enim
2959 4505 3067 4572 jam
3107 4511 3486 4568 erubescamus
3519 4519 3659 4586 quod
3693 4522 3797 4576 fui-

2209 4600 2326 4637 mus
2348 4626 2362 4649 ,
2403 4595 2456 4639 et
2489 4605 2592 4642 non
2630 4591 2805 4658 potius
2831 4596 3160 4654 confidamus
3185 4602 3307 4671 quia
3355 4621 3450 4672 spe
3483 4607 3611 4663 salvi
3658 4611 3785 4667 facti

2205 4689 2388 4728 sumus
2410 4677 2434 4727 Ὺ
2463 4677 2695 4750 Denique
2719 4683 3035 4753 audivimus,
3091 4689 3322 4747 Accedite
3343 4696 3414 4747 ad
3435 4711 3565 4763 eum,
3593 4710 3640 4754 et
3666 4703 3795 4756 iitu-

2203 4766 2465 4819 ntt'namini
2489 4809 2502 4830 ,
2535 4779 2580 4821 et
2601 4773 2764 4826 vultus
2794 4778 2942 4830 uestri
2967 4796 3065 4832 non
3093 4783 3377 4838 erubescent
3401 4788 3570 4858 (Psol.
3600 4809 3792 4861 χχχιιι,

2201 4853 2278 4920 6).
2318 4855 2372 4909 Si
2411 4859 2624 4914 recedat
2656 4862 2831 4918 lumen
2859 4907 2872 4929 ,
2905 4869 3045 4922 redis
3071 4871 3134 4925 ad
3165 4875 3528 4934 confusionem
3564 4883 3600 4936 ‘.
3634 4885 3795 4939 Arce-

2199 4945 2300 4998 dite
2322 4947 2392 5000 ad
2429 4966 2544 5003 eum
2569 4993 2582 5012 ,
2632 4963 2678 5006 et
2713 4954 3093 5016 illuminamini.
3151 4965 3289 5034 Ergo
3318 4968 3407 5024 ille
3438 4971 3611 5027 lumen
3635 5017 3648 5040 ,
3687 4993 3790 5032 nos

2199 5038 2315 5092 sine
2339 5039 2427 5094 illo
2460 5041 2714 5097 tenebrm.
2743 5045 2797 5099 Si
2821 5053 3151 5107 recesserisa
3174 5055 3393 5125 lumine,
3428 5061 3477 5114 in
3511 5063 3614 5118 tuis
3644 5074 3788 5121 leue-

2198 5127 2309 5182 bris
2336 5132 2636 5186 remanebis
2667 5151 2678 5186 :
2708 5135 2752 5188 si
2783 5151 2911 5206 ergo
2934 5145 3247 5209 accesseris,
3283 5163 3389 5202 non
3419 5150 3484 5204 de
3513 5162 3602 5204 tuo
3632 5155 3786 5212 luce-

2195 5218 2311 5284 bis,
2363 5221 2555 5278 Fttistis
2603 5227 2736 5280 enim
2777 5230 3050 5296 aliquando
3095 5238 3344 5303 tenebrat,
3393 5242 3466 5295 ait
3494 5243 3787 5312 Apostolus

2197 5311 2442 5368 ﬁdelibus
2485 5331 2549 5370 ex
2593 5317 2895 5376 infidelibus
2926 5341 2940 5377 :
2973 5323 3168 5380 Fuisti:
3210 5331 3486 5394 aliquando
3533 5339 3784 5402 tenebrat,

2193 5415 2515 5485 nutteautetu
2541 5407 2631 5459 (ua:
2667 5409 2718 5461 itt
2753 5410 2966 5466 Domino
2996 5415 3203 5485 (Ep/tes.
3237 5436 3286 5486 v,
3319 5422 3397 5491 8).
3441 5424 3496 5479 Si
3528 5441 3654 5496 ergo
3689 5429 3782 5485 lux

2194 5493 2244 5547 in
2279 5481 2540 5563 Domino,
2590 5501 2826 5555 lClICbl‘il‘
2874 5503 2988 5559 sine
3017 5507 3257 5565 Domino.
3308 5510 3473 5570 Porro
3513 5515 3560 5572 si
3593 5517 3681 5574 lux
3723 5521 3783 5577 in

2255 5716 2270 5746 ¹
2299 5721 2425 5779 llas,
2444 5713 2635 5771 recedis
2649 5732 2679 5771 α
2696 5723 3002 5786 confessione.
