4108 6326
327 297 467 352 "75

326 410 553 465 Domino
578 449 592 472 ,
624 415 677 462 et
717 406 946 461 tcuebt'ic
973 403 1089 458 sine
1125 402 1347 457 Domino
1373 417 1386 464 ;
1435 399 1655 452 accedite
1682 398 1749 450 ad
1772 413 1911 463 eum,

334 516 373 558 ct
405 503 782 556 illuntinantini.

399 594 625 649 CAPUT
682 594 764 647 III.
793 623 864 633 -—
888 594 940 647 '5.
967 590 1151 647 Christi
1185 591 1351 658 passio
1379 590 1618 659 pra’tlicta
1634 589 1685 641 in
1711 586 1917 641 Psttlnto

330 685 677 739 dedicationis.
722 685 993 738 Attendite
1022 683 1074 736 in
1111 683 1320 736 l’salmo
1346 680 1692 735 dedicationis
1711 721 1727 745 ,
1758 693 1916 747 quem

330 777 492 829 modo
521 776 851 831 cantaviutus
873 816 887 840 ,
942 792 1004 831 ex
1049 777 1195 828 ruina
1226 773 1504 826 aedilicium
1534 773 1571 823 ί.
1620 769 1916 824 Conscidisti

330 887 534 924 saccum
560 887 722 923 meum
750 885 769 924 :
802 869 902 923 Itoc
928 868 1157 938 pertinet
1184 867 1248 920 ad
1278 864 1505 920 ruinam.
1531 864 1665 931 Quid
1695 878 1824 931 ergo
1848 862 1916 916 ad

328 964 612 1019 :edilicium
634 963 657 1016 ?
683 961 748 1015 Et
778 962 1037 1016 accinxisti
1063 978 1140 1013 me
1166 959 1358 1013 lwtitia.
1410 958 1516 1012 Vox
1547 954 1915 1020 dedicationis,

292 1094 299 1112 .
335 1055 403 1110 Ut
441 1065 604 1109 cantet
632 1054 718 1108 tibi
747 1055 909 1125 gloria
938 1070 1045 1107 mea
1070 1094 1084 1119 ,
1112 1062 1157 1107 et
1182 1069 1281 1104 nou
1305 1066 1635 1120 compungar.
1680 1048 1811 1114 Quis
1838 1056 1920 1100 est

327 1149 418 1217 qui
468 1147 741 1217 loquitur?
796 1145 849 1200 In
896 1146 1069 1200 verbis
1105 1145 1223 1213 ejus
1270 1142 1565 1214 agnoscite.
1619 1141 1674 1196 Si
1709 1153 1919 1208 expono

328 1243 617 1295 obscurum
663 1248 765 1294 est.
828 1239 970 1305 Ergo
1021 1238 1181 1292 verba
1231 1236 1351 1303 ejus
1409 1233 1615 1298 dicam,
1666 1232 1919 1285 continuo

328 1333 632 1403 aguoscetis
671 1332 977 1401 loquentem
1002 1371 1018 1397 ,
1053 1340 1104 1382 ut
1134 1328 1325 1381 ametis
1366 1326 1743 1394 alloqnentem.
1791 1322 1918 1389 Quis

330 1434 415 1478 est
469 1424 558 1493 qui
603 1423 781 1477 dicere
832 1422 1039 1492 potuit,
1092 1420 1341 1479 Domine,
1401 1417 1575 1470 eruisti
1625 1415 1686 1468 ab
1741 1417 1918 1486 inferis

330 1518 554 1571 animam
580 1532 743 1569 meam
771 1513 943 1584 (Psal.
973 1529 1110 1567 xxrx
1134 1555 1149 1577 ,
1179 1509 1276 1577 1‘2,
1306 1511 1371 1565 15
1389 1552 1402 1575 ,
1433 1510 1532 1579 4)⁴ἰ
1558 1507 1719 1577 Cujus
1742 1508 1917 1561 anima

331 1609 441 1676 jam
469 1607 537 1661 ab
564 1606 749 1660 inferis
773 1613 921 1659 eruta
949 1612 1031 1658 est
1054 1642 1069 1669 ,
1107 1603 1208 1657 nisi
1238 1601 1305 1655 de
1345 1616 1447 1670 qua
1473 1600 1672 1653 dictum
1704 1606 1786 1652 est
1811 1598 1918 1652 alio

330 1700 451 1753 loco
468 1740 483 1764 ,
527 1697 580 1751 Ν
586 1715 648 1751 on
675 1696 986 1766 derelinques
1010 1696 1230 1748 animam
1258 1709 1416 1746 meam
1443 1693 1495 1746 in
1519 1692 1719 1762 inferno
1745 1688 1915 1760 (Psal.

328 1806 424 1857 xv,
455 1791 586 1861 10)?
616 1788 935 1857 Proponitur
963 1785 1227 1841 dedicatio
1245 1826 1261 1849 ,
1289 1793 1342 1839 et
1368 1794 1611 1837 cantatur
1638 1781 1915 1836 liberatio:

328 1884 586 1953 jubilatur
623 1882 884 1935 canticum
931 1879 1283 1935 dedicationis
1327 1877 1556 1941 domus,
1605 1884 1659 1929 et
1699 1873 1915 1939 dicitur,

329 1975 583 2030 Exaltabo
618 1983 665 2027 te
687 2015 701 2039 ,
733 1972 949 2027 Domine
971 2012 987 2037 ,
1032 1970 1272 2041 quoniam
1307 1966 1570 2037 suscepisti
1604 1982 1713 2031 me,
1747 1976 1918 2018 etnon

326 2066 619 2138 j-itcundasti
662 2064 891 2118 inimicos
933 2079 1067 2116 meos
1109 2077 1262 2132 super
1304 2077 1384 2114 me
1430 2058 1604 2129 (Psal.
1634 2073 1756 2112 xstx
1780 2098 1794 2123 ,
1834 2054 1914 2127 ἓ).

331 2159 605 2213 Attendite
631 2158 845 2213 .Iudaeos
875 2156 1117 2211 inimicos
1136 2196 1150 2220 ,
1184 2154 1272 2223 qui
1299 2168 1356 2207 se
1381 2152 1637 2223 putabant
1659 2149 1917 2205 occidisse

329 2247 597 2303 Christum
623 2288 637 2312 ,
680 2247 872 2301 vicisse
897 2245 1049 2315 quasi
1078 2245 1348 2299 inimicum
1371 2285 1386 2306 ,
1432 2242 1728 2312 perdidisse
1764 2238 1917 2310 quasi

332 2341 600 2394 hominem
641 2338 851 2392 czeteris
894 2337 1122 2390 similem
1164 2344 1322 2402 atque
1369 2334 1668 2387 mortalem.
1713 2332 1912 2386 Resur-

335 2430 469 2484 rexit
499 2429 647 2483 tertia
679 2428 786 2493 die,
810 2436 864 2480 et
893 2428 1004 2479 hrcc
1030 2435 1112 2479 est
1138 2440 1237 2478 vox
1265 2424 1401 2493 ejus,
1430 2421 1683 2476 Exaltabo
1704 2431 1772 2486 te,
1810 2420 1915 2473 Ito-

333 2523 503 2585 mine,
547 2521 784 2589 quoniam
826 2518 1086 2587 suscepisti
1136 2533 1232 2569 me.
1282 2515 1552 2570 Attendite
1604 2513 1915 2582 Apostolum

333 2612 594 2666 dicentem
621 2653 636 2676 ,
687 2609 903 2680 Propter
930 2610 1064 2677 quod
1092 2625 1203 2661 eum
1234 2606 1367 2660 Deus
1394 2605 1627 2660 exultavit
1651 2646 1667 2669 ,
1706 2615 1754 2658 et
1783 2605 1918 2657 dedit

334 2702 413 2757 illi
440 2720 618 2756 nomen
645 2703 780 2771 quod
807 2709 879 2754 est
907 2716 1057 2771 super
1084 2715 1228 2753 omne
1257 2714 1436 2752 nomen
1465 2696 1725 2766 (Philipp.
1748 2711 1802 2759 tt,
1835 2696 1913 2764 9).

335 2796 402 2849 Et
426 2814 523 2849 non
540 2794 834 2864 jucundasti
858 2793 1086 2846 inimicos
1112 2808 1246 2845 meos
1268 2806 1418 2859 super
1448 2806 1545 2841 me.
1578 2788 1676 2856 Ipsi
1702 2787 1915 2857 quidem

334 2888 386 2940 in
426 2886 619 2941 Christi
662 2893 833 2938 morte
874 2882 1339 2952 jucundabantur,
1390 2878 1485 2934 sed
1516 2879 1565 2932 in
1598 2878 1714 2946 ejus
1742 2893 1920 2931 resur-

335 2978 597 3040 rectione,
629 2975 943 3029 ascensione
964 3014 978 3037 ,
1014 2972 1387 3042 prtudicatione
1413 2970 1572 3039 aliqui
1600 2983 1920 3038 compunge-

335 3069 548 3123 banlur.
578 3069 633 3123 In
662 3068 778 3134 ejus
802 3081 929 3135 ergo
952 3063 1328 3134 praedicatione
1354 3072 1405 3117 et
1431 3077 1524 3131 per
1545 3060 1919 3130 Apostolorum

338 3162 688 3217 constantiam
729 3159 1091 3214 dillamatione
1135 3156 1294 3225 aliqui
1335 3152 1826 3223 compungebantur
1866 3161 1920 3207 et

344 3254 811 3314 eonvertcbantur,
836 3251 1000 3320 aliqui
1029 3248 1425 3303 obdurabantnr
1451 3256 1506 3302 et
1528 3245 1924 3302 confundeban-

337 3353 453 3410 tur;
502 3344 625 3398 nulli
670 3352 846 3397 tamcn
887 3339 1335 3411 jucundabantur.
1386 3336 1543 3391 Modo
1580 3335 1793 3405 quando
1824 3336 1922 3388 im-

339 3436 548 3504 plentur
583 3433 828 3488 ecclesia:
864 3473 880 3496 ,
934 3440 1178 3500 putamus
1212 3428 1490 3496 jucundari
1525 3426 1773 3480 Judzcos?
1820 3424 1922 3479 Ec-

334 3526 515 3580 clesia:
541 3524 869 3577 :edilicantur
888 3561 903 3584 ,
929 3520 1242 3574 dedicantur
1265 3559 1280 3583 ,
1314 3516 1624 3584 implentur,
1653 3506 1923 3585 quomodo

339 3615 411 3668 illi
452 3609 845 3682 jucundantur?
898 3608 1013 3663 Non
1048 3608 1219 3662 solum
1259 3622 1364 3661 non
1392 3606 1751 3675 jucundantur
1775 3646 1788 3670 ,
1828 3604 1923 3659 sed

344 3706 502 3759 etiant
552 3701 983 3765 confunduntur;
1044 3709 1098 3755 et
1138 3699 1385 3769 impletur
1433 3712 1534 3752 vox
1587 3697 1920 3764 exsultantis,

1669 284 1897 338 SEIMIU
1935 285 2104 340 CCCX
2117 287 2154 340 Χ
2169 287 2209 342 Χ
2222 289 2301 346 VI.

3472 308 3611 367 MN

2026 402 2316 489 niatludas
2347 406 2589 463 venditor
2608 450 2623 476 ,
2655 411 2935 468 erubescat
2962 413 3176 472 Indicus
3202 427 3430 489 emptor.
3469 421 3613 478 Ecce

2022 487 2185 545 Judas
2216 495 2487 565 vendidit,
2525 498 2741 557 Iudaeus
2775 504 2931 571 emit,
2968 507 3163 562 malum
3193 487 3459 580 negotium
3486 527 3613 583 ege-

2025 588 2185 671 runt,
2231 584 2389 640 ambo
2415 587 2737 645 damnilicati
2763 604 2921 661 sunt,
2968 612 3027 652 se
3070 599 3612 671 ipsosperdiderunt

2024 670 2267 763 venditor
2291 685 2347 728 et
2379 687 2607 747 emptor.
2654 683 2933 753 Emptores
2960 702 3080 742 esse
3107 690 3344 746 voluistis
3371 711 3384 746 :
3409 702 3610 763 quanto

2024 761 2215 818 melius
2241 766 2501 837 redempti
2523 773 2753 828 essetis?
2783 775 2874 830 Ille
2899 778 3156 843 vendidit,
3190 781 3289 836 iste
3318 761 3447 838 emit
3478 800 3491 835 ε
3521 784 3609 837 in-

2025 850 2151 907 felix
2181 860 2558 914 commercium
2583 879 2598 923 ;
2632 879 2729 918 nec
2757 864 2857 921 iste
2884 866 3047 923 habet
3077 872 3303 939 pretium
3328 912 3343 937 ,
3377 889 3476 928 nec
3504 875 3607 929 iste

2025 942 2185 999 habet
2220 947 2508 1005 Christum.
2554 954 2687 1009 lluic
2709 956 2829 1012 dico
2860 974 2872 1010 :
2909 959 3005 1015 Ubi
3035 963 3284 1031 estquod
3312 965 3606 1034 accepisti?

2024 1035 2101 1091 Illi
2123 1039 2242 1095 dico
2271 1059 2284 1095 :
2317 1042 2415 1098 Ubi
2449 1054 2531 1099 est
2558 1049 2697 1116 quod
2724 1051 2941 1107 emisti?
2987 1053 3120 1108 Huic
3146 1055 3266 1111 dico
3295 1075 3310 1112 :
3339 1056 3440 1113 Ubi
3481 1072 3608 1112 ven-

2023 1127 2226 1197 didisti,
2259 1142 2309 1187 te
2337 1133 2612 1205 decepisti.
2646 1140 2882 1206 Exsulta,
2914 1145 3227 1215 christiane,
3258 1149 3313 1203 in
3339 1164 3607 1205 commer-

2023 1222 2107 1273 cio
2138 1222 2470 1280 inimicorum
2504 1239 2710 1284 tuorum
2739 1242 2796 1288 tu
2824 1236 3015 1290 vicisti.
3063 1237 3217 1304 Quod
3245 1240 3345 1297 iste
3366 1239 3606 1296 vendidit

2023 1322 2077 1366 et
2104 1313 2191 1368 ille
2219 1317 2367 1380 emit,
2403 1327 2458 1372 tu
2486 1322 2776 1390 aequisisti.

2095 1405 2321 1463 CAPUT
2342 1408 2425 1464 ‘V.
2447 1440 2518 1450 —
2536 1412 2590 1468 5.
2624 1411 2902 1484 Prophetia
2929 1418 2991 1471 de
3012 1418 3208 1474 Christo
3233 1422 3396 1492 capite
3414 1464 3431 1490 ,
3462 1423 3604 1478 nobis

2023 1498 2131 1566 ejus
2156 1499 2387 1554 membris
2416 1512 2611 1573 aptata.
2646 1504 2795 1560 Dicat
2816 1521 2942 1577 ergo
2970 1520 3127 1578 caput
3154 1522 3393 1566 nostrum
3420 1554 3435 1579 ,
3462 1513 3604 1569 dicat

2022 1599 2180 1659 caput
2210 1607 2305 1660 pro
2333 1608 2556 1663 corpore
2585 1598 2842 1666 occisum,
2893 1617 2988 1669 pro
3013 1618 3237 1672 corpore
3264 1606 3600 1673 dedicatum;

2023 1681 2180 1745 dicat,
2214 1684 2490 1741 audiamus
2518 1706 2532 1741 :
2565 1686 2864 1745 Conscidisti
2885 1709 3086 1747 saccum
3104 1712 3287 1765 nteant,
3312 1707 3359 1751 et
3383 1699 3606 1753 accinxi-

2021 1774 2087 1827 sti
2106 1791 2185 1828 me
2207 1776 2380 1831 lwtitia
2402 1819 2418 1845 ,
2450 1780 2504 1833 id
2530 1792 2607 1836 ρει
2631 1822 2648 1849 ,
2670 1784 2976 1839 conseidisti
3006 1788 3376 1844 mortalitatem
3404 1807 3602 1858 meam,

2023 1875 2078 1919 et
2118 1867 2394 1923 accinxisti
2437 1886 2523 1926 me
2563 1872 2954 1930 immortalitate
2990 1886 3044 1930 et
3084 1879 3498 1949 incorruptione.
3530 1880 3623 1936 Ut.

2003 1957 2185 2012 cantet
2223 1960 2311 2012 tibi
2339 1960 2503 2030 gloria
2541 1980 2687 2031 mea,
2728 1975 2775 2018 et
2814 1983 2915 2020 non
2952 1984 3283 2039 contpungar.
3332 1970 3468 2038 Quid
3498 1980 3602 2039 est,

2022 2066 2122 2103 non
2156 2054 2507 2123 compungar?
2539 2054 2656 2109 Jam
2701 2067 2885 2112 contra
2928 2075 3014 2115 me
3052 2076 3157 2115 non
3200 2060 3335 2117 ferat
3362 2064 3602 2118 lanceam

2023 2152 2363 2211 persecutor,
2410 2155 2464 2199 ut
2499 2160 2825 2216 eompungar
2866 2168 2879 2203 :
2912 2150 3140 2206 Christus
3167 2154 3300 2206 enim
3338 2171 3605 2225 resurgens

2021 2249 2052 2285 a
2079 2236 2290 2288 mortuis
2298 2236 2413 2306 jam
2433 2253 2535 2290 non
2560 2239 2792 2302 moritur,
2817 2257 2951 2293 mors
2971 2242 3048 2295 illi
3068 2244 3204 2295 ultra
3233 2260 3335 2297 non
3363 2245 3603 2299 domina-

2020 2324 2153 2377 bitur
2181 2341 2200 2379 :
2229 2327 2367 2397 quod
2386 2327 2517 2381 enim
2538 2339 2765 2384 mortuus
2790 2340 2862 2385 est
2885 2372 2898 2393 .
2937 2343 3139 2402 peccato
3164 2345 3387 2391 mortuus
3412 2348 3483 2392 est
3517 2356 3599 2392 se-

2021 2415 2159 2479 mel;
2189 2416 2324 2486 quod
2361 2428 2528 2472 autem
2560 2420 2713 2484 vivit,
2749 2422 2865 2475 vivit
2894 2421 3022 2477 Deo.
3066 2423 3152 2477 Ita
3186 2436 3233 2479 et
3258 2444 3377 2492 nos,
3408 2430 3599 2498 inquit,

2021 2508 2357 2562 existimemus
2406 2527 2498 2563 nos
2539 2522 2763 2567 mortuos
2803 2530 2909 2570 esse
2948 2526 3151 2582 peccato
3174 2558 3190 2584 ,
3235 2520 3395 2575 vivere
3434 2532 3603 2577 autem

2024 2598 2149 2661 Deo,
2180 2601 2231 2652 in
2271 2600 2468 2654 Christo
2490 2601 2615 2657 Jesu
2640 2602 2857 2659 Domino
2897 2617 3067 2661 nostra
3094 2606 3268 2682 (llam.
3300 2598 3386 2678 Vt,
3419 2613 3597 2685 9-H).

2020 2690 2160 2760 Ergo
2208 2691 2258 2745 in
2303 2692 2392 2746 illo
2420 2703 2713 2761 cantamus,
2764 2695 2816 2750 in
2861 2698 2951 2751 illo
2975 2698 3198 2754 dedicati
3242 2717 3446 2758 sumus.
3484 2705 3603 2773 Quo

2021 2783 2161 2837 enim
2184 2794 2339 2852 caput
2361 2786 2652 2854 praecessit,
2681 2795 2736 2842 et
2758 2790 2995 2844 membra
3024 2800 3269 2846 secutura
3295 2809 3595 2863 speramus.

2024 2873 2130 2943 Spe
2163 2876 2295 2929 enint
2335 2877 2462 2930 salvi
2495 2879 2617 2948 facti
2642 2896 2815 2933 sumus
2845 2898 2863 2934 :
2890 2898 3007 2951 spes
3034 2894 3202 2936 autem
3240 2901 3353 2952 qua:
3385 2886 3601 2953 videtur,

2024 2983 2125 3020 non
2149 2979 2221 3020 est
2249 2984 2396 3037 spes;
2418 2969 2554 3038 quod
2579 2970 2709 3023 enim
2735 2972 2862 3025 videt
2886 2976 2997 3041 quis
3023 2974 3144 3044 qttid
3164 2987 3331 3045 sperat
3353 2977 3378 3030 ?
3413 2976 3475 3031 Si
3504 2995 3604 3031 au-

2024 3067 2120 3111 tem
2152 3058 2289 3128 quod
2331 3076 2431 3112 non
2475 3059 2699 3115 videmus
2731 3080 2991 3130 speramus
3011 3104 3028 3131 ,
3076 3082 3165 3134 per
3197 3067 3490 3137 patientiam
3516 3085 3607 3123 ea:-

2023 3158 2306 3217 spectamus
2337 3149 2444 3221 (Id.
2476 3168 2565 3206 vm
2587 3194 2602 3221 ,
2632 3153 2763 3207 24a
2782 3152 3010 3225 25),per
3035 3156 3340 3226 patientiam
3375 3160 3607 3214 azdilica-

2025 3254 2163 3292 mur.
2215 3239 2375 3296 Forte
2418 3252 2594 3306 autem
2635 3253 2718 3297 est
2757 3244 2864 3299 illic
2904 3255 2958 3299 et
2997 3262 3099 3300 vox
3147 3258 3355 3309 nostra,
3402 3249 3449 3303 si
3473 3249 3609 3305 bene

2025 3331 2382 3397 attendamus,
2408 3332 2453 3385 si
2479 3333 2760 3402 diligenter
2789 3334 3110 3402 intueamur,
3147 3338 3189 3390 si
3225 3340 3435 3393 oeulum
3478 3356 3608 3396 acu-

2030 3431 2137 3475 tum
2168 3438 2447 3491 geramus;
2494 3440 2597 3477 non
2629 3428 3077 3494 quemadmodum
3105 3431 3280 3485 solent
3320 3448 3607 3502 corporum

2027 3515 2153 3568 eieci
2180 3526 2447 3572 amatores
2477 3534 2490 3570 :
2521 3517 2562 3570 si
2595 3533 2722 3588 ergo
2747 3519 3074 3587 spiritualcm
3100 3522 3314 3575 oculum
3363 3525 3607 3578 intenda-

2028 3621 2169 3671 mus,
2214 3607 2265 3660 in
2306 3607 2435 3676 ipsis
2478 3608 2697 3663 vocibus
2742 3609 2947 3663 Domini
2976 3612 3140 3665 nostri
3178 3611 3305 3667 Jesu
3332 3614 3527 3669 Christi
3554 3627 3611 3670 et

2030 3712 2129 3750 nos
2172 3697 2316 3766 ipsos
2358 3697 2672 3754 invenimus.
2726 3698 2842 3755 Non
2891 3701 3030 3755 enim
3072 3701 3265 3758 frustra
3304 3705 3437 3759 dixit
3471 3707 3613 3776 Apo-

2029 3788 2234 3853 stolus,
2276 3787 2502 3844 Scientes
2542 3791 2661 3860 quia
2706 3802 2843 3846 vetus
2876 3794 3024 3847 homo
3059 3804 3228 3849 noster
3262 3798 3415 3851 simul
3448 3800 3609 3852 cruci-

256 3784 260 3786 V
289 3804 308 3887 τι
341 3794 596 3849 Exaltabo
626 3802 673 3847 te
695 3833 710 3858 ,
756 3791 976 3846 Domine
995 3832 1010 3855 ,
1041 3791 1277 3861 quoniam
1300 3788 1563 3857 suscepisti
1582 3805 1694 3854 me,
1739 3796 1786 3841 et
1824 3803 1924 3840 non

300 3878 628 3957 rjucuntlasti
667 3886 895 3939 inimicos
940 3899 1074 3937 meos
1119 3898 1272 3952 super
1315 3897 1411 3934 me.
1459 3879 1579 3934 Non
1616 3878 1924 3949 jucundasti

307 3994 504 4057 .super
529 3992 615 4031 me
650 3994 663 4030 :
690 3976 733 4029 si
761 3973 889 4029 mihi
920 3974 1160 4038 credant,
1181 3969 1500 4042 jucundabis
1520 3970 1572 4023 in
1606 3984 1711 4024 me.

308 4065 316 4137 ξ
414 4066 637 4122 CAPUT
677 4065 765 4121 IV.
794 4096 867 4106 —
904 4065 957 4119 ἆ.
991 4062 1220 4118 Pretium
1247 4072 1471 4115 nostrunt
1491 4062 1695 4131 sanguis
1720 4060 1925 4117 Christi.

2030 3879 2165 3947 ﬁxus
2184 3888 2254 3933 est
2279 3896 2390 3932 cum
2417 3880 2539 3946 illo,
2570 3892 2624 3933 ut
2653 3893 2917 3937 evacuetur
2942 3901 3127 3955 corpus
3152 3889 3360 3955 peccati,
3397 3897 3451 3941 ut
3475 3890 3608 3942 ultra

2032 3985 2131 4021 non
2156 3971 2426 4024 serviamus
2454 3980 2655 4040 peccato
2678 3971 2789 4042 (Id.
2813 3989 2863 4027 γι
2884 4014 2900 4038 ,
2927 3973 3003 4045 6).
3048 3974 3292 4046 Agnosco
3320 3976 3394 4030 ibi
3422 3992 3606 4033 vocem

2033 4068 2176 4114 tuam
2211 4078 2223 4114 :
2259 4058 2326 4115 Ut
2355 4071 2521 4115 cantet
2559 4063 2648 4116 tibi
2670 4064 2833 4133 gloria
2862 4080 2971 4117 mea
2993 4106 3009 4131 ,
3048 4076 3094 4118 et
3134 4083 3233 4119 non
3274 4083 3606 4139 compungar.

345 4157 423 4212 Ne
448 4156 613 4211 multa
641 4156 879 4210 dicamus
897 4196 912 4219 ,
944 4154 1009 4207 ad
1038 4154 1123 4207 illa
1149 4169 1268 4223 qua:
1293 4152 1626 4206 cantavimus
1645 4151 1927 4222 aliquando

349 4249 645 4303 veniamus.
668 4246 947 4315 Quomodo
967 4245 1095 4301 dicit
1114 4245 1375 4310 Christus,
1404 4243 1703 4298 Conscidisti
1727 4261 1929 4298 saccum

344 4356 546 4406 meum,
587 4350 634 4393 et
667 4339 929 4393 accinxisti
958 4354 1036 4392 me
1093 4338 1309 4392 lwtitia?
1354 4336 1551 4392 Saccus
1578 4338 1695 4406 ejus
1722 4345 1836 4391 erat
1859 4337 1931 4391 si-

349 4431 590 4487 militudo
619 4433 793 4486 carnis
833 4431 1056 4501 peccati.
1098 4429 1211 4484 Non
1241 4428 1335 4483 tibi
1375 4429 1626 4493 vilescat,
1662 4428 1803 4498 quod
1831 4428 1926 4495 ait,

347 4538 550 4578 saccum
579 4538 744 4576 meum
773 4537 792 4575 :
821 4521 891 4575 ibi
926 4530 1042 4575 erat
1061 4521 1320 4574 inclusum
1344 4520 1567 4589 pretium
1596 4527 1763 4573 tuum.
1792 4517 1930 4573 Con-

342 4615 541 4669 scidisti
581 4630 785 4668 saccum
827 4629 1013 4666 meum.
1062 4612 1341 4666 Evasimus
1382 4611 1448 4665 ad
1492 4626 1703 4665 saccum
1748 4611 1926 4664 istum.

348 4704 648 4761 Conscidisti
685 4721 889 4758 saccum
927 4721 1111 4758 meum.
1146 4704 1202 4758 In
1240 4705 1486 4773 passione
1521 4703 1824 4759 conscissus
1850 4712 1933 4758 est

349 4812 558 4854 saccus.
600 4797 880 4864 Quomodo
905 4810 1034 4867 ergo
1062 4797 1171 4851 Deo
1202 4797 1341 4849 Patri
1369 4796 1562 4850 dicitur
1581 4838 1596 4863 ,
1630 4796 1931 4850 Conscidisti

349 4910 552 4946 saccum
592 4891 800 4946 nteant?
842 4890 1119 4957 Quomodo
1161 4890 1302 4944 Patri
1332 4888 1572 4953 dicatur,
1603 4889 1683 4942 vis
1707 4889 1931 4955 audire}

351 4982 653 5037 Conscidisti
676 4998 878 5037 saccum
902 4998 1088 5035 meum.
1131 4979 1262 5046 Quia
1305 4980 1511 5049 proprio
1542 4978 1678 5032 Filio
1715 4996 1816 5032 non
1846 4995 1933 5049 pe-

351 5086 529 5142 percit,
558 5074 647 5127 sed
668 5089 760 5142 pro
784 5073 926 5126 nobis
954 5071 1183 5125 omnibus
1210 5070 1418 5124 tradidit
1446 5068 1593 5123 illum
1618 5068 1793 5139 (Rom.
1814 5085 1929 5134 vni,

355 5164 469 5231 32).
520 5162 669 5217 Fecit
702 5162 842 5216 enim
876 5178 969 5231 per
1002 5160 1214 5215 Judieos
1258 5160 1555 5215 nescientes
1576 5202 1591 5225 ,
1628 5160 1766 5214 unde
1793 5159 1934 5214 redi-

357 5265 629 5309 merentur
656 5253 905 5317 scientes,
952 5262 1005 5307 et
1042 5252 1494 5308 conlunderentur
1523 5262 1795 5323 negantes.
1824 5252 1931 5307 Ne-

357 5345 531 5398 sciunt
570 5343 715 5399 enim
762 5342 885 5413 quid
918 5344 1043 5398 boni
1069 5344 1222 5398 nobis
1252 5343 1454 5411 operati
1485 5353 1612 5397 sunt
1642 5344 1785 5397 malo
1812 5359 1930 5398 suo.

354 5434 655 5504 Suspensus
683 5443 766 5489 est
804 5449 1027 5498 saccus,
1072 5444 1126 5488 et
1166 5433 1315 5503 quasi
1358 5433 1562 5487 Iactatus
1604 5443 1684 5488 cst
1722 5435 1929 5503 impius.

353 5524 631 5580 Conscidit
658 5539 871 5591 saccum
899 5524 1078 5579 lancea
1109 5535 1436 5594 persecutor,
1469 5535 1521 5578 et
1541 5524 1673 5578 ludit
1704 5524 1932 5593 pretium

356 5626 596 5672 nostrum
622 5614 966 5684 Redemptor.
1009 5614 1202 5669 Cantet
1226 5614 1465 5669 Christus
1487 5612 1811 5685 redemptor,
1838 5630 1929 5683 ge-

421 5729 439 5761 ⁸
462 5729 536 5779 Sic
557 5735 661 5778 Mss.
685 5734 741 5777 At
764 5727 915 5784 editi.
943 5738 1007 5777 ex
1040 5726 1181 5777 ruina
1202 5724 1539 5789 ardiﬁciorutn.

2032 4151 2189 4206 Modo
2210 4153 2352 4207 enim
2389 4169 2509 4207 cum
2547 4154 2676 4208 istas
2703 4156 2942 4224 corporis
2980 4158 3221 4212 mortalis
3257 4158 3494 4213 sarcinas
3520 4161 3612 4214 ba-

2028 4243 2295 4312 julamus,
2336 4260 2442 4299 non
2472 4244 2623 4300 deest
2648 4247 2787 4301 unde
2812 4261 3249 4318 compungamur.
3289 4249 3419 4304 Nam
3453 4250 3496 4305 si
3518 4267 3611 4306 cor

2035 4351 2139 4390 non
2163 4338 2535 4407 compnngitur
2559 4378 2573 4402 ,
2605 4354 2770 4407 quare
2808 4348 2989 4408 pectus
3014 4340 3285 4393 tunditur?
3323 4342 3455 4395 Cum
3483 4358 3611 4411 ergo

2033 4430 2239 4484 venerit
2264 4430 2423 4485 etiam
2459 4430 2623 4484 nostri
2656 4430 2895 4499 corporis
2923 4430 3205 4498 dedicatio,
3234 4448 3352 4501 qua:
3384 4448 3612 4501 praeces-

2035 4520 2104 4574 sit
2132 4519 2184 4573 in
2208 4520 2414 4574 Domini
2435 4522 2698 4591 exemplo,
2722 4530 2847 4576 tunc
2866 4536 2970 4576 non
2991 4536 3427 4591 compungemur.
3454 4523 3614 4577 Com-

2036 4612 2376 4681 punetionem
2400 4613 2563 4680 enim,
2591 4628 2749 4683 quam
2779 4612 3032 4667 habemus
3060 4612 3126 4667 de
3147 4623 3388 4681 peccato,
3412 4613 3617 4683 signifi-

2036 4704 2178 4757 cavit
2204 4703 2384 4758 lancea
2409 4704 2760 4772 percussoris.
2817 4704 3052 4773 Dcnique
3081 4703 3329 4772 quoniam
3357 4705 3612 4773 scriptum

2039 4806 2120 4850 est
2140 4838 2155 4863 ,
2193 4796 2239 4848 A
2260 4796 2468 4849 muliere
2500 4796 2698 4849 initium
2722 4800 2912 4867 factum
2937 4804 3007 4848 est
3031 4796 3251 4865 peccati,
3279 4806 3325 4849 et
3355 4813 3444 4867 per
3471 4796 3616 4852 illam

2038 4903 2208 4940 omnes
2258 4888 2540 4941 moriuntur
2582 4887 2765 4958 (Eccli.
2795 4902 2933 4951 xxv,
2973 4884 3063 4956 55)
3095 4904 3109 4941 :
3141 4886 3360 4941 recolite
3396 4887 3463 4941 de
3506 4903 3616 4957 quo

2038 4980 2280 5034 membro
2323 4979 2458 5034 facta
2503 4988 2619 5043 est,
2672 4990 2726 5033 et
2779 4976 2953 5031 videte
3001 4978 3086 5030 tibi
3134 4977 3386 5032 Dominus
3431 4980 3614 5034 lancea

2039 5080 2390 5139 compunctus
2429 5080 2532 5126 est.
2563 5070 2797 5125 Recolite
2816 5112 2830 5133 ,
2868 5069 3113 5138 inquam,
3142 5070 3362 5125 recolite
3391 5072 3613 5140 primam

2040 5162 2400 5218 conditionem
2447 5174 2728 5218 nostram:
2763 5177 2865 5215 non
2919 5162 3061 5217 enim
3106 5161 3296 5217 frustra
3324 5205 3339 5228 ,
3385 5173 3442 5217 ut
3471 5164 3615 5226 dixi,
3664 5160 3670 5165 ’

2051 5254 2199 5308 Vetus
2241 5255 2387 5308 homo
2422 5264 2588 5307 noster
2622 5252 2773 5306 simul
2814 5253 3088 5320 cruciﬁxus
3128 5262 3231 5319 est,
3271 5264 3325 5306 ut
3357 5265 3620 5307 concitetur

2039 5363 2221 5415 corpus
2252 5346 2461 5416 peccati,
2491 5353 2544 5397 ut
2571 5346 2705 5397 ultra
2735 5362 2833 5397 non
2859 5344 3131 5398 serviamus
3166 5355 3387 5415 peccato.
3417 5343 3619 5414 Nempe

2042 5438 2171 5501 Eva,
2200 5454 2229 5492 a
2259 5453 2359 5507 qua
2389 5436 2523 5491 facta
2551 5446 2633 5490 est
2662 5437 2865 5488 initium
2900 5437 3097 5503 peccati
3122 5477 3136 5500 ,
3176 5448 3383 5505 sumpta
3415 5447 3494 5490 est
3519 5478 3534 5502 ,
3566 5448 3623 5491 ut

2012 5528 2397 5593 lormarctur,
2448 5527 2716 5583 delatore
2752 5527 2869 5581 viri.
2915 5527 3194 5582 Dormiens
3235 5527 3445 5596 jacebat
3496 5529 3617 5595 ille,

2039 5637 2159 5674 eum
2184 5619 2377 5673 factum
2400 5629 2483 5673 est
2518 5639 2531 5673 :
2563 5629 2805 5673 mortuus
2831 5618 3091 5689 pendebat
3118 5618 3250 5684 iste,
3280 5632 3399 5672 cum
3424 5620 3621 5671 factum

2040 5721 2139 5767 est.
2167 5710 2401 5782 Cognata
2431 5710 2535 5767 duo
2563 5720 2685 5766 sunt
2714 5726 2930 5766 somnus
2956 5720 3008 5765 ct
3033 5723 3197 5777 mors,
3228 5708 3367 5764 latus
3383 5717 3434 5763 et
3461 5713 3617 5764 tatus.
