  <div class='ocr_page' id='page_1' title='image "/cluster/home/n/w/nwhite01/storage/ocr_20150623/38/hvd.32044015706294/743.png"; bbox 0 0 4108 6326; ppageno 0'>
   <div class='ocr_carea' id='block_1_1' title="bbox 564 263 700 320">
    <p class='ocr_par' dir='ltr' id='par_1_1' title="bbox 564 263 700 320">
     <span class='ocr_line' id='line_1_1' title="bbox 564 263 700 320; baseline 0.015 -2"><span class='ocrx_word' id='word_1_1' title='bbox 564 263 700 320; x_wconf 80' lang='lat' dir='ltr'><strong>H75</strong></span> 
     </span>
    </p>
   </div>
   <div class='ocr_carea' id='block_1_2' title="bbox 558 366 2140 449">
    <p class='ocr_par' dir='ltr' id='par_1_2' title="bbox 558 366 2140 449">
     <span class='ocr_line' id='line_1_2' title="bbox 558 366 2140 449; baseline -0.008 -15"><span class='ocrx_word' id='word_1_2' title='bbox 558 386 907 449; x_wconf 71' lang='lat' dir='ltr'><strong>compunctus</strong></span> <span class='ocrx_word' id='word_1_3' title='bbox 948 381 1031 429; x_wconf 92' lang='lat' dir='ltr'><strong>est</strong></span> <span class='ocrx_word' id='word_1_4' title='bbox 1074 372 1329 427; x_wconf 83' lang='lat' dir='ltr'><strong>Dominus</strong></span> <span class='ocrx_word' id='word_1_5' title='bbox 1378 368 1431 425; x_wconf 81' lang='lat' dir='ltr'><strong>in</strong></span> <span class='ocrx_word' id='word_1_6' title='bbox 1474 368 1589 424; x_wconf 92' lang='lat' dir='ltr'><strong>loco</strong></span> <span class='ocrx_word' id='word_1_7' title='bbox 1630 379 1988 438; x_wconf 68' lang='lat' dir='ltr'><strong>peccatorum.</strong></span> <span class='ocrx_word' id='word_1_8' title='bbox 2032 366 2140 422; x_wconf 87' lang='lat' dir='ltr'><strong>Sed</strong></span> 
     </span>
    </p>
   </div>
   <div class='ocr_carea' id='block_1_3' title="bbox 557 460 2143 534">
    <p class='ocr_par' dir='ltr' id='par_1_3' title="bbox 557 460 2143 534">
     <span class='ocr_line' id='line_1_3' title="bbox 557 460 2143 534; baseline -0.007 -9"><span class='ocrx_word' id='word_1_9' title='bbox 557 471 628 525; x_wconf 86' lang='lat' dir='ltr'><strong>de</strong></span> <span class='ocrx_word' id='word_1_10' title='bbox 653 471 743 525; x_wconf 92' lang='lat' dir='ltr'><strong>illo</strong></span> <span class='ocrx_word' id='word_1_11' title='bbox 771 471 935 524; x_wconf 88' lang='lat' dir='ltr'><strong>latere</strong></span> <span class='ocrx_word' id='word_1_12' title='bbox 961 466 1096 521; x_wconf 85' lang='lat' dir='ltr'><strong>facta</strong></span> <span class='ocrx_word' id='word_1_13' title='bbox 1138 475 1221 521; x_wconf 91' lang='lat' dir='ltr'><strong>est</strong></span> <span class='ocrx_word' id='word_1_14' title='bbox 1251 465 1381 530; x_wconf 85' lang='lat' dir='ltr'><strong>Eva,</strong></span> <span class='ocrx_word' id='word_1_15' title='bbox 1406 478 1527 534; x_wconf 68' lang='lat' dir='ltr'><strong>qua:</strong></span> <span class='ocrx_word' id='word_1_16' title='bbox 1568 478 1666 517; x_wconf 89' lang='lat' dir='ltr'><strong>nos</strong></span> <span class='ocrx_word' id='word_1_17' title='bbox 1694 460 1965 532; x_wconf 90' lang='lat' dir='ltr'><strong>peccando</strong></span> <span class='ocrx_word' id='word_1_18' title='bbox 1991 474 2143 514; x_wconf 87' lang='lat' dir='ltr'><strong>mor-</strong></span> 
     </span>
    </p>
   </div>
   <div class='ocr_carea' id='block_1_4' title="bbox 565 551 2142 625">
    <p class='ocr_par' dir='ltr' id='par_1_4' title="bbox 565 551 2142 625">
     <span class='ocr_line' id='line_1_4' title="bbox 565 551 2142 625; baseline -0.008 -9"><span class='ocrx_word' id='word_1_19' title='bbox 565 562 823 625; x_wconf 89' lang='lat' dir='ltr'><strong>tificaret;</strong></span> <span class='ocrx_word' id='word_1_20' title='bbox 878 558 945 613; x_wconf 91' lang='lat' dir='ltr'><strong>de</strong></span> <span class='ocrx_word' id='word_1_21' title='bbox 1002 559 1105 613; x_wconf 92' lang='lat' dir='ltr'><strong>isto</strong></span> <span class='ocrx_word' id='word_1_22' title='bbox 1141 567 1318 612; x_wconf 91' lang='lat' dir='ltr'><strong>autem</strong></span> <span class='ocrx_word' id='word_1_23' title='bbox 1364 557 1531 612; x_wconf 88' lang='lat' dir='ltr'><strong>latere</strong></span> <span class='ocrx_word' id='word_1_24' title='bbox 1572 553 1710 609; x_wconf 84' lang='lat' dir='ltr'><strong>facta</strong></span> <span class='ocrx_word' id='word_1_25' title='bbox 1755 563 1840 609; x_wconf 91' lang='lat' dir='ltr'><strong>est</strong></span> <span class='ocrx_word' id='word_1_26' title='bbox 1883 551 2142 619; x_wconf 81' lang='lat' dir='ltr'><strong>Ecclesia,</strong></span> 
     </span>
    </p>
   </div>
   <div class='ocr_carea' id='block_1_5' title="bbox 560 648 1437 722">
    <p class='ocr_par' dir='ltr' id='par_1_5' title="bbox 560 648 1437 722">
     <span class='ocr_line' id='line_1_5' title="bbox 560 648 1437 722; baseline -0.002 -19"><span class='ocrx_word' id='word_1_27' title='bbox 560 666 677 722; x_wconf 81' lang='lat' dir='ltr'><strong>qua:</strong></span> <span class='ocrx_word' id='word_1_28' title='bbox 708 666 805 704; x_wconf 85' lang='lat' dir='ltr'><strong>nos</strong></span> <span class='ocrx_word' id='word_1_29' title='bbox 836 649 1088 719; x_wconf 83' lang='lat' dir='ltr'><strong>pariendo</strong></span> <span class='ocrx_word' id='word_1_30' title='bbox 1123 648 1437 702; x_wconf 84' lang='lat' dir='ltr'><strong>vivificaret.</strong></span> 
     </span>
    </p>
   </div>
   <div class='ocr_carea' id='block_1_6' title="bbox 632 733 2148 814">
    <p class='ocr_par' dir='ltr' id='par_1_6' title="bbox 632 733 2148 814">
     <span class='ocr_line' id='line_1_6' title="bbox 632 733 2148 814; baseline -0.005 -18"><span class='ocrx_word' id='word_1_31' title='bbox 632 741 877 814; x_wconf 80' lang='lat' dir='ltr'><strong>[CAPUT</strong></span> <span class='ocrx_word' id='word_1_32' title='bbox 919 742 979 796; x_wconf 86' lang='lat' dir='ltr'><strong>Vl</strong></span> <span class='ocrx_word' id='word_1_33' title='bbox 1009 741 1183 813; x_wconf 83' lang='lat' dir='ltr'><strong>(o).—-</strong></span> <span class='ocrx_word' id='word_1_34' title='bbox 1202 742 1253 795; x_wconf 83' lang='grc'><strong>6.</strong></span> <span class='ocrx_word' id='word_1_35' title='bbox 1283 739 1522 793; x_wconf 73' lang='lat' dir='ltr'><strong>Ecclesiw</strong></span> <span class='ocrx_word' id='word_1_36' title='bbox 1542 752 1682 791; x_wconf 80' lang='lat' dir='ltr'><strong>nova:</strong></span> <span class='ocrx_word' id='word_1_37' title='bbox 1708 736 1973 791; x_wconf 73' lang='lat' dir='ltr'><strong>dedicatio.</strong></span> <span class='ocrx_word' id='word_1_38' title='bbox 2004 733 2148 804; x_wconf 87' lang='lat' dir='ltr'><strong>Ergo</strong></span> 
     </span>
    </p>
   </div>
   <div class='ocr_carea' id='block_1_7' title="bbox 559 825 2147 899">
    <p class='ocr_par' dir='ltr' id='par_1_7' title="bbox 559 825 2147 899">
     <span class='ocr_line' id='line_1_7' title="bbox 559 825 2147 899; baseline -0.004 -12"><span class='ocrx_word' id='word_1_39' title='bbox 559 833 684 889; x_wconf 90' lang='lat' dir='ltr'><strong>dum</strong></span> <span class='ocrx_word' id='word_1_40' title='bbox 730 850 919 888; x_wconf 88' lang='lat' dir='ltr'><strong>novam</strong></span> <span class='ocrx_word' id='word_1_41' title='bbox 969 835 1421 888; x_wconf 91' lang='lat' dir='ltr'><strong>constructionem</strong></span> <span class='ocrx_word' id='word_1_42' title='bbox 1468 842 1668 885; x_wconf 78' lang='lat' dir='ltr'><strong>sancta:</strong></span> <span class='ocrx_word' id='word_1_43' title='bbox 1713 829 1872 899; x_wconf 86' lang='lat' dir='ltr'><strong>hujus</strong></span> <span class='ocrx_word' id='word_1_44' title='bbox 1903 825 2147 883; x_wconf 74' lang='lat' dir='ltr'><strong>ecclesia:</strong></span> 
     </span>
    </p>
   </div>
   <div class='ocr_carea' id='block_1_8' title="bbox 560 917 2148 994">
    <p class='ocr_par' dir='ltr' id='par_1_8' title="bbox 560 917 2148 994">
     <span class='ocr_line' id='line_1_8' title="bbox 560 917 2148 994; baseline -0.004 -15"><span class='ocrx_word' id='word_1_45' title='bbox 560 925 1147 991; x_wconf 85' lang='lat' dir='ltr'><strong>libenterattendimus,</strong></span> <span class='ocrx_word' id='word_1_46' title='bbox 1178 940 1334 994; x_wconf 91' lang='lat' dir='ltr'><strong>quam</strong></span> <span class='ocrx_word' id='word_1_47' title='bbox 1357 922 1536 977; x_wconf 87' lang='lat' dir='ltr'><strong>divino</strong></span> <span class='ocrx_word' id='word_1_48' title='bbox 1561 923 1763 976; x_wconf 82' lang='lat' dir='ltr'><strong>nomini</strong></span> <span class='ocrx_word' id='word_1_49' title='bbox 1811 919 1969 975; x_wconf 83' lang='lat' dir='ltr'><strong>hodie</strong></span> <span class='ocrx_word' id='word_1_50' title='bbox 1997 917 2148 973; x_wconf 83' lang='lat' dir='ltr'><strong>dedi—</strong></span> 
     </span>
    </p>
   </div>
   <div class='ocr_carea' id='block_1_9' title="bbox 557 1007 2137 1081">
    <p class='ocr_par' dir='ltr' id='par_1_9' title="bbox 557 1007 2137 1081">
     <span class='ocr_line' id='line_1_9' title="bbox 557 1007 2137 1081; baseline -0.006 -10"><span class='ocrx_word' id='word_1_51' title='bbox 557 1032 762 1081; x_wconf 89' lang='lat' dir='ltr'><strong>camus,</strong></span> <span class='ocrx_word' id='word_1_52' title='bbox 788 1017 1083 1071; x_wconf 81' lang='lat' dir='ltr'><strong>invenimus</strong></span> <span class='ocrx_word' id='word_1_53' title='bbox 1113 1031 1142 1068; x_wconf 92' lang='lat' dir='ltr'><strong>a</strong></span> <span class='ocrx_word' id='word_1_54' title='bbox 1173 1016 1327 1070; x_wconf 91' lang='lat' dir='ltr'><strong>nobis</strong></span> <span class='ocrx_word' id='word_1_55' title='bbox 1346 1014 1529 1068; x_wconf 88' lang='lat' dir='ltr'><strong>deberi</strong></span> <span class='ocrx_word' id='word_1_56' title='bbox 1546 1022 1600 1066; x_wconf 87' lang='lat' dir='ltr'><strong>et</strong></span> <span class='ocrx_word' id='word_1_57' title='bbox 1628 1014 1734 1067; x_wconf 86' lang='lat' dir='ltr'><strong>Deo</strong></span> <span class='ocrx_word' id='word_1_58' title='bbox 1752 1022 1934 1065; x_wconf 89' lang='lat' dir='ltr'><strong>nostro</strong></span> <span class='ocrx_word' id='word_1_59' title='bbox 1964 1007 2137 1062; x_wconf 81' lang='lat' dir='ltr'><strong>maxi-</strong></span> 
     </span>
    </p>
   </div>
   <div class='ocr_carea' id='block_1_10' title="bbox 563 1101 2149 1174">
    <p class='ocr_par' dir='ltr' id='par_1_10' title="bbox 563 1101 2149 1174">
     <span class='ocr_line' id='line_1_10' title="bbox 563 1101 2149 1174; baseline -0.004 -12"><span class='ocrx_word' id='word_1_60' title='bbox 563 1125 703 1163; x_wconf 89' lang='lat' dir='ltr'><strong>mam</strong></span> <span class='ocrx_word' id='word_1_61' title='bbox 728 1110 953 1173; x_wconf 88' lang='lat' dir='ltr'><strong>laudem,</strong></span> <span class='ocrx_word' id='word_1_62' title='bbox 984 1117 1040 1163; x_wconf 89' lang='lat' dir='ltr'><strong>et</strong></span> <span class='ocrx_word' id='word_1_63' title='bbox 1070 1108 1347 1162; x_wconf 83' lang='lat' dir='ltr'><strong>Sanctitati</strong></span> <span class='ocrx_word' id='word_1_64' title='bbox 1384 1117 1573 1162; x_wconf 73' lang='lat' dir='ltr'><strong>vestra:</strong></span> <span class='ocrx_word' id='word_1_65' title='bbox 1601 1119 1891 1174; x_wconf 85' lang='lat' dir='ltr'><strong>congruum</strong></span> <span class='ocrx_word' id='word_1_66' title='bbox 1923 1102 1991 1158; x_wconf 91' lang='lat' dir='ltr'><strong>de</strong></span> <span class='ocrx_word' id='word_1_67' title='bbox 2010 1101 2149 1157; x_wconf 88' lang='lat' dir='ltr'><strong>divi-</strong></span> 
     </span>
    </p>
   </div>
   <div class='ocr_carea' id='block_1_11' title="bbox 560 1197 2146 1254">
    <p class='ocr_par' dir='ltr' id='par_1_11' title="bbox 560 1197 2146 1254">
     <span class='ocr_line' id='line_1_11' title="bbox 560 1197 2146 1254; baseline -0.004 -1"><span class='ocrx_word' id='word_1_68' title='bbox 560 1216 644 1254; x_wconf 80' lang='lat' dir='ltr'><strong>uze</strong></span> <span class='ocrx_word' id='word_1_69' title='bbox 668 1200 859 1254; x_wconf 91' lang='lat' dir='ltr'><strong>domus</strong></span> <span class='ocrx_word' id='word_1_70' title='bbox 907 1200 1257 1254; x_wconf 61' lang='lat' dir='ltr'><strong>aedificatione</strong></span> <span class='ocrx_word' id='word_1_71' title='bbox 1285 1214 1607 1252; x_wconf 88' lang='lat' dir='ltr'><strong>sermonem.</strong></span> <span class='ocrx_word' id='word_1_72' title='bbox 1651 1197 1798 1250; x_wconf 88' lang='lat' dir='ltr'><strong>Tunc</strong></span> <span class='ocrx_word' id='word_1_73' title='bbox 1827 1204 2004 1249; x_wconf 91' lang='lat' dir='ltr'><strong>autem</strong></span> <span class='ocrx_word' id='word_1_74' title='bbox 2029 1208 2146 1250; x_wconf 88' lang='lat' dir='ltr'><strong>ser-</strong></span> 
     </span>
    </p>
   </div>
   <div class='ocr_carea' id='block_1_12' title="bbox 560 1284 2137 1360">
    <p class='ocr_par' dir='ltr' id='par_1_12' title="bbox 560 1284 2137 1360">
     <span class='ocr_line' id='line_1_12' title="bbox 560 1284 2137 1360; baseline -0.003 -17"><span class='ocrx_word' id='word_1_75' title='bbox 560 1306 647 1344; x_wconf 90' lang='lat' dir='ltr'><strong>mo</strong></span> <span class='ocrx_word' id='word_1_76' title='bbox 671 1301 853 1346; x_wconf 88' lang='lat' dir='ltr'><strong>noster</strong></span> <span class='ocrx_word' id='word_1_77' title='bbox 869 1305 1135 1360; x_wconf 83' lang='lat' dir='ltr'><strong>congruus</strong></span> <span class='ocrx_word' id='word_1_78' title='bbox 1160 1290 1284 1355; x_wconf 85' lang='lat' dir='ltr'><strong>erit,</strong></span> <span class='ocrx_word' id='word_1_79' title='bbox 1313 1290 1355 1343; x_wconf 93' lang='lat' dir='ltr'><strong>si</strong></span> <span class='ocrx_word' id='word_1_80' title='bbox 1380 1289 1432 1343; x_wconf 90' lang='lat' dir='ltr'><strong>in</strong></span> <span class='ocrx_word' id='word_1_81' title='bbox 1458 1304 1517 1343; x_wconf 89' lang='lat' dir='ltr'><strong>se</strong></span> <span class='ocrx_word' id='word_1_82' title='bbox 1538 1287 1732 1356; x_wconf 80' lang='lat' dir='ltr'><strong>aliquid</strong></span> <span class='ocrx_word' id='word_1_83' title='bbox 1766 1284 2137 1341; x_wconf 63' lang='lat' dir='ltr'><strong>aedificationis</strong></span> 
     </span>
    </p>
   </div>
   <div class='ocr_carea' id='block_1_13' title="bbox 562 1378 2145 1452">
    <p class='ocr_par' dir='ltr' id='par_1_13' title="bbox 562 1378 2145 1452">
     <span class='ocr_line' id='line_1_13' title="bbox 562 1378 2145 1452; baseline -0.004 -16"><span class='ocrx_word' id='word_1_84' title='bbox 562 1382 775 1447; x_wconf 88' lang='lat' dir='ltr'><strong>haheat,</strong></span> <span class='ocrx_word' id='word_1_85' title='bbox 811 1382 951 1452; x_wconf 82' lang='lat' dir='ltr'><strong>quod</strong></span> <span class='ocrx_word' id='word_1_86' title='bbox 975 1381 1185 1435; x_wconf 89' lang='lat' dir='ltr'><strong>utilitati</strong></span> <span class='ocrx_word' id='word_1_87' title='bbox 1241 1382 1536 1434; x_wconf 86' lang='lat' dir='ltr'><strong>animarum</strong></span> <span class='ocrx_word' id='word_1_88' title='bbox 1580 1388 1876 1434; x_wconf 82' lang='lat' dir='ltr'><strong>vestrarum</strong></span> <span class='ocrx_word' id='word_1_89' title='bbox 1907 1378 2017 1432; x_wconf 88' lang='lat' dir='ltr'><strong>Deo</strong></span> <span class='ocrx_word' id='word_1_90' title='bbox 2049 1391 2145 1430; x_wconf 90' lang='lat' dir='ltr'><strong>vos</strong></span> 
     </span>
    </p>
   </div>
   <div class='ocr_carea' id='block_1_14' title="bbox 558 1468 2145 1541">
    <p class='ocr_par' dir='ltr' id='par_1_14' title="bbox 558 1468 2145 1541">
     <span class='ocr_line' id='line_1_14' title="bbox 558 1468 2145 1541; baseline -0.003 -16"><span class='ocrx_word' id='word_1_91' title='bbox 558 1473 783 1526; x_wconf 88' lang='lat' dir='ltr'><strong>interius</strong></span> <span class='ocrx_word' id='word_1_92' title='bbox 799 1472 1096 1526; x_wconf 60' lang='lat' dir='ltr'><strong>aedificante</strong></span> <span class='ocrx_word' id='word_1_93' title='bbox 1115 1471 1374 1541; x_wconf 85' lang='lat' dir='ltr'><strong>proficiat.</strong></span> <span class='ocrx_word' id='word_1_94' title='bbox 1394 1470 1545 1536; x_wconf 86' lang='lat' dir='ltr'><strong>Quod</strong></span> <span class='ocrx_word' id='word_1_95' title='bbox 1579 1470 1663 1523; x_wconf 91' lang='lat' dir='ltr'><strong>hic</strong></span> <span class='ocrx_word' id='word_1_96' title='bbox 1715 1468 1911 1523; x_wconf 81' lang='lat' dir='ltr'><strong>factum</strong></span> <span class='ocrx_word' id='word_1_97' title='bbox 1952 1484 2145 1539; x_wconf 89' lang='lat' dir='ltr'><strong>corpo-</strong></span> 
     </span>
    </p>
   </div>
   <div class='ocr_carea' id='block_1_15' title="bbox 557 1562 2143 1633">
    <p class='ocr_par' dir='ltr' id='par_1_15' title="bbox 557 1562 2143 1633">
     <span class='ocr_line' id='line_1_15' title="bbox 557 1562 2143 1633; baseline -0.002 -16"><span class='ocrx_word' id='word_1_98' title='bbox 557 1566 743 1619; x_wconf 78' lang='lat' dir='ltr'><strong>raliter</strong></span> <span class='ocrx_word' id='word_1_99' title='bbox 770 1565 1010 1619; x_wconf 81' lang='lat' dir='ltr'><strong>videmus</strong></span> <span class='ocrx_word' id='word_1_100' title='bbox 1028 1565 1079 1619; x_wconf 90' lang='lat' dir='ltr'><strong>in</strong></span> <span class='ocrx_word' id='word_1_101' title='bbox 1101 1564 1405 1633; x_wconf 81' lang='lat' dir='ltr'><strong>parietibus,</strong></span> <span class='ocrx_word' id='word_1_102' title='bbox 1437 1562 1779 1632; x_wconf 89' lang='lat' dir='ltr'><strong>spiritualitcr</strong></span> <span class='ocrx_word' id='word_1_103' title='bbox 1794 1562 1886 1615; x_wconf 90' lang='lat' dir='ltr'><strong>fiat</strong></span> <span class='ocrx_word' id='word_1_104' title='bbox 1915 1562 1967 1615; x_wconf 90' lang='lat' dir='ltr'><strong>in</strong></span> <span class='ocrx_word' id='word_1_105' title='bbox 1988 1577 2143 1615; x_wconf 90' lang='lat' dir='ltr'><strong>men-</strong></span> 
     </span>
    </p>
   </div>
   <div class='ocr_carea' id='block_1_16' title="bbox 557 1651 2142 1726">
    <p class='ocr_par' dir='ltr' id='par_1_16' title="bbox 557 1651 2142 1726">
     <span class='ocr_line' id='line_1_16' title="bbox 557 1651 2142 1726; baseline -0.003 -15"><span class='ocrx_word' id='word_1_106' title='bbox 557 1658 697 1712; x_wconf 82' lang='lat' dir='ltr'><strong>tibus</strong></span> <span class='ocrx_word' id='word_1_107' title='bbox 726 1674 742 1723; x_wconf 84' lang='lat'><strong>;</strong></span> <span class='ocrx_word' id='word_1_108' title='bbox 779 1664 836 1711; x_wconf 88' lang='lat' dir='ltr'><strong>et</strong></span> <span class='ocrx_word' id='word_1_109' title='bbox 870 1656 1012 1726; x_wconf 88' lang='lat' dir='ltr'><strong>quod</strong></span> <span class='ocrx_word' id='word_1_110' title='bbox 1053 1657 1137 1709; x_wconf 88' lang='lat' dir='ltr'><strong>hic</strong></span> <span class='ocrx_word' id='word_1_111' title='bbox 1174 1654 1466 1724; x_wconf 77' lang='lat' dir='ltr'><strong>perfectura</strong></span> <span class='ocrx_word' id='word_1_112' title='bbox 1498 1654 1767 1707; x_wconf 89' lang='lat' dir='ltr'><strong>cernimus</strong></span> <span class='ocrx_word' id='word_1_113' title='bbox 1794 1653 1846 1706; x_wconf 90' lang='lat' dir='ltr'><strong>iu</strong></span> <span class='ocrx_word' id='word_1_114' title='bbox 1877 1651 2142 1722; x_wconf 83' lang='lat' dir='ltr'><strong>lapidibus</strong></span> 
     </span>
    </p>
   </div>
   <div class='ocr_carea' id='block_1_17' title="bbox 555 1744 2143 1819">
    <p class='ocr_par' dir='ltr' id='par_1_17' title="bbox 555 1744 2143 1819">
     <span class='ocr_line' id='line_1_17' title="bbox 555 1744 2143 1819; baseline -0.003 -16"><span class='ocrx_word' id='word_1_115' title='bbox 555 1750 799 1819; x_wconf 87' lang='lat' dir='ltr'><strong>ctlignis,</strong></span> <span class='ocrx_word' id='word_1_116' title='bbox 826 1749 927 1803; x_wconf 85' lang='lat' dir='ltr'><strong>hoc</strong></span> <span class='ocrx_word' id='word_1_117' title='bbox 953 1748 1251 1802; x_wconf 65' lang='lat' dir='ltr'><strong>aedificante</strong></span> <span class='ocrx_word' id='word_1_118' title='bbox 1275 1747 1441 1817; x_wconf 79' lang='lat' dir='ltr'><strong>gratia</strong></span> <span class='ocrx_word' id='word_1_119' title='bbox 1472 1746 1564 1801; x_wconf 89' lang='lat' dir='ltr'><strong>Dei</strong></span> <span class='ocrx_word' id='word_1_120' title='bbox 1591 1745 1896 1815; x_wconf 85' lang='lat' dir='ltr'><strong>perficiatur</strong></span> <span class='ocrx_word' id='word_1_121' title='bbox 1919 1744 1971 1798; x_wconf 90' lang='lat' dir='ltr'><strong>in</strong></span> <span class='ocrx_word' id='word_1_122' title='bbox 2017 1759 2143 1798; x_wconf 85' lang='lat' dir='ltr'><strong>cor-</strong></span> 
     </span>
    </p>
   </div>
   <div class='ocr_carea' id='block_1_18' title="bbox 557 1835 2142 1908">
    <p class='ocr_par' dir='ltr' id='par_1_18' title="bbox 557 1835 2142 1908">
     <span class='ocr_line' id='line_1_18' title="bbox 557 1835 2142 1908; baseline -0.004 -14"><span class='ocrx_word' id='word_1_123' title='bbox 557 1841 774 1908; x_wconf 85' lang='lat' dir='ltr'><strong>poribus</strong></span> <span class='ocrx_word' id='word_1_124' title='bbox 818 1841 833 1872; x_wconf 83' lang='grc'>¹</span> <span class='ocrx_word' id='word_1_125' title='bbox 867 1839 1079 1894; x_wconf 87' lang='lat' dir='ltr'><strong>vestris.</strong></span> <span class='ocrx_word' id='word_1_126' title='bbox 1115 1838 1487 1908; x_wconf 81' lang='lat' dir='ltr'><strong>Principalitcr</strong></span> <span class='ocrx_word' id='word_1_127' title='bbox 1520 1853 1648 1907; x_wconf 87' lang='lat' dir='ltr'><strong>ergo</strong></span> <span class='ocrx_word' id='word_1_128' title='bbox 1678 1835 1879 1907; x_wconf 88' lang='lat' dir='ltr'><strong>gratias</strong></span> <span class='ocrx_word' id='word_1_129' title='bbox 1923 1849 2142 1904; x_wconf 80' lang='lat' dir='ltr'><strong>agamus</strong></span> 
     </span>
    </p>
   </div>
   <div class='ocr_carea' id='block_1_19' title="bbox 557 1927 2133 1999">
    <p class='ocr_par' dir='ltr' id='par_1_19' title="bbox 557 1927 2133 1999">
     <span class='ocr_line' id='line_1_19' title="bbox 557 1927 2133 1999; baseline -0.005 -13"><span class='ocrx_word' id='word_1_130' title='bbox 557 1932 781 1986; x_wconf 84' lang='lat' dir='ltr'><strong>Domino</strong></span> <span class='ocrx_word' id='word_1_131' title='bbox 804 1933 912 1986; x_wconf 89' lang='lat' dir='ltr'><strong>Deo</strong></span> <span class='ocrx_word' id='word_1_132' title='bbox 941 1938 1144 1996; x_wconf 87' lang='lat' dir='ltr'><strong>nostro,</strong></span> <span class='ocrx_word' id='word_1_133' title='bbox 1175 1946 1203 1983; x_wconf 88' lang='lat' dir='ltr'><strong>a</strong></span> <span class='ocrx_word' id='word_1_134' title='bbox 1232 1944 1339 1999; x_wconf 90' lang='lat' dir='ltr'><strong>quo</strong></span> <span class='ocrx_word' id='word_1_135' title='bbox 1365 1937 1448 1983; x_wconf 87' lang='lat' dir='ltr'><strong>cst</strong></span> <span class='ocrx_word' id='word_1_136' title='bbox 1476 1943 1635 1983; x_wconf 86' lang='lat' dir='ltr'><strong>omne</strong></span> <span class='ocrx_word' id='word_1_137' title='bbox 1650 1927 1833 1982; x_wconf 88' lang='lat' dir='ltr'><strong>datum</strong></span> <span class='ocrx_word' id='word_1_138' title='bbox 1855 1927 2133 1996; x_wconf 80' lang='lat' dir='ltr'><strong>Optimum,</strong></span> 
     </span>
    </p>
   </div>
   <div class='ocr_carea' id='block_1_20' title="bbox 558 2020 2140 2092">
    <p class='ocr_par' dir='ltr' id='par_1_20' title="bbox 558 2020 2140 2092">
     <span class='ocr_line' id='line_1_20' title="bbox 558 2020 2140 2092; baseline -0.004 -13"><span class='ocrx_word' id='word_1_139' title='bbox 558 2036 614 2079; x_wconf 88' lang='lat' dir='ltr'><strong>ct</strong></span> <span class='ocrx_word' id='word_1_140' title='bbox 642 2040 801 2079; x_wconf 90' lang='lat' dir='ltr'><strong>omne</strong></span> <span class='ocrx_word' id='word_1_141' title='bbox 842 2024 1039 2078; x_wconf 90' lang='lat' dir='ltr'><strong>donum</strong></span> <span class='ocrx_word' id='word_1_142' title='bbox 1095 2024 1422 2092; x_wconf 87' lang='lat' dir='ltr'><strong>perfectum;</strong></span> <span class='ocrx_word' id='word_1_143' title='bbox 1453 2030 1503 2076; x_wconf 91' lang='lat' dir='ltr'><strong>et</strong></span> <span class='ocrx_word' id='word_1_144' title='bbox 1553 2022 1670 2088; x_wconf 82' lang='lat' dir='ltr'><strong>ejus</strong></span> <span class='ocrx_word' id='word_1_145' title='bbox 1707 2020 1999 2075; x_wconf 89' lang='lat' dir='ltr'><strong>bonitatem</strong></span> <span class='ocrx_word' id='word_1_146' title='bbox 2033 2028 2140 2073; x_wconf 81' lang='lat' dir='ltr'><strong>tota</strong></span> 
     </span>
    </p>
   </div>
   <div class='ocr_carea' id='block_1_21' title="bbox 556 2110 2140 2181">
    <p class='ocr_par' dir='ltr' id='par_1_21' title="bbox 556 2110 2140 2181">
     <span class='ocr_line' id='line_1_21' title="bbox 556 2110 2140 2181; baseline -0.003 -13"><span class='ocrx_word' id='word_1_147' title='bbox 556 2115 734 2169; x_wconf 85' lang='lat' dir='ltr'><strong>cordis</strong></span> <span class='ocrx_word' id='word_1_148' title='bbox 770 2116 1041 2169; x_wconf 87' lang='lat' dir='ltr'><strong>alacritate</strong></span> <span class='ocrx_word' id='word_1_149' title='bbox 1087 2114 1383 2175; x_wconf 87' lang='lat' dir='ltr'><strong>laudemus,</strong></span> <span class='ocrx_word' id='word_1_150' title='bbox 1420 2113 1671 2181; x_wconf 91' lang='lat' dir='ltr'><strong>quoniam</strong></span> <span class='ocrx_word' id='word_1_151' title='bbox 1708 2110 1777 2165; x_wconf 87' lang='lat' dir='ltr'><strong>ad</strong></span> <span class='ocrx_word' id='word_1_152' title='bbox 1818 2121 2140 2165; x_wconf 89' lang='lat' dir='ltr'><strong>construen-</strong></span> 
     </span>
    </p>
   </div>
   <div class='ocr_carea' id='block_1_22' title="bbox 556 2190 2137 2260">
    <p class='ocr_par' dir='ltr' id='par_1_22' title="bbox 556 2190 2137 2260">
     <span class='ocr_line' id='line_1_22' title="bbox 556 2190 2137 2260; baseline -0.003 0"><span class='ocrx_word' id='word_1_153' title='bbox 556 2206 678 2260; x_wconf 88' lang='lat' dir='ltr'><strong>dam</strong></span> <span class='ocrx_word' id='word_1_154' title='bbox 707 2207 861 2260; x_wconf 89' lang='lat' dir='ltr'><strong>istam</strong></span> <span class='ocrx_word' id='word_1_155' title='bbox 889 2206 1108 2260; x_wconf 84' lang='lat' dir='ltr'><strong>domum</strong></span> <span class='ocrx_word' id='word_1_156' title='bbox 1153 2205 1411 2259; x_wconf 88' lang='lat' dir='ltr'><strong>orationis</strong></span> <span class='ocrx_word' id='word_1_157' title='bbox 1442 2190 1677 2259; x_wconf 83' lang='lat' dir='ltr'><strong>lidelium</strong></span> <span class='ocrx_word' id='word_1_158' title='bbox 1708 2218 1923 2258; x_wconf 90' lang='lat' dir='ltr'><strong>suorum</strong></span> <span class='ocrx_word' id='word_1_159' title='bbox 1952 2204 2137 2258; x_wconf 59' lang='lat' dir='ltr'><strong>visita.</strong></span> 
     </span>
    </p>
   </div>
   <div class='ocr_carea' id='block_1_23' title="bbox 552 2296 2138 2367">
    <p class='ocr_par' dir='ltr' id='par_1_23' title="bbox 552 2296 2138 2367">
     <span class='ocr_line' id='line_1_23' title="bbox 552 2296 2138 2367; baseline -0.003 -14"><span class='ocrx_word' id='word_1_160' title='bbox 552 2300 629 2353; x_wconf 77' lang='lat' dir='ltr'><strong>\‘it</strong></span> <span class='ocrx_word' id='word_1_161' title='bbox 653 2299 910 2365; x_wconf 89' lang='lat' dir='ltr'><strong>animum,</strong></span> <span class='ocrx_word' id='word_1_162' title='bbox 956 2299 1204 2353; x_wconf 86' lang='lat' dir='ltr'><strong>excitavit</strong></span> <span class='ocrx_word' id='word_1_163' title='bbox 1224 2298 1494 2361; x_wconf 72' lang='lat' dir='ltr'><strong>allectum,</strong></span> <span class='ocrx_word' id='word_1_164' title='bbox 1524 2296 1823 2367; x_wconf 84' lang='lat' dir='ltr'><strong>surrogavit</strong></span> <span class='ocrx_word' id='word_1_165' title='bbox 1848 2296 2138 2362; x_wconf 80' lang='lat' dir='ltr'><strong>auxilium;</strong></span> 
     </span>
    </p>
   </div>
   <div class='ocr_carea' id='block_1_24' title="bbox 556 2388 2140 2460">
    <p class='ocr_par' dir='ltr' id='par_1_24' title="bbox 556 2388 2140 2460">
     <span class='ocr_line' id='line_1_24' title="bbox 556 2388 2140 2460; baseline -0.003 -15"><span class='ocrx_word' id='word_1_166' title='bbox 556 2390 830 2460; x_wconf 81' lang='lat' dir='ltr'><strong>inspiravit</strong></span> <span class='ocrx_word' id='word_1_167' title='bbox 859 2391 1082 2445; x_wconf 79' lang='lat' dir='ltr'><strong>necdum</strong></span> <span class='ocrx_word' id='word_1_168' title='bbox 1111 2390 1409 2445; x_wconf 86' lang='lat' dir='ltr'><strong>volentibus</strong></span> <span class='ocrx_word' id='word_1_169' title='bbox 1431 2398 1490 2444; x_wconf 91' lang='lat' dir='ltr'><strong>ut</strong></span> <span class='ocrx_word' id='word_1_170' title='bbox 1504 2389 1722 2454; x_wconf 85' lang='lat' dir='ltr'><strong>vellent,</strong></span> <span class='ocrx_word' id='word_1_171' title='bbox 1752 2388 1957 2458; x_wconf 80' lang='lat' dir='ltr'><strong>adjuvit</strong></span> <span class='ocrx_word' id='word_1_172' title='bbox 1984 2388 2140 2442; x_wconf 77' lang='lat' dir='ltr'><strong>bona:</strong></span> 
     </span>
    </p>
   </div>
   <div class='ocr_carea' id='block_1_25' title="bbox 554 2480 2138 2550">
    <p class='ocr_par' dir='ltr' id='par_1_25' title="bbox 554 2480 2138 2550">
     <span class='ocr_line' id='line_1_25' title="bbox 554 2480 2138 2550; baseline -0.001 -14"><span class='ocrx_word' id='word_1_173' title='bbox 554 2483 838 2536; x_wconf 70' lang='lat' dir='ltr'><strong>voluntatis</strong></span> <span class='ocrx_word' id='word_1_174' title='bbox 895 2494 1120 2537; x_wconf 87' lang='lat' dir='ltr'><strong>conatus</strong></span> <span class='ocrx_word' id='word_1_175' title='bbox 1173 2493 1230 2536; x_wconf 90' lang='lat' dir='ltr'><strong>ut</strong></span> <span class='ocrx_word' id='word_1_176' title='bbox 1269 2483 1537 2547; x_wconf 90' lang='lat' dir='ltr'><strong>facerent;</strong></span> <span class='ocrx_word' id='word_1_177' title='bbox 1580 2496 1644 2537; x_wconf 90' lang='lat' dir='ltr'><strong>ac</strong></span> <span class='ocrx_word' id='word_1_178' title='bbox 1696 2496 1791 2550; x_wconf 87' lang='lat' dir='ltr'><strong>per</strong></span> <span class='ocrx_word' id='word_1_179' title='bbox 1848 2480 1948 2535; x_wconf 91' lang='lat' dir='ltr'><strong>hoc</strong></span> <span class='ocrx_word' id='word_1_180' title='bbox 1976 2481 2138 2547; x_wconf 83' lang='lat' dir='ltr'><strong>Deus,</strong></span> 
     </span>
    </p>
   </div>
   <div class='ocr_carea' id='block_1_26' title="bbox 554 2571 2135 2643">
    <p class='ocr_par' dir='ltr' id='par_1_26' title="bbox 554 2571 2135 2643">
     <span class='ocr_line' id='line_1_26' title="bbox 554 2571 2135 2643; baseline 0 -18"><span class='ocrx_word' id='word_1_181' title='bbox 554 2573 638 2643; x_wconf 84' lang='lat' dir='ltr'><strong>qui</strong></span> <span class='ocrx_word' id='word_1_182' title='bbox 665 2584 906 2641; x_wconf 78' lang='lat' dir='ltr'><strong>operatur</strong></span> <span class='ocrx_word' id='word_1_183' title='bbox 930 2574 983 2627; x_wconf 92' lang='lat' dir='ltr'><strong>in</strong></span> <span class='ocrx_word' id='word_1_184' title='bbox 1004 2574 1115 2628; x_wconf 89' lang='lat' dir='ltr'><strong>suis</strong></span> <span class='ocrx_word' id='word_1_185' title='bbox 1145 2583 1191 2627; x_wconf 88' lang='lat' dir='ltr'><strong>et</strong></span> <span class='ocrx_word' id='word_1_186' title='bbox 1212 2573 1336 2627; x_wconf 84' lang='lat' dir='ltr'><strong>velle</strong></span> <span class='ocrx_word' id='word_1_187' title='bbox 1355 2582 1402 2626; x_wconf 92' lang='lat' dir='ltr'><strong>et</strong></span> <span class='ocrx_word' id='word_1_188' title='bbox 1426 2573 1667 2642; x_wconf 79' lang='lat' dir='ltr'><strong>perﬁcere</strong></span> <span class='ocrx_word' id='word_1_189' title='bbox 1687 2588 1779 2642; x_wconf 89' lang='lat' dir='ltr'><strong>pro</strong></span> <span class='ocrx_word' id='word_1_190' title='bbox 1804 2571 1933 2625; x_wconf 80' lang='lat' dir='ltr'><strong>bona</strong></span> <span class='ocrx_word' id='word_1_191' title='bbox 1954 2571 2135 2625; x_wconf 85' lang='lat' dir='ltr'><strong>volun-</strong></span> 
     </span>
    </p>
   </div>
   <div class='ocr_carea' id='block_1_27' title="bbox 555 2666 2137 2738">
    <p class='ocr_par' dir='ltr' id='par_1_27' title="bbox 555 2666 2137 2738">
     <span class='ocr_line' id='line_1_27' title="bbox 555 2666 2137 2738; baseline 0.001 -18"><span class='ocrx_word' id='word_1_192' title='bbox 555 2678 655 2720; x_wconf 80' lang='lat' dir='ltr'><strong>tate</strong></span> <span class='ocrx_word' id='word_1_193' title='bbox 681 2666 700 2737; x_wconf 86' lang='lat'>(</span> <span class='ocrx_word' id='word_1_194' title='bbox 727 2666 955 2737; x_wconf 83' lang='lat' dir='ltr'><strong>Philipp.</strong></span> <span class='ocrx_word' id='word_1_195' title='bbox 1002 2684 1059 2729; x_wconf 91' lang='grc' dir='ltr'><strong>ιι,</strong></span> <span class='ocrx_word' id='word_1_196' title='bbox 1116 2668 1185 2721; x_wconf 76' lang='grc'><strong>15</strong></span> <span class='ocrx_word' id='word_1_197' title='bbox 1209 2666 1251 2738; x_wconf 92' lang='grc'>),</span> <span class='ocrx_word' id='word_1_198' title='bbox 1282 2666 1396 2721; x_wconf 70' lang='lat' dir='ltr'><strong>hmo</strong></span> <span class='ocrx_word' id='word_1_199' title='bbox 1424 2666 1602 2721; x_wconf 89' lang='lat' dir='ltr'><strong>omnia</strong></span> <span class='ocrx_word' id='word_1_200' title='bbox 1632 2666 1746 2735; x_wconf 89' lang='lat' dir='ltr'><strong>ipse</strong></span> <span class='ocrx_word' id='word_1_201' title='bbox 1785 2666 1968 2734; x_wconf 74' lang='lat' dir='ltr'><strong>C(Bplt,</strong></span> <span class='ocrx_word' id='word_1_202' title='bbox 2020 2666 2137 2735; x_wconf 89' lang='lat' dir='ltr'><strong>ipse</strong></span> 
     </span>
    </p>
   </div>
   <div class='ocr_carea' id='block_1_28' title="bbox 560 2758 2142 2829">
    <p class='ocr_par' dir='ltr' id='par_1_28' title="bbox 560 2758 2142 2829">
     <span class='ocr_line' id='line_1_28' title="bbox 560 2758 2142 2829; baseline -0.003 -14"><span class='ocrx_word' id='word_1_203' title='bbox 560 2761 800 2828; x_wconf 73' lang='lat' dir='ltr'><strong>perfecit.</strong></span> <span class='ocrx_word' id='word_1_204' title='bbox 836 2761 900 2814; x_wconf 80' lang='lat' dir='ltr'><strong>Et</strong></span> <span class='ocrx_word' id='word_1_205' title='bbox 928 2762 1049 2829; x_wconf 85' lang='lat' dir='ltr'><strong>quia</strong></span> <span class='ocrx_word' id='word_1_206' title='bbox 1077 2775 1237 2828; x_wconf 87' lang='lat' dir='ltr'><strong>opera</strong></span> <span class='ocrx_word' id='word_1_207' title='bbox 1286 2760 1421 2814; x_wconf 88' lang='lat' dir='ltr'><strong>bona</strong></span> <span class='ocrx_word' id='word_1_208' title='bbox 1456 2758 1507 2813; x_wconf 90' lang='lat' dir='ltr'><strong>in</strong></span> <span class='ocrx_word' id='word_1_209' title='bbox 1533 2766 1825 2828; x_wconf 89' lang='lat' dir='ltr'><strong>conspectu</strong></span> <span class='ocrx_word' id='word_1_210' title='bbox 1862 2772 1958 2812; x_wconf 89' lang='lat' dir='ltr'><strong>suo</strong></span> <span class='ocrx_word' id='word_1_211' title='bbox 2006 2775 2142 2812; x_wconf 89' lang='lat' dir='ltr'><strong>nuu-</strong></span> 
     </span>
    </p>
   </div>
   <div class='ocr_carea' id='block_1_29' title="bbox 554 2850 2141 2923">
    <p class='ocr_par' dir='ltr' id='par_1_29' title="bbox 554 2850 2141 2923">
     <span class='ocr_line' id='line_1_29' title="bbox 554 2850 2141 2923; baseline -0.001 -17"><span class='ocrx_word' id='word_1_212' title='bbox 554 2869 713 2923; x_wconf 85' lang='lat' dir='ltr'><strong>quam</strong></span> <span class='ocrx_word' id='word_1_213' title='bbox 760 2867 881 2907; x_wconf 85' lang='lat' dir='ltr'><strong>esse</strong></span> <span class='ocrx_word' id='word_1_214' title='bbox 915 2852 1170 2920; x_wconf 87' lang='lat' dir='ltr'><strong>permittit</strong></span> <span class='ocrx_word' id='word_1_215' title='bbox 1214 2852 1409 2915; x_wconf 88' lang='lat' dir='ltr'><strong>inania,</strong></span> <span class='ocrx_word' id='word_1_216' title='bbox 1465 2850 1711 2905; x_wconf 73' lang='lat' dir='ltr'><strong>fidelibus</strong></span> <span class='ocrx_word' id='word_1_217' title='bbox 1753 2851 1897 2915; x_wconf 88' lang='lat' dir='ltr'><strong>suis,</strong></span> <span class='ocrx_word' id='word_1_218' title='bbox 1949 2851 2141 2920; x_wconf 84' lang='lat' dir='ltr'><strong>quibus</strong></span> 
     </span>
    </p>
   </div>
   <div class='ocr_carea' id='block_1_30' title="bbox 554 2943 2141 3014">
    <p class='ocr_par' dir='ltr' id='par_1_30' title="bbox 554 2943 2141 3014">
     <span class='ocr_line' id='line_1_30' title="bbox 554 2943 2141 3014; baseline 0.001 -17"><span class='ocrx_word' id='word_1_219' title='bbox 554 2944 897 3014; x_wconf 87' lang='lat' dir='ltr'><strong>operantibus</strong></span> <span class='ocrx_word' id='word_1_220' title='bbox 944 2944 1169 3013; x_wconf 57' lang='lat' dir='ltr'><strong>praebuit</strong></span> <span class='ocrx_word' id='word_1_221' title='bbox 1221 2943 1431 2998; x_wconf 83' lang='lat' dir='ltr'><strong>virtutis</strong></span> <span class='ocrx_word' id='word_1_222' title='bbox 1480 2958 1595 3000; x_wconf 67' lang='lat' dir='ltr'><strong>sua:</strong></span> <span class='ocrx_word' id='word_1_223' title='bbox 1650 2943 1903 3005; x_wconf 88' lang='lat' dir='ltr'><strong>favorem,</strong></span> <span class='ocrx_word' id='word_1_224' title='bbox 1946 2944 2141 2999; x_wconf 80' lang='lat' dir='ltr'><strong>tribuet</strong></span> 
     </span>
    </p>
   </div>
   <div class='ocr_carea' id='block_1_31' title="bbox 559 3033 2139 3104">
    <p class='ocr_par' dir='ltr' id='par_1_31' title="bbox 559 3033 2139 3104">
     <span class='ocr_line' id='line_1_31' title="bbox 559 3033 2139 3104; baseline 0.003 -16"><span class='ocrx_word' id='word_1_225' title='bbox 559 3034 877 3102; x_wconf 78' lang='lat' dir='ltr'><strong>condignam</strong></span> <span class='ocrx_word' id='word_1_226' title='bbox 925 3049 1022 3104; x_wconf 88' lang='lat' dir='ltr'><strong>pro</strong></span> <span class='ocrx_word' id='word_1_227' title='bbox 1051 3042 1196 3089; x_wconf 86' lang='lat' dir='ltr'><strong>tanta</strong></span> <span class='ocrx_word' id='word_1_228' title='bbox 1236 3033 1546 3104; x_wconf 87' lang='lat' dir='ltr'><strong>operatione</strong></span> <span class='ocrx_word' id='word_1_229' title='bbox 1579 3035 1905 3090; x_wconf 89' lang='lat' dir='ltr'><strong>mercedem.</strong></span> <span class='ocrx_word' id='word_1_230' title='bbox 1948 3036 2139 3093; x_wconf 87' lang='lat' dir='ltr'><strong>Adhuc</strong></span> 
     </span>
    </p>
   </div>
   <div class='ocr_carea' id='block_1_32' title="bbox 554 3124 2139 3193">
    <p class='ocr_par' dir='ltr' id='par_1_32' title="bbox 554 3124 2139 3193">
     <span class='ocr_line' id='line_1_32' title="bbox 554 3124 2139 3193; baseline 0.004 -17"><span class='ocrx_word' id='word_1_231' title='bbox 554 3124 785 3192; x_wconf 90' lang='lat' dir='ltr'><strong>amplius</strong></span> <span class='ocrx_word' id='word_1_232' title='bbox 807 3124 1028 3192; x_wconf 66' lang='lat' dir='ltr'><strong>agenda:</strong></span> <span class='ocrx_word' id='word_1_233' title='bbox 1071 3132 1199 3177; x_wconf 90' lang='lat' dir='ltr'><strong>sunt</strong></span> <span class='ocrx_word' id='word_1_234' title='bbox 1231 3128 1417 3193; x_wconf 71' lang='lat' dir='ltr'><strong>gratia:</strong></span> <span class='ocrx_word' id='word_1_235' title='bbox 1446 3125 1558 3181; x_wconf 90' lang='lat' dir='ltr'><strong>Deo</strong></span> <span class='ocrx_word' id='word_1_236' title='bbox 1596 3137 1802 3181; x_wconf 89' lang='lat' dir='ltr'><strong>nostro.</strong></span> <span class='ocrx_word' id='word_1_237' title='bbox 1833 3127 1978 3181; x_wconf 90' lang='lat' dir='ltr'><strong>llanc</strong></span> <span class='ocrx_word' id='word_1_238' title='bbox 1998 3128 2139 3183; x_wconf 89' lang='lat' dir='ltr'><strong>enim</strong></span> 
     </span>
    </p>
   </div>
   <div class='ocr_carea' id='block_1_33' title="bbox 555 3213 2141 3285">
    <p class='ocr_par' dir='ltr' id='par_1_33' title="bbox 555 3213 2141 3285">
     <span class='ocr_line' id='line_1_33' title="bbox 555 3213 2141 3285; baseline 0.004 -18"><span class='ocrx_word' id='word_1_239' title='bbox 555 3213 872 3277; x_wconf 85' lang='lat' dir='ltr'><strong>Ecclesiam,</strong></span> <span class='ocrx_word' id='word_1_240' title='bbox 923 3228 1081 3284; x_wconf 84' lang='lat' dir='ltr'><strong>quam</strong></span> <span class='ocrx_word' id='word_1_241' title='bbox 1127 3214 1253 3268; x_wconf 88' lang='lat' dir='ltr'><strong>fecit</strong></span> <span class='ocrx_word' id='word_1_242' title='bbox 1303 3216 1505 3269; x_wconf 86' lang='lat' dir='ltr'><strong>nomini</strong></span> <span class='ocrx_word' id='word_1_243' title='bbox 1554 3231 1652 3271; x_wconf 93' lang='lat' dir='ltr'><strong>suo</strong></span> <span class='ocrx_word' id='word_1_244' title='bbox 1704 3219 1960 3285; x_wconf 90' lang='lat' dir='ltr'><strong>construi,</strong></span> <span class='ocrx_word' id='word_1_245' title='bbox 2015 3218 2141 3274; x_wconf 87' lang='lat' dir='ltr'><strong>fecit</strong></span> 
     </span>
    </p>
   </div>
   <div class='ocr_carea' id='block_1_34' title="bbox 553 3304 2140 3378">
    <p class='ocr_par' dir='ltr' id='par_1_34' title="bbox 553 3304 2140 3378">
     <span class='ocr_line' id='line_1_34' title="bbox 553 3304 2140 3378; baseline 0.004 -20"><span class='ocrx_word' id='word_1_246' title='bbox 553 3304 715 3359; x_wconf 90' lang='lat' dir='ltr'><strong>ctiam</strong></span> <span class='ocrx_word' id='word_1_247' title='bbox 751 3313 1053 3360; x_wconf 76' lang='lat' dir='ltr'><strong>sanctorum</strong></span> <span class='ocrx_word' id='word_1_248' title='bbox 1084 3314 1380 3377; x_wconf 84' lang='lat' dir='ltr'><strong>martyrum</strong></span> <span class='ocrx_word' id='word_1_249' title='bbox 1432 3307 1671 3377; x_wconf 88' lang='lat' dir='ltr'><strong>reliquiis</strong></span> <span class='ocrx_word' id='word_1_250' title='bbox 1716 3310 1944 3378; x_wconf 89' lang='lat' dir='ltr'><strong>amplius</strong></span> <span class='ocrx_word' id='word_1_251' title='bbox 1972 3311 2140 3365; x_wconf 84' lang='lat' dir='ltr'><strong>hono-</strong></span> 
     </span>
    </p>
   </div>
   <div class='ocr_carea' id='block_1_35' title="bbox 553 3397 707 3470">
    <p class='ocr_par' dir='ltr' id='par_1_35' title="bbox 553 3397 707 3470">
     <span class='ocr_line' id='line_1_35' title="bbox 553 3397 707 3470; baseline 0 -18"><span class='ocrx_word' id='word_1_252' title='bbox 553 3397 707 3470; x_wconf 85' lang='lat' dir='ltr'><strong>rari.]</strong></span> 
     </span>
    </p>
   </div>
   <div class='ocr_carea' id='block_1_36' title="bbox 936 3507 1758 3584">
    <p class='ocr_par' dir='ltr' id='par_1_36' title="bbox 936 3507 1758 3584">
     <span class='ocr_line' id='line_1_36' title="bbox 936 3507 1758 3584; baseline 0 -19"><span class='ocrx_word' id='word_1_253' title='bbox 936 3507 1169 3565; x_wconf 75' lang='lat' dir='ltr'><strong>SEMIO</strong></span> <span class='ocrx_word' id='word_1_254' title='bbox 1207 3508 1629 3566; x_wconf 76' lang='lat' dir='ltr'><strong>cccxxwi</strong></span> <span class='ocrx_word' id='word_1_255' title='bbox 1662 3513 1758 3584; x_wconf 68' lang='grc' dir='ltr'><strong>(ι).</strong></span> 
     </span>
    </p>
   </div>
   <div class='ocr_carea' id='block_1_37' title="bbox 945 3624 1747 3687">
    <p class='ocr_par' dir='ltr' id='par_1_37' title="bbox 945 3624 1747 3687">
     <span class='ocr_line' id='line_1_37' title="bbox 945 3624 1747 3687; baseline 0.002 -16"><span class='ocrx_word' id='word_1_256' title='bbox 945 3630 993 3673; x_wconf 90' lang='lat' dir='ltr'><strong>In</strong></span> <span class='ocrx_word' id='word_1_257' title='bbox 1012 3624 1321 3674; x_wconf 78' lang='lat' dir='ltr'><strong>Dedicatione</strong></span> <span class='ocrx_word' id='word_1_258' title='bbox 1338 3624 1579 3685; x_wconf 72' lang='lat' dir='ltr'><strong>Ecclesize,</strong></span> <span class='ocrx_word' id='word_1_259' title='bbox 1602 3641 1635 3675; x_wconf 87' lang='grc' dir='ltr'>ιι</span> <span class='ocrx_word' id='word_1_260' title='bbox 1657 3625 1747 3687; x_wconf 85' lang='lat' dir='ltr'><strong>(c).</strong></span> 
     </span>
    </p>
   </div>
   <div class='ocr_carea' id='block_1_38' title="bbox 623 3748 2139 3805">
    <p class='ocr_par' dir='ltr' id='par_1_38' title="bbox 623 3748 2139 3805">
     <span class='ocr_line' id='line_1_38' title="bbox 623 3748 2139 3805; baseline 0.001 -1"><span class='ocrx_word' id='word_1_261' title='bbox 623 3748 848 3805; x_wconf 78' lang='lat' dir='ltr'><strong>CAPUT</strong></span> <span class='ocrx_word' id='word_1_262' title='bbox 888 3748 1146 3805; x_wconf 77' lang='lat' dir='ltr'><strong>PRIMUM</strong></span> <span class='ocrx_word' id='word_1_263' title='bbox 1203 3749 1340 3805; x_wconf 76' lang='grc'><strong>-1.</strong></span> <span class='ocrx_word' id='word_1_264' title='bbox 1369 3748 1612 3804; x_wconf 73' lang='lat' dir='ltr'><strong>Ecclesia:</strong></span> <span class='ocrx_word' id='word_1_265' title='bbox 1634 3750 1936 3805; x_wconf 85' lang='lat' dir='ltr'><strong>constructio</strong></span> <span class='ocrx_word' id='word_1_266' title='bbox 1956 3752 2139 3805; x_wconf 83' lang='lat' dir='ltr'><strong>bonum</strong></span> 
     </span>
    </p>
   </div>
   <div class='ocr_carea' id='block_1_39' title="bbox 556 3841 2139 3911">
    <p class='ocr_par' dir='ltr' id='par_1_39' title="bbox 556 3841 2139 3911">
     <span class='ocr_line' id='line_1_39' title="bbox 556 3841 2139 3911; baseline 0.003 -17"><span class='ocrx_word' id='word_1_267' title='bbox 556 3859 686 3911; x_wconf 84' lang='lat' dir='ltr'><strong>opus</strong></span> <span class='ocrx_word' id='word_1_268' title='bbox 707 3858 769 3895; x_wconf 79' lang='lat' dir='ltr'><strong>ea:</strong></span> <span class='ocrx_word' id='word_1_269' title='bbox 805 3842 907 3908; x_wconf 79' lang='lat' dir='ltr'><strong>ﬁde</strong></span> <span class='ocrx_word' id='word_1_270' title='bbox 930 3851 975 3895; x_wconf 87' lang='lat' dir='ltr'><strong>et</strong></span> <span class='ocrx_word' id='word_1_271' title='bbox 1003 3841 1250 3895; x_wconf 86' lang='lat' dir='ltr'><strong>charitate</strong></span> <span class='ocrx_word' id='word_1_272' title='bbox 1267 3843 1524 3911; x_wconf 82' lang='lat' dir='ltr'><strong>operantis</strong></span> <span class='ocrx_word' id='word_1_273' title='bbox 1548 3843 1924 3897; x_wconf 79' lang='lat' dir='ltr'><strong>wstimandum.</strong></span> <span class='ocrx_word' id='word_1_274' title='bbox 1953 3843 2139 3898; x_wconf 85' lang='lat' dir='ltr'><strong>Fabri-</strong></span> 
     </span>
    </p>
   </div>
   <div class='ocr_carea' id='block_1_40' title="bbox 553 3933 2137 4004">
    <p class='ocr_par' dir='ltr' id='par_1_40' title="bbox 553 3933 2137 4004">
     <span class='ocr_line' id='line_1_40' title="bbox 553 3933 2137 4004; baseline 0.003 -17"><span class='ocrx_word' id='word_1_275' title='bbox 553 3951 614 3987; x_wconf 85' lang='lat' dir='ltr'><strong>ca</strong></span> <span class='ocrx_word' id='word_1_276' title='bbox 640 3933 879 3987; x_wconf 67' lang='lat' dir='ltr'><strong>Ecclesia.-</strong></span> <span class='ocrx_word' id='word_1_277' title='bbox 896 3934 1123 3987; x_wconf 80' lang='lat' dir='ltr'><strong>caelestis.</strong></span> <span class='ocrx_word' id='word_1_278' title='bbox 1152 3934 1298 3989; x_wconf 85' lang='lat' dir='ltr'><strong>Bona</strong></span> <span class='ocrx_word' id='word_1_279' title='bbox 1332 3949 1495 4004; x_wconf 87' lang='lat' dir='ltr'><strong>opera</strong></span> <span class='ocrx_word' id='word_1_280' title='bbox 1523 3935 1753 3990; x_wconf 89' lang='lat' dir='ltr'><strong>fidelimn</strong></span> <span class='ocrx_word' id='word_1_281' title='bbox 1783 3936 1851 3991; x_wconf 90' lang='lat' dir='ltr'><strong>de</strong></span> <span class='ocrx_word' id='word_1_282' title='bbox 1879 3952 1972 3992; x_wconf 90' lang='lat' dir='ltr'><strong>sua</strong></span> <span class='ocrx_word' id='word_1_283' title='bbox 1998 3946 2137 3991; x_wconf 84' lang='lat' dir='ltr'><strong>tem-</strong></span> 
     </span>
    </p>
   </div>
   <div class='ocr_carea' id='block_1_41' title="bbox 556 4026 2137 4095">
    <p class='ocr_par' dir='ltr' id='par_1_41' title="bbox 556 4026 2137 4095">
     <span class='ocr_line' id='line_1_41' title="bbox 556 4026 2137 4095; baseline 0.004 -16"><span class='ocrx_word' id='word_1_284' title='bbox 556 4026 723 4095; x_wconf 83' lang='lat' dir='ltr'><strong>porali</strong></span> <span class='ocrx_word' id='word_1_285' title='bbox 754 4034 1072 4095; x_wconf 87' lang='lat' dir='ltr'><strong>terrenaque</strong></span> <span class='ocrx_word' id='word_1_286' title='bbox 1113 4026 1428 4092; x_wconf 87' lang='lat' dir='ltr'><strong>substantia,</strong></span> <span class='ocrx_word' id='word_1_287' title='bbox 1453 4042 1574 4081; x_wconf 91' lang='lat' dir='ltr'><strong>cum</strong></span> <span class='ocrx_word' id='word_1_288' title='bbox 1620 4028 1671 4081; x_wconf 94' lang='lat' dir='ltr'><strong>in</strong></span> <span class='ocrx_word' id='word_1_289' title='bbox 1703 4027 1973 4083; x_wconf 89' lang='lat' dir='ltr'><strong>thesauris</strong></span> <span class='ocrx_word' id='word_1_290' title='bbox 2020 4044 2137 4085; x_wconf 64' lang='lat' dir='ltr'><strong>cae-</strong></span> 
     </span>
    </p>
   </div>
   <div class='ocr_carea' id='block_1_42' title="bbox 556 4116 2139 4190">
    <p class='ocr_par' dir='ltr' id='par_1_42' title="bbox 556 4116 2139 4190">
     <span class='ocr_line' id='line_1_42' title="bbox 556 4116 2139 4190; baseline 0.004 -21"><span class='ocrx_word' id='word_1_291' title='bbox 556 4117 778 4171; x_wconf 83' lang='lat' dir='ltr'><strong>lestibus</strong></span> <span class='ocrx_word' id='word_1_292' title='bbox 824 4117 1200 4182; x_wconf 84' lang='lat' dir='ltr'><strong>reconduntur,</strong></span> <span class='ocrx_word' id='word_1_293' title='bbox 1248 4118 1382 4172; x_wconf 86' lang='lat' dir='ltr'><strong>fides</strong></span> <span class='ocrx_word' id='word_1_294' title='bbox 1420 4116 1522 4172; x_wconf 92' lang='lat' dir='ltr'><strong>hoe</strong></span> <span class='ocrx_word' id='word_1_295' title='bbox 1559 4118 1723 4185; x_wconf 85' lang='lat' dir='ltr'><strong>videt,</strong></span> <span class='ocrx_word' id='word_1_296' title='bbox 1766 4134 1885 4189; x_wconf 65' lang='lat' dir='ltr'><strong>qua:</strong></span> <span class='ocrx_word' id='word_1_297' title='bbox 1926 4121 2139 4190; x_wconf 88' lang='lat' dir='ltr'><strong>pietatis</strong></span> 
     </span>
    </p>
   </div>
   <div class='ocr_carea' id='block_1_43' title="bbox 552 4206 2134 4282">
    <p class='ocr_par' dir='ltr' id='par_1_43' title="bbox 552 4206 2134 4282">
     <span class='ocr_line' id='line_1_43' title="bbox 552 4206 2134 4282; baseline 0.004 -24"><span class='ocrx_word' id='word_1_298' title='bbox 552 4209 761 4262; x_wconf 87' lang='lat' dir='ltr'><strong>ocnlmn</strong></span> <span class='ocrx_word' id='word_1_299' title='bbox 794 4208 951 4261; x_wconf 86' lang='lat' dir='ltr'><strong>habet</strong></span> <span class='ocrx_word' id='word_1_300' title='bbox 976 4209 1026 4261; x_wconf 91' lang='lat' dir='ltr'><strong>in</strong></span> <span class='ocrx_word' id='word_1_301' title='bbox 1070 4206 1250 4261; x_wconf 89' lang='lat' dir='ltr'><strong>corde.</strong></span> <span class='ocrx_word' id='word_1_302' title='bbox 1284 4206 1432 4263; x_wconf 88' lang='lat' dir='ltr'><strong>Unde</strong></span> <span class='ocrx_word' id='word_1_303' title='bbox 1462 4216 1515 4261; x_wconf 90' lang='lat' dir='ltr'><strong>et</strong></span> <span class='ocrx_word' id='word_1_304' title='bbox 1549 4209 1647 4262; x_wconf 88' lang='lat' dir='ltr'><strong>ista</strong></span> <span class='ocrx_word' id='word_1_305' title='bbox 1701 4208 1948 4275; x_wconf 65' lang='lat' dir='ltr'><strong>aedificia,</strong></span> <span class='ocrx_word' id='word_1_306' title='bbox 2009 4226 2134 4282; x_wconf 64' lang='lat' dir='ltr'><strong>quae</strong></span> 
     </span>
    </p>
   </div>
   <div class='ocr_carea' id='block_1_44' title="bbox 551 4296 2136 4368">
    <p class='ocr_par' dir='ltr' id='par_1_44' title="bbox 551 4296 2136 4368">
     <span class='ocr_line' id='line_1_44' title="bbox 551 4296 2136 4368; baseline 0.003 -18"><span class='ocrx_word' id='word_1_307' title='bbox 551 4296 937 4368; x_wconf 69' lang='lat' dir='ltr'><strong>congregandis</strong></span> <span class='ocrx_word' id='word_1_308' title='bbox 992 4298 1250 4368; x_wconf 77' lang='lat' dir='ltr'><strong>religiosis</strong></span> <span class='ocrx_word' id='word_1_309' title='bbox 1290 4298 1515 4353; x_wconf 70' lang='lat' dir='ltr'><strong>canibus</strong></span> <span class='ocrx_word' id='word_1_310' title='bbox 1567 4307 1958 4363; x_wconf 79' lang='lat' dir='ltr'><strong>exstruuntur,</strong></span> <span class='ocrx_word' id='word_1_311' title='bbox 2014 4316 2136 4355; x_wconf 92' lang='lat' dir='ltr'><strong>cum</strong></span> 
     </span>
    </p>
   </div>
   <div class='ocr_carea' id='block_1_45' title="bbox 550 4387 2138 4460">
    <p class='ocr_par' dir='ltr' id='par_1_45' title="bbox 550 4387 2138 4460">
     <span class='ocr_line' id='line_1_45' title="bbox 550 4387 2138 4460; baseline 0.003 -19"><span class='ocrx_word' id='word_1_312' title='bbox 550 4391 710 4443; x_wconf 78' lang='lat' dir='ltr'><strong>oculo</strong></span> <span class='ocrx_word' id='word_1_313' title='bbox 751 4388 926 4442; x_wconf 82' lang='lat' dir='ltr'><strong>carnis</strong></span> <span class='ocrx_word' id='word_1_314' title='bbox 958 4388 1271 4456; x_wconf 71' lang='lat' dir='ltr'><strong>inspexerit,</strong></span> <span class='ocrx_word' id='word_1_315' title='bbox 1326 4388 1503 4442; x_wconf 88' lang='lat' dir='ltr'><strong>laudat</strong></span> <span class='ocrx_word' id='word_1_316' title='bbox 1534 4387 1755 4443; x_wconf 89' lang='lat' dir='ltr'><strong>interius</strong></span> <span class='ocrx_word' id='word_1_317' title='bbox 1788 4389 1928 4460; x_wconf 90' lang='lat' dir='ltr'><strong>quod</strong></span> <span class='ocrx_word' id='word_1_318' title='bbox 1964 4392 2138 4446; x_wconf 87' lang='lat' dir='ltr'><strong>cernit</strong></span> 
     </span>
    </p>
   </div>
   <div class='ocr_carea' id='block_1_46' title="bbox 550 4477 2136 4551">
    <p class='ocr_par' dir='ltr' id='par_1_46' title="bbox 550 4477 2136 4551">
     <span class='ocr_line' id='line_1_46' title="bbox 550 4477 2136 4551; baseline 0.004 -22"><span class='ocrx_word' id='word_1_319' title='bbox 550 4480 813 4540; x_wconf 69' lang='lat' dir='ltr'><strong>exterius,</strong></span> <span class='ocrx_word' id='word_1_320' title='bbox 850 4486 905 4532; x_wconf 89' lang='lat' dir='ltr'><strong>et</strong></span> <span class='ocrx_word' id='word_1_321' title='bbox 944 4477 1137 4531; x_wconf 85' lang='lat' dir='ltr'><strong>visibili</strong></span> <span class='ocrx_word' id='word_1_322' title='bbox 1163 4478 1360 4547; x_wconf 89' lang='lat' dir='ltr'><strong>accipit</strong></span> <span class='ocrx_word' id='word_1_323' title='bbox 1392 4480 1590 4534; x_wconf 90' lang='lat' dir='ltr'><strong>lumine</strong></span> <span class='ocrx_word' id='word_1_324' title='bbox 1630 4478 1695 4533; x_wconf 88' lang='lat' dir='ltr'><strong>ad</strong></span> <span class='ocrx_word' id='word_1_325' title='bbox 1739 4480 1879 4550; x_wconf 91' lang='lat' dir='ltr'><strong>quod</strong></span> <span class='ocrx_word' id='word_1_326' title='bbox 1910 4480 2136 4551; x_wconf 76' lang='lat' dir='ltr'><strong>gaudeat</strong></span> 
     </span>
    </p>
   </div>
   <div class='ocr_carea' id='block_1_47' title="bbox 547 4566 2137 4639">
    <p class='ocr_par' dir='ltr' id='par_1_47' title="bbox 547 4566 2137 4639">
     <span class='ocr_line' id='line_1_47' title="bbox 547 4566 2137 4639; baseline 0.003 -16"><span class='ocrx_word' id='word_1_327' title='bbox 547 4569 798 4623; x_wconf 79' lang='lat' dir='ltr'><strong>invisibili</strong></span> <span class='ocrx_word' id='word_1_328' title='bbox 828 4572 1068 4623; x_wconf 82' lang='lat' dir='ltr'><strong>veritate.</strong></span> <span class='ocrx_word' id='word_1_329' title='bbox 1098 4566 1283 4638; x_wconf 86' lang='lat' dir='ltr'><strong>Neque</strong></span> <span class='ocrx_word' id='word_1_330' title='bbox 1304 4569 1445 4623; x_wconf 88' lang='lat' dir='ltr'><strong>enim</strong></span> <span class='ocrx_word' id='word_1_331' title='bbox 1478 4580 1732 4639; x_wconf 89' lang='lat' dir='ltr'><strong>occupata</strong></span> <span class='ocrx_word' id='word_1_332' title='bbox 1774 4579 1855 4625; x_wconf 85' lang='lat' dir='ltr'><strong>est</strong></span> <span class='ocrx_word' id='word_1_333' title='bbox 1885 4570 2019 4626; x_wconf 91' lang='lat' dir='ltr'><strong>fides</strong></span> <span class='ocrx_word' id='word_1_334' title='bbox 2056 4572 2137 4627; x_wconf 93' lang='lat' dir='ltr'><strong>in-</strong></span> 
     </span>
    </p>
   </div>
   <div class='ocr_carea' id='block_1_48' title="bbox 544 4658 2135 4729">
    <p class='ocr_par' dir='ltr' id='par_1_48' title="bbox 544 4658 2135 4729">
     <span class='ocr_line' id='line_1_48' title="bbox 544 4658 2135 4729; baseline 0.003 -17"><span class='ocrx_word' id='word_1_335' title='bbox 544 4662 777 4729; x_wconf 84' lang='lat' dir='ltr'><strong>spicere,</strong></span> <span class='ocrx_word' id='word_1_336' title='bbox 799 4674 955 4729; x_wconf 90' lang='lat' dir='ltr'><strong>quam</strong></span> <span class='ocrx_word' id='word_1_337' title='bbox 984 4658 1204 4729; x_wconf 89' lang='lat' dir='ltr'><strong>pulchra</strong></span> <span class='ocrx_word' id='word_1_338' title='bbox 1229 4658 1336 4712; x_wconf 85' lang='lat' dir='ltr'><strong>sint</strong></span> <span class='ocrx_word' id='word_1_339' title='bbox 1383 4660 1619 4714; x_wconf 74' lang='lat' dir='ltr'><strong>menibra</strong></span> <span class='ocrx_word' id='word_1_340' title='bbox 1655 4659 1813 4729; x_wconf 87' lang='lat' dir='ltr'><strong>hujus</strong></span> <span class='ocrx_word' id='word_1_341' title='bbox 1852 4660 2135 4716; x_wconf 87' lang='lat' dir='ltr'><strong>habitatio-</strong></span> 
     </span>
    </p>
   </div>
   <div class='ocr_carea' id='block_1_49' title="bbox 619 4812 1097 4872">
    <p class='ocr_par' dir='ltr' id='par_1_49' title="bbox 619 4812 1097 4872">
     <span class='ocr_line' id='line_1_49' title="bbox 619 4812 1097 4872; baseline 0 -10"><span class='ocrx_word' id='word_1_342' title='bbox 619 4818 632 4846; x_wconf 86' lang='grc'>¹</span> <span class='ocrx_word' id='word_1_343' title='bbox 663 4822 803 4863; x_wconf 73' lang='lat' dir='ltr'><strong>Forte</strong></span> <span class='ocrx_word' id='word_1_344' title='bbox 821 4848 835 4872; x_wconf 86' lang='lat'><strong>,</strong></span> <span class='ocrx_word' id='word_1_345' title='bbox 858 4812 1097 4864; x_wconf 82' lang='lat' dir='ltr'><strong>cordibus.</strong></span> 
     </span>
    </p>
   </div>
   <div class='ocr_carea' id='block_1_50' title="bbox 611 4874 1831 4927">
    <p class='ocr_par' dir='ltr' id='par_1_50' title="bbox 611 4874 1831 4927">
     <span class='ocr_line' id='line_1_50' title="bbox 611 4874 1831 4927; baseline 0.002 -4"><span class='ocrx_word' id='word_1_346' title='bbox 611 4878 631 4897; x_wconf 84' lang='lat'><strong><em>‘</em></strong></span> <span class='ocrx_word' id='word_1_347' title='bbox 658 4876 944 4925; x_wconf 76' lang='lat' dir='ltr'><strong>t-‘meudatus</strong></span> <span class='ocrx_word' id='word_1_348' title='bbox 964 4877 1021 4924; x_wconf 90' lang='lat' dir='ltr'><strong>ad</strong></span> <span class='ocrx_word' id='word_1_349' title='bbox 1059 4876 1137 4925; x_wconf 84' lang='lat' dir='ltr'><strong>ch.</strong></span> <span class='ocrx_word' id='word_1_350' title='bbox 1164 4875 1197 4925; x_wconf 87' lang='lat' dir='ltr'><strong>f.</strong></span> <span class='ocrx_word' id='word_1_351' title='bbox 1223 4889 1265 4924; x_wconf 86' lang='lat' dir='ltr'><strong>r.</strong></span> <span class='ocrx_word' id='word_1_352' title='bbox 1292 4882 1330 4925; x_wconf 92' lang='lat' dir='ltr'><strong>t.</strong></span> <span class='ocrx_word' id='word_1_353' title='bbox 1354 4890 1403 4925; x_wconf 92' lang='lat' dir='ltr'><strong>v.</strong></span> <span class='ocrx_word' id='word_1_354' title='bbox 1436 4882 1488 4925; x_wconf 89' lang='lat' dir='ltr'><strong>et</strong></span> <span class='ocrx_word' id='word_1_355' title='bbox 1509 4874 1567 4924; x_wconf 88' lang='lat' dir='ltr'><strong>ad</strong></span> <span class='ocrx_word' id='word_1_356' title='bbox 1592 4883 1695 4924; x_wconf 83' lang='lat' dir='ltr'><strong>Par.</strong></span> <span class='ocrx_word' id='word_1_357' title='bbox 1720 4882 1831 4927; x_wconf 72' lang='grc' dir='ltr'><strong>ιον.</strong></span> 
     </span>
    </p>
   </div>
   <div class='ocr_carea' id='block_1_51' title="bbox 610 4956 2138 5021">
    <p class='ocr_par' dir='ltr' id='par_1_51' title="bbox 610 4956 2138 5021">
     <span class='ocr_line' id='line_1_51' title="bbox 610 4956 2138 5021; baseline 0.003 -16"><span class='ocrx_word' id='word_1_358' title='bbox 610 4959 849 5019; x_wconf 73' lang='lat' dir='ltr'><strong>(o)(:iput</strong></span> <span class='ocrx_word' id='word_1_359' title='bbox 884 4956 1015 5021; x_wconf 78' lang='lat' dir='ltr'><strong>istud</strong></span> <span class='ocrx_word' id='word_1_360' title='bbox 1035 4964 1233 5021; x_wconf 74' lang='lat' dir='ltr'><strong>sextum</strong></span> <span class='ocrx_word' id='word_1_361' title='bbox 1264 4957 1505 5021; x_wconf 86' lang='lat' dir='ltr'><strong>superiori</strong></span> <span class='ocrx_word' id='word_1_362' title='bbox 1528 4959 1680 5021; x_wconf 74' lang='lat' dir='ltr'><strong>capiti</strong></span> <span class='ocrx_word' id='word_1_363' title='bbox 1720 4959 1889 5021; x_wconf 78' lang='lat' dir='ltr'><strong>quinto</strong></span> <span class='ocrx_word' id='word_1_364' title='bbox 1918 4960 1968 5007; x_wconf 88' lang='lat' dir='ltr'><strong>in</strong></span> <span class='ocrx_word' id='word_1_365' title='bbox 2002 4960 2138 5021; x_wconf 87' lang='lat' dir='ltr'><strong>prius</strong></span> 
     </span>
    </p>
   </div>
   <div class='ocr_carea' id='block_1_52' title="bbox 553 5016 2135 5081">
    <p class='ocr_par' dir='ltr' id='par_1_52' title="bbox 553 5016 2135 5081">
     <span class='ocr_line' id='line_1_52' title="bbox 553 5016 2135 5081; baseline 0.002 -13"><span class='ocrx_word' id='word_1_366' title='bbox 553 5016 750 5069; x_wconf 77' lang='lat' dir='ltr'><strong>excusis</strong></span> <span class='ocrx_word' id='word_1_367' title='bbox 765 5016 940 5067; x_wconf 75' lang='lat' dir='ltr'><strong>inutile</strong></span> <span class='ocrx_word' id='word_1_368' title='bbox 962 5019 1218 5068; x_wconf 85' lang='lat' dir='ltr'><strong>admodum</strong></span> <span class='ocrx_word' id='word_1_369' title='bbox 1242 5027 1295 5069; x_wconf 89' lang='lat' dir='ltr'><strong>et</strong></span> <span class='ocrx_word' id='word_1_370' title='bbox 1327 5016 1626 5081; x_wconf 77' lang='lat' dir='ltr'><strong>interpolato</strong></span> <span class='ocrx_word' id='word_1_371' title='bbox 1647 5016 1772 5068; x_wconf 78' lang='lat' dir='ltr'><strong>male</strong></span> <span class='ocrx_word' id='word_1_372' title='bbox 1793 5016 2024 5081; x_wconf 57' lang='lat' dir='ltr'><strong>cohaeret,</strong></span> <span class='ocrx_word' id='word_1_373' title='bbox 2046 5021 2135 5071; x_wconf 85' lang='lat' dir='ltr'><strong>sed</strong></span> 
     </span>
    </p>
   </div>
   <div class='ocr_carea' id='block_1_53' title="bbox 550 5081 2139 5143">
    <p class='ocr_par' dir='ltr' id='par_1_53' title="bbox 550 5081 2139 5143">
     <span class='ocr_line' id='line_1_53' title="bbox 550 5081 2139 5143; baseline 0.001 -14"><span class='ocrx_word' id='word_1_374' title='bbox 550 5082 692 5130; x_wconf 75' lang='lat' dir='ltr'><strong>abest</strong></span> <span class='ocrx_word' id='word_1_375' title='bbox 717 5094 913 5143; x_wconf 88' lang='lat' dir='ltr'><strong>prorsus</strong></span> <span class='ocrx_word' id='word_1_376' title='bbox 935 5094 963 5130; x_wconf 90' lang='lat' dir='ltr'><strong>a</strong></span> <span class='ocrx_word' id='word_1_377' title='bbox 987 5081 1166 5130; x_wconf 89' lang='lat' dir='ltr'><strong>nostris</strong></span> <span class='ocrx_word' id='word_1_378' title='bbox 1188 5081 1541 5143; x_wconf 66' lang='lat' dir='ltr'><strong>manuscriptis,</strong></span> <span class='ocrx_word' id='word_1_379' title='bbox 1568 5081 1789 5129; x_wconf 78' lang='lat' dir='ltr'><strong>Verlinus</strong></span> <span class='ocrx_word' id='word_1_380' title='bbox 1809 5094 1929 5132; x_wconf 84' lang='lat' dir='ltr'><strong>sane</strong></span> <span class='ocrx_word' id='word_1_381' title='bbox 1950 5096 2007 5131; x_wconf 89' lang='lat' dir='ltr'><strong>ac</strong></span> <span class='ocrx_word' id='word_1_382' title='bbox 2030 5084 2139 5131; x_wconf 76' lang='lat' dir='ltr'><strong>\‘in-</strong></span> 
     </span>
    </p>
   </div>
   <div class='ocr_carea' id='block_1_54' title="bbox 547 5140 2138 5207">
    <p class='ocr_par' dir='ltr' id='par_1_54' title="bbox 547 5140 2138 5207">
     <span class='ocr_line' id='line_1_54' title="bbox 547 5140 2138 5207; baseline 0.001 -16"><span class='ocrx_word' id='word_1_383' title='bbox 547 5140 730 5207; x_wconf 50' lang='lat' dir='ltr'><strong>glingns’</strong></span> <span class='ocrx_word' id='word_1_384' title='bbox 746 5143 1110 5207; x_wconf 74' lang='lat' dir='ltr'><strong>suspicabantur</strong></span> <span class='ocrx_word' id='word_1_385' title='bbox 1133 5156 1230 5190; x_wconf 92' lang='lat' dir='ltr'><strong>non</strong></span> <span class='ocrx_word' id='word_1_386' title='bbox 1253 5140 1439 5205; x_wconf 62' lang='lat' dir='ltr'><strong>eadem</strong></span> <span class='ocrx_word' id='word_1_387' title='bbox 1460 5140 1571 5207; x_wconf 74' lang='lat' dir='ltr'><strong>stilo</strong></span> <span class='ocrx_word' id='word_1_388' title='bbox 1607 5144 1948 5207; x_wconf 84' lang='lat' dir='ltr'><strong>conscriptum,</strong></span> <span class='ocrx_word' id='word_1_389' title='bbox 1972 5157 2138 5207; x_wconf 85' lang='lat' dir='ltr'><strong>neque</strong></span> 
     </span>
    </p>
   </div>
   <div class='ocr_carea' id='block_1_55' title="bbox 550 5202 2137 5267">
    <p class='ocr_par' dir='ltr' id='par_1_55' title="bbox 550 5202 2137 5267">
     <span class='ocr_line' id='line_1_55' title="bbox 550 5202 2137 5267; baseline 0.002 -15"><span class='ocrx_word' id='word_1_390' title='bbox 550 5202 693 5267; x_wconf 84' lang='lat' dir='ltr'><strong>hujus</strong></span> <span class='ocrx_word' id='word_1_391' title='bbox 714 5202 967 5267; x_wconf 71' lang='lat' dir='ltr'><strong>sermonis</strong></span> <span class='ocrx_word' id='word_1_392' title='bbox 978 5202 1224 5267; x_wconf 83' lang='lat' dir='ltr'><strong>epilogum</strong></span> <span class='ocrx_word' id='word_1_393' title='bbox 1248 5202 1386 5262; x_wconf 71' lang='lat' dir='ltr'><strong>esSe,</strong></span> <span class='ocrx_word' id='word_1_394' title='bbox 1410 5203 1723 5267; x_wconf 13' lang='lat' dir='ltr'><strong>sedgalterius</strong></span> <span class='ocrx_word' id='word_1_395' title='bbox 1743 5202 1991 5267; x_wconf 82' lang='lat' dir='ltr'><strong>cujusdam</strong></span> <span class='ocrx_word' id='word_1_396' title='bbox 2024 5202 2137 5267; x_wconf 77' lang='lat' dir='ltr'><strong>pro-</strong></span> 
     </span>
    </p>
   </div>
   <div class='ocr_carea' id='block_1_56' title="bbox 549 5265 2137 5329">
    <p class='ocr_par' dir='ltr' id='par_1_56' title="bbox 549 5265 2137 5329">
     <span class='ocr_line' id='line_1_56' title="bbox 549 5265 2137 5329; baseline 0.001 -15"><span class='ocrx_word' id='word_1_397' title='bbox 549 5265 733 5329; x_wconf 71' lang='lat' dir='ltr'><strong>lognm,</strong></span> <span class='ocrx_word' id='word_1_398' title='bbox 758 5279 855 5329; x_wconf 83' lang='lat' dir='ltr'><strong>quo</strong></span> <span class='ocrx_word' id='word_1_399' title='bbox 878 5265 1130 5328; x_wconf 73' lang='lat' dir='ltr'><strong>pollicetur</strong></span> <span class='ocrx_word' id='word_1_400' title='bbox 1148 5268 1472 5325; x_wconf 87' lang='lat' dir='ltr'><strong>concionator,</strong></span> <span class='ocrx_word' id='word_1_401' title='bbox 1501 5265 1741 5329; x_wconf 79' lang='lat' dir='ltr'><strong>facturum</strong></span> <span class='ocrx_word' id='word_1_402' title='bbox 1752 5265 1813 5315; x_wconf 82' lang='lat' dir='ltr'><strong>se</strong></span> <span class='ocrx_word' id='word_1_403' title='bbox 1825 5274 1878 5316; x_wconf 88' lang='lat' dir='ltr'><strong>ut</strong></span> <span class='ocrx_word' id='word_1_404' title='bbox 1894 5280 2012 5317; x_wconf 91' lang='lat' dir='ltr'><strong>suus</strong></span> <span class='ocrx_word' id='word_1_405' title='bbox 2027 5265 2137 5316; x_wconf 84' lang='lat' dir='ltr'><strong>ser-</strong></span> 
     </span>
    </p>
   </div>
   <div class='ocr_carea' id='block_1_57' title="bbox 550 5327 1901 5390">
    <p class='ocr_par' dir='ltr' id='par_1_57' title="bbox 550 5327 1901 5390">
     <span class='ocr_line' id='line_1_57' title="bbox 550 5327 1901 5390; baseline -0.002 -14"><span class='ocrx_word' id='word_1_406' title='bbox 550 5327 628 5376; x_wconf 82' lang='lat' dir='ltr'><strong>mo</strong></span> <span class='ocrx_word' id='word_1_407' title='bbox 647 5346 680 5390; x_wconf 10' lang='lat' dir='ltr'><strong>is</strong></span> <span class='ocrx_word' id='word_1_408' title='bbox 694 5327 939 5390; x_wconf 73' lang='lat' dir='ltr'><strong>congruas</strong></span> <span class='ocrx_word' id='word_1_409' title='bbox 961 5330 1042 5387; x_wconf 87' lang='lat' dir='ltr'><strong>sit,</strong></span> <span class='ocrx_word' id='word_1_410' title='bbox 1067 5336 1119 5390; x_wconf 81' lang='lat' dir='ltr'><strong>ct</strong></span> <span class='ocrx_word' id='word_1_411' title='bbox 1133 5329 1323 5379; x_wconf 82' lang='lat' dir='ltr'><strong>utilitati</strong></span> <span class='ocrx_word' id='word_1_412' title='bbox 1341 5330 1606 5376; x_wconf 87' lang='lat' dir='ltr'><strong>animarum</strong></span> <span class='ocrx_word' id='word_1_413' title='bbox 1630 5327 1857 5389; x_wconf 80' lang='lat' dir='ltr'><strong>proficiat.</strong></span> <span class='ocrx_word' id='word_1_414' title='bbox 1878 5344 1901 5373; x_wconf 68' lang='grc' dir='ltr'><strong>ι</strong></span> 
     </span>
    </p>
   </div>
   <div class='ocr_carea' id='block_1_58' title="bbox 613 5388 1729 5512">
    <p class='ocr_par' dir='ltr' id='par_1_58' title="bbox 613 5388 1729 5512">
     <span class='ocr_line' id='line_1_58' title="bbox 613 5388 1729 5449; baseline -0.001 -11"><span class='ocrx_word' id='word_1_415' title='bbox 613 5389 665 5449; x_wconf 89' lang='lat' dir='ltr'><strong>(b</strong></span> <span class='ocrx_word' id='word_1_416' title='bbox 711 5388 848 5447; x_wconf 78' lang='lat' dir='ltr'><strong>Alias,</strong></span> <span class='ocrx_word' id='word_1_417' title='bbox 878 5390 1005 5438; x_wconf 88' lang='lat' dir='ltr'><strong>inter</strong></span> <span class='ocrx_word' id='word_1_418' title='bbox 1027 5388 1215 5439; x_wconf 79' lang='lat' dir='ltr'><strong>additos</strong></span> <span class='ocrx_word' id='word_1_419' title='bbox 1235 5403 1263 5439; x_wconf 93' lang='lat' dir='ltr'><strong>a</strong></span> <span class='ocrx_word' id='word_1_420' title='bbox 1284 5388 1637 5438; x_wconf 82' lang='lat' dir='ltr'><strong>Parisiensibus</strong></span> <span class='ocrx_word' id='word_1_421' title='bbox 1656 5391 1729 5439; x_wconf 89' lang='lat' dir='ltr'><strong>l6.</strong></span> 
     </span>
     <span class='ocr_line' id='line_1_59' title="bbox 618 5391 1729 5512; baseline 0.003 -12"><span class='ocrx_word' id='word_1_422' title='bbox 618 5391 689 5512; x_wconf 50' lang='lat' dir='ltr'><strong>(cl</strong></span> <span class='ocrx_word' id='word_1_423' title='bbox 714 5459 843 5500; x_wconf 89' lang='lat' dir='ltr'><strong>ltunc</strong></span> <span class='ocrx_word' id='word_1_424' title='bbox 865 5451 1189 5500; x_wconf 78' lang='lat' dir='ltr'><strong>Lovanienses</strong></span> <span class='ocrx_word' id='word_1_425' title='bbox 1208 5451 1406 5501; x_wconf 92' lang='lat' dir='ltr'><strong>dubium</strong></span> <span class='ocrx_word' id='word_1_426' title='bbox 1443 5451 1729 5503; x_wconf 61' lang='lat' dir='ltr'><strong>habuerunt.</strong></span> 
     </span>
    </p>
   </div>
   <div class='ocr_carea' id='block_1_59' title="bbox 618 5450 2140 5511">
    <p class='ocr_par' dir='ltr' id='par_1_59' title="bbox 618 5450 2140 5511">
     <span class='ocr_line' id='line_1_60' title="bbox 618 5450 2140 5511; baseline 0.001 -11"><span class='ocrx_word' id='word_1_427' title='bbox 618 5450 689 5511; x_wconf 79' lang='grc' dir='ltr'><strong>(ε)</strong></span> <span class='ocrx_word' id='word_1_428' title='bbox 714 5459 843 5500; x_wconf 89' lang='lat' dir='ltr'><strong>ttunc</strong></span> <span class='ocrx_word' id='word_1_429' title='bbox 865 5451 1189 5500; x_wconf 75' lang='lat' dir='ltr'><strong>Lovanienses</strong></span> <span class='ocrx_word' id='word_1_430' title='bbox 1208 5451 1406 5501; x_wconf 90' lang='lat' dir='ltr'><strong>dubium</strong></span> <span class='ocrx_word' id='word_1_431' title='bbox 1443 5451 1737 5509; x_wconf 81' lang='lat' dir='ltr'><strong>habuerunt,</strong></span> <span class='ocrx_word' id='word_1_432' title='bbox 1772 5466 1866 5502; x_wconf 90' lang='lat' dir='ltr'><strong>non</strong></span> <span class='ocrx_word' id='word_1_433' title='bbox 1890 5452 1999 5511; x_wconf 87' lang='lat' dir='ltr'><strong>alia,</strong></span> <span class='ocrx_word' id='word_1_434' title='bbox 2033 5466 2140 5503; x_wconf 62' lang='lat' dir='ltr'><strong>creo</strong></span> 
     </span>
    </p>
   </div>
   <div class='ocr_carea' id='block_1_60' title="bbox 550 5511 2139 5584">
    <p class='ocr_par' dir='ltr' id='par_1_60' title="bbox 550 5511 2139 5584">
     <span class='ocr_line' id='line_1_61' title="bbox 550 5511 2139 5584; baseline 0.003 -25"><span class='ocrx_word' id='word_1_435' title='bbox 550 5511 724 5584; x_wconf 80' lang='lat' dir='ltr'><strong>dimus,</strong></span> <span class='ocrx_word' id='word_1_436' title='bbox 755 5512 960 5583; x_wconf 69' lang='lat' dir='ltr'><strong>permoti</strong></span> <span class='ocrx_word' id='word_1_437' title='bbox 980 5514 1189 5584; x_wconf 76' lang='lat' dir='ltr'><strong>ratione,</strong></span> <span class='ocrx_word' id='word_1_438' title='bbox 1217 5520 1540 5584; x_wconf 55' lang='lat' dir='ltr'><strong>prieterquam</strong></span> <span class='ocrx_word' id='word_1_439' title='bbox 1553 5513 1670 5584; x_wconf 53' lang='lat' dir='ltr'><strong>&quot;stili</strong></span> <span class='ocrx_word' id='word_1_440' title='bbox 1693 5516 1974 5584; x_wconf 60' lang='lat' dir='ltr'><strong>disparitate</strong></span> <span class='ocrx_word' id='word_1_441' title='bbox 1996 5529 2009 5563; x_wconf 89' lang='lat'><strong>:</strong></span> <span class='ocrx_word' id='word_1_442' title='bbox 2028 5529 2139 5577; x_wconf 72' lang='lat' dir='ltr'><strong>qua:</strong></span> 
     </span>
    </p>
   </div>
   <div class='ocr_carea' id='block_1_61' title="bbox 548 5572 2141 5639">
    <p class='ocr_par' dir='ltr' id='par_1_61' title="bbox 548 5572 2141 5639">
     <span class='ocr_line' id='line_1_62' title="bbox 548 5572 2141 5639; baseline 0.003 -17"><span class='ocrx_word' id='word_1_443' title='bbox 548 5581 715 5639; x_wconf 80' lang='lat' dir='ltr'><strong>tamen</strong></span> <span class='ocrx_word' id='word_1_444' title='bbox 736 5572 1034 5639; x_wconf 77' lang='lat' dir='ltr'><strong>minimaaut</strong></span> <span class='ocrx_word' id='word_1_445' title='bbox 1054 5572 1189 5639; x_wconf 74' lang='lat' dir='ltr'><strong>nulla</strong></span> <span class='ocrx_word' id='word_1_446' title='bbox 1212 5572 1291 5624; x_wconf 72' lang='lat' dir='ltr'><strong>est</strong></span> <span class='ocrx_word' id='word_1_447' title='bbox 1312 5586 1340 5623; x_wconf 90' lang='lat' dir='ltr'><strong>a</strong></span> <span class='ocrx_word' id='word_1_448' title='bbox 1363 5572 1529 5636; x_wconf 78' lang='lat' dir='ltr'><strong>primis</strong></span> <span class='ocrx_word' id='word_1_449' title='bbox 1551 5573 1645 5639; x_wconf 83' lang='lat' dir='ltr'><strong>illis</strong></span> <span class='ocrx_word' id='word_1_450' title='bbox 1671 5572 1993 5635; x_wconf 83' lang='lat' dir='ltr'><strong>sermonibus,</strong></span> <span class='ocrx_word' id='word_1_451' title='bbox 2017 5572 2141 5639; x_wconf 76' lang='lat' dir='ltr'><strong>quos</strong></span> 
     </span>
    </p>
   </div>
   <div class='ocr_carea' id='block_1_62' title="bbox 546 5635 2139 5700">
    <p class='ocr_par' dir='ltr' id='par_1_62' title="bbox 546 5635 2139 5700">
     <span class='ocr_line' id='line_1_63' title="bbox 546 5635 2139 5700; baseline 0.002 -16"><span class='ocrx_word' id='word_1_452' title='bbox 546 5636 640 5684; x_wconf 84' lang='lat' dir='ltr'><strong>snh</strong></span> <span class='ocrx_word' id='word_1_453' title='bbox 656 5636 848 5700; x_wconf 74' lang='lat' dir='ltr'><strong>initium</strong></span> <span class='ocrx_word' id='word_1_454' title='bbox 862 5635 1180 5700; x_wconf 66' lang='lat' dir='ltr'><strong>ordinationis</strong></span> <span class='ocrx_word' id='word_1_455' title='bbox 1201 5649 1304 5685; x_wconf 69' lang='lat' dir='ltr'><strong>sua:</strong></span> <span class='ocrx_word' id='word_1_456' title='bbox 1326 5635 1595 5688; x_wconf 74' lang='lat' dir='ltr'><strong>cumcosuit</strong></span> <span class='ocrx_word' id='word_1_457' title='bbox 1633 5640 1939 5700; x_wconf 77' lang='lat' dir='ltr'><strong>Augustinus.</strong></span> <span class='ocrx_word' id='word_1_458' title='bbox 1966 5635 2139 5688; x_wconf 58' lang='lat' dir='ltr'><strong>Confer</strong></span> 
     </span>
    </p>
   </div>
   <div class='ocr_carea' id='block_1_63' title="bbox 544 5695 1117 5747">
    <p class='ocr_par' dir='ltr' id='par_1_63' title="bbox 544 5695 1117 5747">
     <span class='ocr_line' id='line_1_64' title="bbox 544 5695 1117 5747; baseline 0 0"><span class='ocrx_word' id='word_1_459' title='bbox 544 5708 803 5747; x_wconf 77' lang='lat' dir='ltr'><strong>sermones</strong></span> <span class='ocrx_word' id='word_1_460' title='bbox 820 5695 913 5745; x_wconf 74' lang='lat'><strong>216</strong></span> <span class='ocrx_word' id='word_1_461' title='bbox 936 5703 987 5747; x_wconf 89' lang='lat' dir='ltr'><strong>et</strong></span> <span class='ocrx_word' id='word_1_462' title='bbox 1006 5696 1117 5747; x_wconf 67' lang='lat'><strong>3:16.</strong></span> 
     </span>
    </p>
   </div>
   <div class='ocr_carea' id='block_1_64' title="bbox 1796 242 2603 309">
    <p class='ocr_par' dir='ltr' id='par_1_64' title="bbox 1796 242 2603 309">
     <span class='ocr_line' id='line_1_65' title="bbox 1796 242 2603 309; baseline -0.002 -1"><span class='ocrx_word' id='word_1_463' title='bbox 1796 254 1850 308; x_wconf 90' lang='lat' dir='ltr'><strong>S.</strong></span> <span class='ocrx_word' id='word_1_464' title='bbox 1895 242 2263 309; x_wconf 79' lang='lat' dir='ltr'><strong>AUGUSTle</strong></span> <span class='ocrx_word' id='word_1_465' title='bbox 2297 245 2603 309; x_wconf 80' lang='lat' dir='ltr'><strong>EPISCOPl</strong></span> 
     </span>
    </p>
   </div>
   <div class='ocr_carea' id='block_1_65' title="bbox 3702 256 3844 317">
    <p class='ocr_par' dir='ltr' id='par_1_65' title="bbox 3702 256 3844 317">
     <span class='ocr_line' id='line_1_66' title="bbox 3702 256 3844 317; baseline 0.014 -2"><span class='ocrx_word' id='word_1_466' title='bbox 3702 256 3844 317; x_wconf 62' lang='lat'><strong>&quot;76</strong></span> 
     </span>
    </p>
   </div>
   <div class='ocr_carea' id='block_1_66' title="bbox 2249 368 3841 443">
    <p class='ocr_par' dir='ltr' id='par_1_66' title="bbox 2249 368 3841 443">
     <span class='ocr_line' id='line_1_67' title="bbox 2249 368 3841 443; baseline 0.004 -20"><span class='ocrx_word' id='word_1_467' title='bbox 2249 368 2369 436; x_wconf 88' lang='lat' dir='ltr'><strong>nis;</strong></span> <span class='ocrx_word' id='word_1_468' title='bbox 2392 368 2487 424; x_wconf 83' lang='lat' dir='ltr'><strong>sed</strong></span> <span class='ocrx_word' id='word_1_469' title='bbox 2533 368 2602 424; x_wconf 90' lang='lat' dir='ltr'><strong>de</strong></span> <span class='ocrx_word' id='word_1_470' title='bbox 2633 376 2829 439; x_wconf 89' lang='lat' dir='ltr'><strong>quanta</strong></span> <span class='ocrx_word' id='word_1_471' title='bbox 2854 369 3123 425; x_wconf 83' lang='lat' dir='ltr'><strong>interioris</strong></span> <span class='ocrx_word' id='word_1_472' title='bbox 3162 368 3399 424; x_wconf 88' lang='lat' dir='ltr'><strong>hominis</strong></span> <span class='ocrx_word' id='word_1_473' title='bbox 3443 370 3841 443; x_wconf 79' lang='lat' dir='ltr'><strong>pulchritudine</strong></span> 
     </span>
    </p>
   </div>
   <div class='ocr_carea' id='block_1_67' title="bbox 2249 459 3824 534">
    <p class='ocr_par' dir='ltr' id='par_1_67' title="bbox 2249 459 3824 534">
     <span class='ocr_line' id='line_1_68' title="bbox 2249 459 3824 534; baseline 0.001 -20"><span class='ocrx_word' id='word_1_474' title='bbox 2249 459 2548 530; x_wconf 83' lang='lat' dir='ltr'><strong>procedant</strong></span> <span class='ocrx_word' id='word_1_475' title='bbox 2571 459 2683 515; x_wconf 73' lang='lat' dir='ltr'><strong>lucc</strong></span> <span class='ocrx_word' id='word_1_476' title='bbox 2721 475 2883 531; x_wconf 90' lang='lat' dir='ltr'><strong>opera</strong></span> <span class='ocrx_word' id='word_1_477' title='bbox 2908 460 3230 517; x_wconf 85' lang='lat' dir='ltr'><strong>dilectionis.</strong></span> <span class='ocrx_word' id='word_1_478' title='bbox 3261 460 3537 519; x_wconf 83' lang='lat' dir='ltr'><strong>Retribuet</strong></span> <span class='ocrx_word' id='word_1_479' title='bbox 3560 479 3690 534; x_wconf 87' lang='lat' dir='ltr'><strong>ergo</strong></span> <span class='ocrx_word' id='word_1_480' title='bbox 3716 465 3824 518; x_wconf 82' lang='lat' dir='ltr'><strong>Do-</strong></span> 
     </span>
    </p>
   </div>
   <div class='ocr_carea' id='block_1_68' title="bbox 2250 550 3843 622">
    <p class='ocr_par' dir='ltr' id='par_1_68' title="bbox 2250 550 3843 622">
     <span class='ocr_line' id='line_1_69' title="bbox 2250 550 3843 622; baseline 0.003 -18"><span class='ocrx_word' id='word_1_481' title='bbox 2250 551 2429 605; x_wconf 89' lang='lat' dir='ltr'><strong>minus</strong></span> <span class='ocrx_word' id='word_1_482' title='bbox 2454 550 2696 606; x_wconf 88' lang='lat' dir='ltr'><strong>fidelibus</strong></span> <span class='ocrx_word' id='word_1_483' title='bbox 2723 552 2835 607; x_wconf 88' lang='lat' dir='ltr'><strong>suis</strong></span> <span class='ocrx_word' id='word_1_484' title='bbox 2862 559 2969 607; x_wconf 91' lang='lat' dir='ltr'><strong>tam</strong></span> <span class='ocrx_word' id='word_1_485' title='bbox 2999 552 3105 622; x_wconf 88' lang='lat' dir='ltr'><strong>pie,</strong></span> <span class='ocrx_word' id='word_1_486' title='bbox 3129 560 3235 606; x_wconf 89' lang='lat' dir='ltr'><strong>tam</strong></span> <span class='ocrx_word' id='word_1_487' title='bbox 3260 552 3519 619; x_wconf 89' lang='lat' dir='ltr'><strong>hilariter,</strong></span> <span class='ocrx_word' id='word_1_488' title='bbox 3544 562 3651 609; x_wconf 87' lang='lat' dir='ltr'><strong>tam</strong></span> <span class='ocrx_word' id='word_1_489' title='bbox 3667 552 3843 609; x_wconf 81' lang='lat' dir='ltr'><strong>devo-</strong></span> 
     </span>
    </p>
   </div>
   <div class='ocr_carea' id='block_1_69' title="bbox 2254 641 3841 713">
    <p class='ocr_par' dir='ltr' id='par_1_69' title="bbox 2254 641 3841 713">
     <span class='ocr_line' id='line_1_70' title="bbox 2254 641 3841 713; baseline 0.001 -17"><span class='ocrx_word' id='word_1_490' title='bbox 2254 641 2419 696; x_wconf 86' lang='lat' dir='ltr'><strong>toista</strong></span> <span class='ocrx_word' id='word_1_491' title='bbox 2447 641 2811 711; x_wconf 88' lang='lat' dir='ltr'><strong>operantibus,</strong></span> <span class='ocrx_word' id='word_1_492' title='bbox 2849 652 2906 696; x_wconf 94' lang='lat' dir='ltr'><strong>ut</strong></span> <span class='ocrx_word' id='word_1_493' title='bbox 2928 657 3023 697; x_wconf 88' lang='lat' dir='ltr'><strong>eos</strong></span> <span class='ocrx_word' id='word_1_494' title='bbox 3049 657 3263 713; x_wconf 90' lang='lat' dir='ltr'><strong>quoque</strong></span> <span class='ocrx_word' id='word_1_495' title='bbox 3287 642 3433 713; x_wconf 91' lang='lat' dir='ltr'><strong>ipsos</strong></span> <span class='ocrx_word' id='word_1_496' title='bbox 3454 645 3506 696; x_wconf 92' lang='lat' dir='ltr'><strong>in</strong></span> <span class='ocrx_word' id='word_1_497' title='bbox 3529 659 3639 697; x_wconf 67' lang='lat' dir='ltr'><strong>sua:</strong></span> <span class='ocrx_word' id='word_1_498' title='bbox 3664 643 3841 697; x_wconf 87' lang='lat' dir='ltr'><strong>fabri-</strong></span> 
     </span>
    </p>
   </div>
   <div class='ocr_carea' id='block_1_70' title="bbox 2252 734 3847 804">
    <p class='ocr_par' dir='ltr' id='par_1_70' title="bbox 2252 734 3847 804">
     <span class='ocr_line' id='line_1_71' title="bbox 2252 734 3847 804; baseline 0.001 -16"><span class='ocrx_word' id='word_1_499' title='bbox 2252 748 2330 788; x_wconf 66' lang='lat' dir='ltr'><strong>cae</strong></span> <span class='ocrx_word' id='word_1_500' title='bbox 2352 735 2751 789; x_wconf 89' lang='lat' dir='ltr'><strong>constructione</strong></span> <span class='ocrx_word' id='word_1_501' title='bbox 2779 744 3082 804; x_wconf 89' lang='lat' dir='ltr'><strong>componat,</strong></span> <span class='ocrx_word' id='word_1_502' title='bbox 3114 749 3220 804; x_wconf 91' lang='lat' dir='ltr'><strong>quo</strong></span> <span class='ocrx_word' id='word_1_503' title='bbox 3264 745 3486 789; x_wconf 85' lang='lat' dir='ltr'><strong>currunt</strong></span> <span class='ocrx_word' id='word_1_504' title='bbox 3521 734 3729 804; x_wconf 87' lang='lat' dir='ltr'><strong>lapides</strong></span> <span class='ocrx_word' id='word_1_505' title='bbox 3764 737 3847 790; x_wconf 85' lang='lat' dir='ltr'><strong>vi-</strong></span> 
     </span>
    </p>
   </div>
   <div class='ocr_carea' id='block_1_71' title="bbox 2253 824 3845 897">
    <p class='ocr_par' dir='ltr' id='par_1_71' title="bbox 2253 824 3845 897">
     <span class='ocr_line' id='line_1_72' title="bbox 2253 824 3845 897; baseline 0.001 -17"><span class='ocrx_word' id='word_1_506' title='bbox 2253 828 2325 893; x_wconf 94' lang='lat' dir='ltr'><strong>vi,</strong></span> <span class='ocrx_word' id='word_1_507' title='bbox 2350 827 2455 883; x_wconf 90' lang='lat' dir='ltr'><strong>fide</strong></span> <span class='ocrx_word' id='word_1_508' title='bbox 2499 828 2734 895; x_wconf 82' lang='lat' dir='ltr'><strong>formati,</strong></span> <span class='ocrx_word' id='word_1_509' title='bbox 2761 842 2857 897; x_wconf 90' lang='lat' dir='ltr'><strong>spe</strong></span> <span class='ocrx_word' id='word_1_510' title='bbox 2885 827 3118 891; x_wconf 87' lang='lat' dir='ltr'><strong>solidati,</strong></span> <span class='ocrx_word' id='word_1_511' title='bbox 3145 828 3402 882; x_wconf 87' lang='lat' dir='ltr'><strong>charitate</strong></span> <span class='ocrx_word' id='word_1_512' title='bbox 3432 828 3714 896; x_wconf 88' lang='lat' dir='ltr'><strong>compacti.</strong></span> <span class='ocrx_word' id='word_1_513' title='bbox 3742 824 3845 883; x_wconf 87' lang='lat' dir='ltr'><strong>Ubi</strong></span> 
     </span>
    </p>
   </div>
   <div class='ocr_carea' id='block_1_72' title="bbox 2251 919 3840 990">
    <p class='ocr_par' dir='ltr' id='par_1_72' title="bbox 2251 919 3840 990">
     <span class='ocr_line' id='line_1_73' title="bbox 2251 919 3840 990; baseline -0.001 -16"><span class='ocrx_word' id='word_1_514' title='bbox 2251 920 2464 990; x_wconf 88' lang='lat' dir='ltr'><strong>sapiens</strong></span> <span class='ocrx_word' id='word_1_515' title='bbox 2490 920 2580 975; x_wconf 90' lang='lat' dir='ltr'><strong>ille</strong></span> <span class='ocrx_word' id='word_1_516' title='bbox 2621 919 2945 975; x_wconf 88' lang='lat' dir='ltr'><strong>architectus</strong></span> <span class='ocrx_word' id='word_1_517' title='bbox 2973 920 3263 989; x_wconf 84' lang='lat' dir='ltr'><strong>Apostolus</strong></span> <span class='ocrx_word' id='word_1_518' title='bbox 3291 919 3698 974; x_wconf 87' lang='lat' dir='ltr'><strong>fundamentum</strong></span> <span class='ocrx_word' id='word_1_519' title='bbox 3736 934 3840 989; x_wconf 89' lang='lat' dir='ltr'><strong>po-</strong></span> 
     </span>
    </p>
   </div>
   <div class='ocr_carea' id='block_1_73' title="bbox 2251 1010 3829 1085">
    <p class='ocr_par' dir='ltr' id='par_1_73' title="bbox 2251 1010 3829 1085">
     <span class='ocr_line' id='line_1_74' title="bbox 2251 1010 3829 1085; baseline 0.001 -18"><span class='ocrx_word' id='word_1_520' title='bbox 2251 1013 2358 1067; x_wconf 89' lang='lat' dir='ltr'><strong>suit</strong></span> <span class='ocrx_word' id='word_1_521' title='bbox 2398 1012 2665 1067; x_wconf 84' lang='lat' dir='ltr'><strong>Christum</strong></span> <span class='ocrx_word' id='word_1_522' title='bbox 2712 1012 2894 1068; x_wconf 82' lang='lat' dir='ltr'><strong>Jesum</strong></span> <span class='ocrx_word' id='word_1_523' title='bbox 2918 1010 3108 1085; x_wconf 87' lang='lat' dir='ltr'><strong>(lCor.</strong></span> <span class='ocrx_word' id='word_1_524' title='bbox 3152 1029 3228 1078; x_wconf 91' lang='grc' dir='ltr'>ιιι,</span> <span class='ocrx_word' id='word_1_525' title='bbox 3259 1014 3348 1077; x_wconf 78' lang='grc'>10,</span> <span class='ocrx_word' id='word_1_526' title='bbox 3388 1016 3449 1068; x_wconf 76' lang='lat' dir='ltr'><strong>tt</strong></span> <span class='ocrx_word' id='word_1_527' title='bbox 3486 1015 3526 1083; x_wconf 95' lang='lat'><strong>),</strong></span> <span class='ocrx_word' id='word_1_528' title='bbox 3555 1029 3829 1068; x_wconf 87' lang='lat' dir='ltr'><strong>summum</strong></span> 
     </span>
    </p>
   </div>
   <div class='ocr_carea' id='block_1_74' title="bbox 2251 1102 3838 1176">
    <p class='ocr_par' dir='ltr' id='par_1_74' title="bbox 2251 1102 3838 1176">
     <span class='ocr_line' id='line_1_75' title="bbox 2251 1102 3838 1176; baseline 0.001 -19"><span class='ocrx_word' id='word_1_529' title='bbox 2251 1102 2422 1173; x_wconf 90' lang='lat' dir='ltr'><strong>ipsum</strong></span> <span class='ocrx_word' id='word_1_530' title='bbox 2440 1103 2661 1173; x_wconf 84' lang='lat' dir='ltr'><strong>lapidem</strong></span> <span class='ocrx_word' id='word_1_531' title='bbox 2679 1104 2997 1176; x_wconf 83' lang='lat' dir='ltr'><strong>angularem,</strong></span> <span class='ocrx_word' id='word_1_532' title='bbox 3026 1103 3164 1158; x_wconf 89' lang='lat' dir='ltr'><strong>sicut</strong></span> <span class='ocrx_word' id='word_1_533' title='bbox 3182 1114 3237 1159; x_wconf 91' lang='lat' dir='ltr'><strong>et</strong></span> <span class='ocrx_word' id='word_1_534' title='bbox 3276 1104 3466 1160; x_wconf 89' lang='lat' dir='ltr'><strong>Petrus</strong></span> <span class='ocrx_word' id='word_1_535' title='bbox 3491 1103 3561 1159; x_wconf 92' lang='lat' dir='ltr'><strong>de</strong></span> <span class='ocrx_word' id='word_1_536' title='bbox 3601 1104 3838 1174; x_wconf 81' lang='lat' dir='ltr'><strong>prophe-</strong></span> 
     </span>
    </p>
   </div>
   <div class='ocr_carea' id='block_1_75' title="bbox 2250 1195 3845 1267">
    <p class='ocr_par' dir='ltr' id='par_1_75' title="bbox 2250 1195 3845 1267">
     <span class='ocr_line' id='line_1_76' title="bbox 2250 1195 3845 1267; baseline 0 -18"><span class='ocrx_word' id='word_1_537' title='bbox 2250 1196 2353 1249; x_wconf 90' lang='lat' dir='ltr'><strong>tica</strong></span> <span class='ocrx_word' id='word_1_538' title='bbox 2383 1197 2652 1267; x_wconf 86' lang='lat' dir='ltr'><strong>Scriptura</strong></span> <span class='ocrx_word' id='word_1_539' title='bbox 2674 1205 3082 1262; x_wconf 89' lang='lat' dir='ltr'><strong>commemorat,</strong></span> <span class='ocrx_word' id='word_1_540' title='bbox 3111 1195 3174 1249; x_wconf 86' lang='lat' dir='ltr'><strong>ab</strong></span> <span class='ocrx_word' id='word_1_541' title='bbox 3216 1196 3504 1250; x_wconf 84' lang='lat' dir='ltr'><strong>hominibus</strong></span> <span class='ocrx_word' id='word_1_542' title='bbox 3530 1197 3734 1264; x_wconf 87' lang='lat' dir='ltr'><strong>quidem</strong></span> <span class='ocrx_word' id='word_1_543' title='bbox 3760 1212 3845 1249; x_wconf 77' lang='lat' dir='ltr'><strong>re-</strong></span> 
     </span>
    </p>
   </div>
   <div class='ocr_carea' id='block_1_76' title="bbox 2250 1285 3837 1357">
    <p class='ocr_par' dir='ltr' id='par_1_76' title="bbox 2250 1285 3837 1357">
     <span class='ocr_line' id='line_1_77' title="bbox 2250 1285 3837 1357; baseline -0.003 -15"><span class='ocrx_word' id='word_1_544' title='bbox 2250 1288 2535 1357; x_wconf 79' lang='lat' dir='ltr'><strong>probatum,</strong></span> <span class='ocrx_word' id='word_1_545' title='bbox 2554 1305 2586 1340; x_wconf 89' lang='lat' dir='ltr'><strong>a</strong></span> <span class='ocrx_word' id='word_1_546' title='bbox 2607 1287 2710 1342; x_wconf 88' lang='lat' dir='ltr'><strong>Deo</strong></span> <span class='ocrx_word' id='word_1_547' title='bbox 2730 1297 2898 1341; x_wconf 84' lang='lat' dir='ltr'><strong>autent</strong></span> <span class='ocrx_word' id='word_1_548' title='bbox 2909 1286 3122 1341; x_wconf 84' lang='lat' dir='ltr'><strong>electum</strong></span> <span class='ocrx_word' id='word_1_549' title='bbox 3142 1296 3188 1340; x_wconf 87' lang='lat' dir='ltr'><strong>et</strong></span> <span class='ocrx_word' id='word_1_550' title='bbox 3204 1286 3623 1355; x_wconf 81' lang='lat' dir='ltr'><strong>honoriﬁcatum(</strong></span> <span class='ocrx_word' id='word_1_551' title='bbox 3648 1286 3665 1339; x_wconf 91' lang='lat' dir='ltr'><strong>l</strong></span> <span class='ocrx_word' id='word_1_552' title='bbox 3687 1285 3837 1340; x_wconf 83' lang='lat' dir='ltr'><strong>Petr.</strong></span> 
     </span>
    </p>
   </div>
   <div class='ocr_carea' id='block_1_77' title="bbox 2250 1378 3839 1449">
    <p class='ocr_par' dir='ltr' id='par_1_77' title="bbox 2250 1378 3839 1449">
     <span class='ocr_line' id='line_1_78' title="bbox 2250 1378 3839 1449; baseline 0.001 -17"><span class='ocrx_word' id='word_1_553' title='bbox 2250 1395 2311 1445; x_wconf 88' lang='grc' dir='ltr'><strong>ιι,</strong></span> <span class='ocrx_word' id='word_1_554' title='bbox 2340 1379 2375 1433; x_wconf 75' lang='grc'>4</span> <span class='ocrx_word' id='word_1_555' title='bbox 2403 1380 2441 1448; x_wconf 89' lang='grc'><strong>).</strong></span> <span class='ocrx_word' id='word_1_556' title='bbox 2470 1379 2601 1433; x_wconf 91' lang='lat' dir='ltr'><strong>lluie</strong></span> <span class='ocrx_word' id='word_1_557' title='bbox 2619 1378 2961 1444; x_wconf 68' lang='lat' dir='ltr'><strong>adhaerendo,</strong></span> <span class='ocrx_word' id='word_1_558' title='bbox 2992 1394 3281 1449; x_wconf 89' lang='lat' dir='ltr'><strong>pacamur;</strong></span> <span class='ocrx_word' id='word_1_559' title='bbox 3311 1378 3435 1433; x_wconf 90' lang='lat' dir='ltr'><strong>huic</strong></span> <span class='ocrx_word' id='word_1_560' title='bbox 3456 1379 3839 1443; x_wconf 88' lang='lat' dir='ltr'><strong>incumbendo.</strong></span> 
     </span>
    </p>
   </div>
   <div class='ocr_carea' id='block_1_78' title="bbox 2252 1468 3841 1539">
    <p class='ocr_par' dir='ltr' id='par_1_78' title="bbox 2252 1468 3841 1539">
     <span class='ocr_line' id='line_1_79' title="bbox 2252 1468 3841 1539; baseline 0.002 -17"><span class='ocrx_word' id='word_1_561' title='bbox 2252 1473 2542 1523; x_wconf 88' lang='lat' dir='ltr'><strong>firmamur.</strong></span> <span class='ocrx_word' id='word_1_562' title='bbox 2573 1468 2744 1525; x_wconf 90' lang='lat' dir='ltr'><strong>Simul</strong></span> <span class='ocrx_word' id='word_1_563' title='bbox 2770 1470 2910 1523; x_wconf 91' lang='lat' dir='ltr'><strong>enim</strong></span> <span class='ocrx_word' id='word_1_564' title='bbox 2938 1479 3021 1524; x_wconf 87' lang='lat' dir='ltr'><strong>est</strong></span> <span class='ocrx_word' id='word_1_565' title='bbox 3045 1479 3099 1523; x_wconf 82' lang='lat' dir='ltr'><strong>et</strong></span> <span class='ocrx_word' id='word_1_566' title='bbox 3119 1468 3549 1532; x_wconf 79' lang='lat' dir='ltr'><strong>fundamentalis,</strong></span> <span class='ocrx_word' id='word_1_567' title='bbox 3572 1470 3695 1539; x_wconf 87' lang='lat' dir='ltr'><strong>quia</strong></span> <span class='ocrx_word' id='word_1_568' title='bbox 3720 1471 3841 1539; x_wconf 84' lang='lat' dir='ltr'><strong>ipse</strong></span> 
     </span>
    </p>
   </div>
   <div class='ocr_carea' id='block_1_79' title="bbox 2248 1558 3843 1630">
    <p class='ocr_par' dir='ltr' id='par_1_79' title="bbox 2248 1558 3843 1630">
     <span class='ocr_line' id='line_1_80' title="bbox 2248 1558 3843 1630; baseline 0.001 -17"><span class='ocrx_word' id='word_1_569' title='bbox 2248 1575 2351 1613; x_wconf 92' lang='lat' dir='ltr'><strong>nos</strong></span> <span class='ocrx_word' id='word_1_570' title='bbox 2381 1559 2552 1630; x_wconf 85' lang='lat' dir='ltr'><strong>regit;</strong></span> <span class='ocrx_word' id='word_1_571' title='bbox 2578 1569 2632 1615; x_wconf 90' lang='lat' dir='ltr'><strong>et</strong></span> <span class='ocrx_word' id='word_1_572' title='bbox 2676 1560 2969 1630; x_wconf 88' lang='lat' dir='ltr'><strong>angularis,</strong></span> <span class='ocrx_word' id='word_1_573' title='bbox 3002 1560 3124 1630; x_wconf 88' lang='lat' dir='ltr'><strong>quia</strong></span> <span class='ocrx_word' id='word_1_574' title='bbox 3151 1558 3267 1629; x_wconf 88' lang='lat' dir='ltr'><strong>ipse</strong></span> <span class='ocrx_word' id='word_1_575' title='bbox 3287 1559 3577 1630; x_wconf 88' lang='lat' dir='ltr'><strong>conjungit.</strong></span> <span class='ocrx_word' id='word_1_576' title='bbox 3608 1560 3725 1629; x_wconf 86' lang='lat' dir='ltr'><strong>Ipsa</strong></span> <span class='ocrx_word' id='word_1_577' title='bbox 3755 1569 3843 1615; x_wconf 88' lang='lat' dir='ltr'><strong>est</strong></span> 
     </span>
    </p>
   </div>
   <div class='ocr_carea' id='block_1_80' title="bbox 2249 1640 3840 1725">
    <p class='ocr_par' dir='ltr' id='par_1_80' title="bbox 2249 1640 3840 1725">
     <span class='ocr_line' id='line_1_81' title="bbox 2249 1640 3840 1725; baseline -0.001 -16"><span class='ocrx_word' id='word_1_578' title='bbox 2249 1663 2420 1724; x_wconf 89' lang='lat' dir='ltr'><strong>petra,</strong></span> <span class='ocrx_word' id='word_1_579' title='bbox 2447 1670 2609 1724; x_wconf 88' lang='lat' dir='ltr'><strong>super</strong></span> <span class='ocrx_word' id='word_1_580' title='bbox 2621 1670 2779 1725; x_wconf 87' lang='lat' dir='ltr'><strong>quam</strong></span> <span class='ocrx_word' id='word_1_581' title='bbox 2805 1655 2887 1708; x_wconf 89' lang='lat' dir='ltr'><strong>vir</strong></span> <span class='ocrx_word' id='word_1_582' title='bbox 2902 1640 3119 1724; x_wconf 83' lang='lat' dir='ltr'><strong>sapiens</strong></span> <span class='ocrx_word' id='word_1_583' title='bbox 3138 1653 3407 1708; x_wconf 69' lang='lat' dir='ltr'><strong>aedificatus</strong></span> <span class='ocrx_word' id='word_1_584' title='bbox 3418 1653 3633 1708; x_wconf 88' lang='lat' dir='ltr'><strong>domum</strong></span> <span class='ocrx_word' id='word_1_585' title='bbox 3659 1668 3840 1721; x_wconf 70' lang='lat' dir='ltr'><strong>suam,</strong></span> 
     </span>
    </p>
   </div>
   <div class='ocr_carea' id='block_1_81' title="bbox 2247 1746 3843 1818">
    <p class='ocr_par' dir='ltr' id='par_1_81' title="bbox 2247 1746 3843 1818">
     <span class='ocr_line' id='line_1_82' title="bbox 2247 1746 3843 1818; baseline -0.003 -16"><span class='ocrx_word' id='word_1_586' title='bbox 2247 1758 2432 1803; x_wconf 89' lang='lat' dir='ltr'><strong>contra</strong></span> <span class='ocrx_word' id='word_1_587' title='bbox 2484 1764 2671 1804; x_wconf 89' lang='lat' dir='ltr'><strong>omnes</strong></span> <span class='ocrx_word' id='word_1_588' title='bbox 2734 1748 2891 1818; x_wconf 87' lang='lat' dir='ltr'><strong>hujus</strong></span> <span class='ocrx_word' id='word_1_589' title='bbox 2940 1746 3118 1801; x_wconf 71' lang='lat' dir='ltr'><strong>saeculi</strong></span> <span class='ocrx_word' id='word_1_590' title='bbox 3166 1746 3487 1802; x_wconf 89' lang='lat' dir='ltr'><strong>teutationes</strong></span> <span class='ocrx_word' id='word_1_591' title='bbox 3539 1746 3843 1800; x_wconf 88' lang='lat' dir='ltr'><strong>tutissimus</strong></span> 
     </span>
    </p>
   </div>
   <div class='ocr_carea' id='block_1_82' title="bbox 2250 1838 3838 1911">
    <p class='ocr_par' dir='ltr' id='par_1_82' title="bbox 2250 1838 3838 1911">
     <span class='ocr_line' id='line_1_83' title="bbox 2250 1838 3838 1911; baseline -0.001 -16"><span class='ocrx_word' id='word_1_592' title='bbox 2250 1850 2587 1910; x_wconf 85' lang='lat' dir='ltr'><strong>perseverat:</strong></span> <span class='ocrx_word' id='word_1_593' title='bbox 2614 1856 2714 1897; x_wconf 90' lang='lat' dir='ltr'><strong>nec</strong></span> <span class='ocrx_word' id='word_1_594' title='bbox 2747 1841 2921 1911; x_wconf 89' lang='lat' dir='ltr'><strong>pluvia</strong></span> <span class='ocrx_word' id='word_1_595' title='bbox 2952 1841 3188 1895; x_wconf 89' lang='lat' dir='ltr'><strong>irruente</strong></span> <span class='ocrx_word' id='word_1_596' title='bbox 3216 1839 3432 1903; x_wconf 87' lang='lat' dir='ltr'><strong>labitur,</strong></span> <span class='ocrx_word' id='word_1_597' title='bbox 3465 1853 3566 1894; x_wconf 89' lang='lat' dir='ltr'><strong>nec</strong></span> <span class='ocrx_word' id='word_1_598' title='bbox 3610 1838 3838 1893; x_wconf 84' lang='lat' dir='ltr'><strong>flumine</strong></span> 
     </span>
    </p>
   </div>
   <div class='ocr_carea' id='block_1_83' title="bbox 2248 1911 3841 1999">
    <p class='ocr_par' dir='ltr' id='par_1_83' title="bbox 2248 1911 3841 1999">
     <span class='ocr_line' id='line_1_84' title="bbox 2248 1911 3841 1999; baseline -0.001 -13"><span class='ocrx_word' id='word_1_599' title='bbox 2248 1932 2537 1987; x_wconf 87' lang='lat' dir='ltr'><strong>inundante</strong></span> <span class='ocrx_word' id='word_1_600' title='bbox 2565 1933 2913 1999; x_wconf 85' lang='lat' dir='ltr'><strong>subvertitur,</strong></span> <span class='ocrx_word' id='word_1_601' title='bbox 2964 1947 3064 1987; x_wconf 88' lang='lat' dir='ltr'><strong>nec</strong></span> <span class='ocrx_word' id='word_1_602' title='bbox 3098 1932 3274 1987; x_wconf 88' lang='lat' dir='ltr'><strong>ventis</strong></span> <span class='ocrx_word' id='word_1_603' title='bbox 3310 1911 3563 1986; x_wconf 76' lang='lat' dir='ltr'><strong>flantibus</strong></span> <span class='ocrx_word' id='word_1_604' title='bbox 3593 1947 3841 1986; x_wconf 90' lang='lat' dir='ltr'><strong>commo-</strong></span> 
     </span>
    </p>
   </div>
   <div class='ocr_carea' id='block_1_84' title="bbox 2247 2021 3841 2095">
    <p class='ocr_par' dir='ltr' id='par_1_84' title="bbox 2247 2021 3841 2095">
     <span class='ocr_line' id='line_1_85' title="bbox 2247 2021 3841 2095; baseline -0.001 -20"><span class='ocrx_word' id='word_1_605' title='bbox 2247 2032 2399 2077; x_wconf 87' lang='lat' dir='ltr'><strong>vetur</strong></span> <span class='ocrx_word' id='word_1_606' title='bbox 2419 2022 2633 2095; x_wconf 82' lang='lat' dir='ltr'><strong>(Matth.</strong></span> <span class='ocrx_word' id='word_1_607' title='bbox 2678 2038 2772 2089; x_wconf 77' lang='lat' dir='ltr'><strong>vn,</strong></span> <span class='ocrx_word' id='word_1_608' title='bbox 2812 2023 2901 2087; x_wconf 72' lang='grc'><strong>24,</strong></span> <span class='ocrx_word' id='word_1_609' title='bbox 2930 2022 3003 2079; x_wconf 70' lang='grc'><strong>25</strong></span> <span class='ocrx_word' id='word_1_610' title='bbox 3020 2025 3061 2093; x_wconf 90' lang='grc'><strong>).</strong></span> <span class='ocrx_word' id='word_1_611' title='bbox 3093 2021 3214 2092; x_wconf 84' lang='lat' dir='ltr'><strong>Ipse</strong></span> <span class='ocrx_word' id='word_1_612' title='bbox 3231 2031 3303 2076; x_wconf 82' lang='lat' dir='ltr'><strong>est</strong></span> <span class='ocrx_word' id='word_1_613' title='bbox 3327 2031 3382 2076; x_wconf 91' lang='lat' dir='ltr'><strong>et</strong></span> <span class='ocrx_word' id='word_1_614' title='bbox 3408 2037 3510 2091; x_wconf 68' lang='lat' dir='ltr'><strong>pax</strong></span> <span class='ocrx_word' id='word_1_615' title='bbox 3532 2030 3724 2086; x_wconf 85' lang='lat' dir='ltr'><strong>nostra,</strong></span> <span class='ocrx_word' id='word_1_616' title='bbox 3752 2022 3841 2090; x_wconf 73' lang='lat' dir='ltr'><strong>qui</strong></span> 
     </span>
    </p>
   </div>
   <div class='ocr_carea' id='block_1_85' title="bbox 2247 2111 3835 2187">
    <p class='ocr_par' dir='ltr' id='par_1_85' title="bbox 2247 2111 3835 2187">
     <span class='ocr_line' id='line_1_86' title="bbox 2247 2111 3835 2187; baseline -0.003 -18"><span class='ocrx_word' id='word_1_617' title='bbox 2247 2116 2360 2183; x_wconf 80' lang='lat' dir='ltr'><strong>fecit</strong></span> <span class='ocrx_word' id='word_1_618' title='bbox 2382 2126 2590 2187; x_wconf 84' lang='lat' dir='ltr'><strong>utraque</strong></span> <span class='ocrx_word' id='word_1_619' title='bbox 2612 2131 2771 2169; x_wconf 84' lang='lat' dir='ltr'><strong>unum</strong></span> <span class='ocrx_word' id='word_1_620' title='bbox 2793 2115 2811 2186; x_wconf 94' lang='lat'><strong>(</strong></span> <span class='ocrx_word' id='word_1_621' title='bbox 2836 2112 3029 2185; x_wconf 85' lang='lat' dir='ltr'><strong>Epltes.</strong></span> <span class='ocrx_word' id='word_1_622' title='bbox 3058 2128 3115 2180; x_wconf 91' lang='grc' dir='ltr'><strong>ιι,</strong></span> <span class='ocrx_word' id='word_1_623' title='bbox 3149 2114 3249 2183; x_wconf 76' lang='grc'><strong>14)</strong></span> <span class='ocrx_word' id='word_1_624' title='bbox 3283 2133 3296 2167; x_wconf 87' lang='lat'><strong><em>:</em></strong></span> <span class='ocrx_word' id='word_1_625' title='bbox 3322 2113 3374 2167; x_wconf 86' lang='lat' dir='ltr'><strong>in</strong></span> <span class='ocrx_word' id='word_1_626' title='bbox 3420 2113 3536 2181; x_wconf 90' lang='lat' dir='ltr'><strong>ipso</strong></span> <span class='ocrx_word' id='word_1_627' title='bbox 3572 2111 3716 2167; x_wconf 88' lang='lat' dir='ltr'><strong>enim</strong></span> <span class='ocrx_word' id='word_1_628' title='bbox 3745 2128 3835 2166; x_wconf 85' lang='lat' dir='ltr'><strong>ne-</strong></span> 
     </span>
    </p>
   </div>
   <div class='ocr_carea' id='block_1_86' title="bbox 2245 2202 3839 2275">
    <p class='ocr_par' dir='ltr' id='par_1_86' title="bbox 2245 2202 3839 2275">
     <span class='ocr_line' id='line_1_87' title="bbox 2245 2202 3839 2275; baseline -0.001 -18"><span class='ocrx_word' id='word_1_629' title='bbox 2245 2221 2340 2274; x_wconf 88' lang='lat' dir='ltr'><strong>que</strong></span> <span class='ocrx_word' id='word_1_630' title='bbox 2363 2206 2674 2259; x_wconf 65' lang='lat' dir='ltr'><strong>circumcisio</strong></span> <span class='ocrx_word' id='word_1_631' title='bbox 2716 2204 2992 2274; x_wconf 82' lang='lat' dir='ltr'><strong>quidquam</strong></span> <span class='ocrx_word' id='word_1_632' title='bbox 3012 2204 3161 2270; x_wconf 73' lang='lat' dir='ltr'><strong>ualet,</strong></span> <span class='ocrx_word' id='word_1_633' title='bbox 3188 2219 3347 2275; x_wconf 76' lang='lat' dir='ltr'><strong>neque</strong></span> <span class='ocrx_word' id='word_1_634' title='bbox 3382 2203 3705 2272; x_wconf 75' lang='lat' dir='ltr'><strong>prteputium,</strong></span> <span class='ocrx_word' id='word_1_635' title='bbox 3749 2202 3839 2256; x_wconf 77' lang='lat' dir='ltr'><strong>sed</strong></span> 
     </span>
    </p>
   </div>
   <div class='ocr_carea' id='block_1_87' title="bbox 2246 2293 3837 2368">
    <p class='ocr_par' dir='ltr' id='par_1_87' title="bbox 2246 2293 3837 2368">
     <span class='ocr_line' id='line_1_88' title="bbox 2246 2293 3837 2368; baseline -0.003 -17"><span class='ocrx_word' id='word_1_636' title='bbox 2246 2313 2375 2351; x_wconf 80' lang='lat' dir='ltr'><strong>noon</strong></span> <span class='ocrx_word' id='word_1_637' title='bbox 2404 2309 2638 2351; x_wconf 80' lang='lat' dir='ltr'><strong>creatura</strong></span> <span class='ocrx_word' id='word_1_638' title='bbox 2665 2299 2683 2368; x_wconf 96' lang='lat'><strong>(</strong></span> <span class='ocrx_word' id='word_1_639' title='bbox 2711 2295 2883 2351; x_wconf 84' lang='lat' dir='ltr'><strong>Galat.</strong></span> <span class='ocrx_word' id='word_1_640' title='bbox 2910 2310 2987 2361; x_wconf 77' lang='lat' dir='ltr'><strong>Vl,</strong></span> <span class='ocrx_word' id='word_1_641' title='bbox 3022 2296 3090 2351; x_wconf 77' lang='grc'><strong>15</strong></span> <span class='ocrx_word' id='word_1_642' title='bbox 3118 2295 3164 2366; x_wconf 92' lang='grc'><strong>).</strong></span> <span class='ocrx_word' id='word_1_643' title='bbox 3188 2294 3257 2350; x_wconf 75' lang='lat' dir='ltr'><strong>lii</strong></span> <span class='ocrx_word' id='word_1_644' title='bbox 3277 2294 3421 2349; x_wconf 87' lang='lat' dir='ltr'><strong>enim</strong></span> <span class='ocrx_word' id='word_1_645' title='bbox 3446 2293 3553 2349; x_wconf 91' lang='lat' dir='ltr'><strong>duo</strong></span> <span class='ocrx_word' id='word_1_646' title='bbox 3582 2302 3837 2363; x_wconf 75' lang='lat' dir='ltr'><strong>tanquam</strong></span> 
     </span>
    </p>
   </div>
   <div class='ocr_carea' id='block_1_88' title="bbox 2248 2386 3835 2459">
    <p class='ocr_par' dir='ltr' id='par_1_88' title="bbox 2248 2386 3835 2459">
     <span class='ocr_line' id='line_1_89' title="bbox 2248 2386 3835 2459; baseline -0.003 -16"><span class='ocrx_word' id='word_1_647' title='bbox 2248 2390 2476 2459; x_wconf 87' lang='lat' dir='ltr'><strong>parietes</strong></span> <span class='ocrx_word' id='word_1_648' title='bbox 2495 2405 2561 2444; x_wconf 81' lang='lat' dir='ltr'><strong>ex</strong></span> <span class='ocrx_word' id='word_1_649' title='bbox 2582 2389 2793 2444; x_wconf 88' lang='lat' dir='ltr'><strong>diverso</strong></span> <span class='ocrx_word' id='word_1_650' title='bbox 2819 2388 3119 2455; x_wconf 86' lang='lat' dir='ltr'><strong>venientes,</strong></span> <span class='ocrx_word' id='word_1_651' title='bbox 3162 2387 3319 2457; x_wconf 89' lang='lat' dir='ltr'><strong>longe</strong></span> <span class='ocrx_word' id='word_1_652' title='bbox 3346 2387 3415 2441; x_wconf 89' lang='lat' dir='ltr'><strong>ab</strong></span> <span class='ocrx_word' id='word_1_653' title='bbox 3455 2386 3688 2441; x_wconf 84' lang='lat' dir='ltr'><strong>invicem</strong></span> <span class='ocrx_word' id='word_1_654' title='bbox 3717 2386 3835 2440; x_wconf 84' lang='lat' dir='ltr'><strong>fue-</strong></span> 
     </span>
    </p>
   </div>
   <div class='ocr_carea' id='block_1_89' title="bbox 2247 2477 3837 2551">
    <p class='ocr_par' dir='ltr' id='par_1_89' title="bbox 2247 2477 3837 2551">
     <span class='ocr_line' id='line_1_90' title="bbox 2247 2477 3837 2551; baseline -0.001 -16"><span class='ocrx_word' id='word_1_655' title='bbox 2247 2489 2385 2547; x_wconf 88' lang='lat' dir='ltr'><strong>rant,</strong></span> <span class='ocrx_word' id='word_1_656' title='bbox 2407 2480 2577 2535; x_wconf 87' lang='lat' dir='ltr'><strong>donec</strong></span> <span class='ocrx_word' id='word_1_657' title='bbox 2592 2480 2660 2535; x_wconf 90' lang='lat' dir='ltr'><strong>ad</strong></span> <span class='ocrx_word' id='word_1_658' title='bbox 2682 2480 2852 2544; x_wconf 88' lang='lat' dir='ltr'><strong>illum,</strong></span> <span class='ocrx_word' id='word_1_659' title='bbox 2871 2489 3121 2551; x_wconf 85' lang='lat' dir='ltr'><strong>tanquam</strong></span> <span class='ocrx_word' id='word_1_660' title='bbox 3136 2478 3204 2536; x_wconf 87' lang='lat' dir='ltr'><strong>ad</strong></span> <span class='ocrx_word' id='word_1_661' title='bbox 3220 2479 3470 2550; x_wconf 81' lang='lat' dir='ltr'><strong>angulum</strong></span> <span class='ocrx_word' id='word_1_662' title='bbox 3485 2477 3653 2545; x_wconf 88' lang='lat' dir='ltr'><strong>ducti,</strong></span> <span class='ocrx_word' id='word_1_663' title='bbox 3671 2478 3837 2534; x_wconf 82' lang='lat' dir='ltr'><strong>etiam</strong></span> 
     </span>
    </p>
   </div>
   <div class='ocr_carea' id='block_1_90' title="bbox 2247 2573 3119 2644">
    <p class='ocr_par' dir='ltr' id='par_1_90' title="bbox 2247 2573 3119 2644">
     <span class='ocr_line' id='line_1_91' title="bbox 2247 2573 3119 2644; baseline -0.005 -14"><span class='ocrx_word' id='word_1_664' title='bbox 2247 2576 2301 2630; x_wconf 89' lang='lat' dir='ltr'><strong>in</strong></span> <span class='ocrx_word' id='word_1_665' title='bbox 2332 2575 2422 2629; x_wconf 92' lang='lat' dir='ltr'><strong>illo</strong></span> <span class='ocrx_word' id='word_1_666' title='bbox 2462 2574 2675 2629; x_wconf 90' lang='lat' dir='ltr'><strong>sibimet</strong></span> <span class='ocrx_word' id='word_1_667' title='bbox 2699 2573 2929 2644; x_wconf 90' lang='lat' dir='ltr'><strong>copulati</strong></span> <span class='ocrx_word' id='word_1_668' title='bbox 2975 2582 3119 2627; x_wconf 88' lang='lat' dir='ltr'><strong>sunt.</strong></span> 
     </span>
    </p>
   </div>
   <div class='ocr_carea' id='block_1_91' title="bbox 2315 2661 3837 2733">
    <p class='ocr_par' dir='ltr' id='par_1_91' title="bbox 2315 2661 3837 2733">
     <span class='ocr_line' id='line_1_92' title="bbox 2315 2661 3837 2733; baseline -0.003 -13"><span class='ocrx_word' id='word_1_669' title='bbox 2315 2664 2542 2721; x_wconf 83' lang='lat' dir='ltr'><strong>CAPUT</strong></span> <span class='ocrx_word' id='word_1_670' title='bbox 2578 2662 2642 2719; x_wconf 85' lang='lat' dir='ltr'><strong>ll.</strong></span> <span class='ocrx_word' id='word_1_671' title='bbox 2668 2694 2742 2704; x_wconf 95' lang='lat'>—</span> <span class='ocrx_word' id='word_1_672' title='bbox 2762 2664 2817 2719; x_wconf 72' lang='grc'><strong>2.</strong></span> <span class='ocrx_word' id='word_1_673' title='bbox 2867 2662 3173 2733; x_wconf 68' lang='grc' dir='ltr'><strong>Εάὶβοαιίο</strong></span> <span class='ocrx_word' id='word_1_674' title='bbox 3201 2662 3255 2716; x_wconf 85' lang='lat' dir='ltr'><strong>in</strong></span> <span class='ocrx_word' id='word_1_675' title='bbox 3281 2661 3475 2729; x_wconf 83' lang='lat' dir='ltr'><strong>labore,</strong></span> <span class='ocrx_word' id='word_1_676' title='bbox 3502 2661 3757 2716; x_wconf 80' lang='lat' dir='ltr'><strong>dedicatio</strong></span> <span class='ocrx_word' id='word_1_677' title='bbox 3783 2661 3837 2716; x_wconf 77' lang='lat' dir='ltr'><strong>in</strong></span> 
     </span>
    </p>
   </div>
   <div class='ocr_carea' id='block_1_92' title="bbox 2246 2751 3837 2826">
    <p class='ocr_par' dir='ltr' id='par_1_92' title="bbox 2246 2751 3837 2826">
     <span class='ocr_line' id='line_1_93' title="bbox 2246 2751 3837 2826; baseline -0.001 -17"><span class='ocrx_word' id='word_1_678' title='bbox 2246 2756 2439 2809; x_wconf 75' lang='lat' dir='ltr'><strong>ltztitia.</strong></span> <span class='ocrx_word' id='word_1_679' title='bbox 2469 2755 2649 2826; x_wconf 86' lang='lat' dir='ltr'><strong>Itaque</strong></span> <span class='ocrx_word' id='word_1_680' title='bbox 2674 2756 2812 2810; x_wconf 90' lang='lat' dir='ltr'><strong>sicut</strong></span> <span class='ocrx_word' id='word_1_681' title='bbox 2849 2753 2953 2809; x_wconf 87' lang='lat' dir='ltr'><strong>hoc</strong></span> <span class='ocrx_word' id='word_1_682' title='bbox 2980 2753 3263 2809; x_wconf 66' lang='lat' dir='ltr'><strong>aadificium</strong></span> <span class='ocrx_word' id='word_1_683' title='bbox 3290 2752 3498 2808; x_wconf 84' lang='lat' dir='ltr'><strong>visibile</strong></span> <span class='ocrx_word' id='word_1_684' title='bbox 3525 2751 3726 2806; x_wconf 81' lang='lat' dir='ltr'><strong>factum</strong></span> <span class='ocrx_word' id='word_1_685' title='bbox 3754 2763 3837 2807; x_wconf 85' lang='lat' dir='ltr'><strong>est</strong></span> 
     </span>
    </p>
   </div>
   <div class='ocr_carea' id='block_1_93' title="bbox 2246 2843 3838 2915">
    <p class='ocr_par' dir='ltr' id='par_1_93' title="bbox 2246 2843 3838 2915">
     <span class='ocr_line' id='line_1_94' title="bbox 2246 2843 3838 2915; baseline -0.003 -15"><span class='ocrx_word' id='word_1_686' title='bbox 2246 2846 2399 2901; x_wconf 89' lang='lat' dir='ltr'><strong>nobis</strong></span> <span class='ocrx_word' id='word_1_687' title='bbox 2426 2846 2774 2915; x_wconf 89' lang='lat' dir='ltr'><strong>corporaliter</strong></span> <span class='ocrx_word' id='word_1_688' title='bbox 2814 2843 3239 2915; x_wconf 89' lang='lat' dir='ltr'><strong>congregandis;</strong></span> <span class='ocrx_word' id='word_1_689' title='bbox 3274 2844 3343 2898; x_wconf 90' lang='lat' dir='ltr'><strong>ita</strong></span> <span class='ocrx_word' id='word_1_690' title='bbox 3368 2843 3501 2898; x_wconf 91' lang='lat' dir='ltr'><strong>illud</strong></span> <span class='ocrx_word' id='word_1_691' title='bbox 3526 2843 3838 2907; x_wconf 71' lang='lat' dir='ltr'><strong>mdilicium,</strong></span> 
     </span>
    </p>
   </div>
   <div class='ocr_carea' id='block_1_94' title="bbox 2245 2937 3839 3009">
    <p class='ocr_par' dir='ltr' id='par_1_94' title="bbox 2245 2937 3839 3009">
     <span class='ocr_line' id='line_1_95' title="bbox 2245 2937 3839 3009; baseline -0.001 -17"><span class='ocrx_word' id='word_1_692' title='bbox 2245 2940 2385 3009; x_wconf 91' lang='lat' dir='ltr'><strong>quod</strong></span> <span class='ocrx_word' id='word_1_693' title='bbox 2439 2955 2537 2993; x_wconf 90' lang='lat' dir='ltr'><strong>nos</strong></span> <span class='ocrx_word' id='word_1_694' title='bbox 2574 2940 2673 3009; x_wconf 87' lang='lat' dir='ltr'><strong>ipsi</strong></span> <span class='ocrx_word' id='word_1_695' title='bbox 2716 2953 2935 3004; x_wconf 89' lang='lat' dir='ltr'><strong>sumus,</strong></span> <span class='ocrx_word' id='word_1_696' title='bbox 2985 2937 3097 2993; x_wconf 90' lang='lat' dir='ltr'><strong>Deo</strong></span> <span class='ocrx_word' id='word_1_697' title='bbox 3146 2938 3493 3007; x_wconf 84' lang='lat' dir='ltr'><strong>spiritualiter</strong></span> <span class='ocrx_word' id='word_1_698' title='bbox 3534 2937 3839 2992; x_wconf 83' lang='lat' dir='ltr'><strong>habitatum</strong></span> 
     </span>
    </p>
   </div>
   <div class='ocr_carea' id='block_1_95' title="bbox 2245 3028 3840 3099">
    <p class='ocr_par' dir='ltr' id='par_1_95' title="bbox 2245 3028 3840 3099">
     <span class='ocr_line' id='line_1_96' title="bbox 2245 3028 3840 3099; baseline 0.001 -17"><span class='ocrx_word' id='word_1_699' title='bbox 2245 3030 2599 3084; x_wconf 89' lang='lat' dir='ltr'><strong>construitur.</strong></span> <span class='ocrx_word' id='word_1_700' title='bbox 2648 3028 2916 3099; x_wconf 84' lang='lat' dir='ltr'><strong>Templum</strong></span> <span class='ocrx_word' id='word_1_701' title='bbox 2944 3031 3075 3083; x_wconf 90' lang='lat' dir='ltr'><strong>enim</strong></span> <span class='ocrx_word' id='word_1_702' title='bbox 3104 3028 3196 3083; x_wconf 87' lang='lat' dir='ltr'><strong>Dei</strong></span> <span class='ocrx_word' id='word_1_703' title='bbox 3235 3038 3467 3084; x_wconf 81' lang='lat' dir='ltr'><strong>sanctum</strong></span> <span class='ocrx_word' id='word_1_704' title='bbox 3513 3040 3606 3095; x_wconf 81' lang='lat' dir='ltr'><strong>est,</strong></span> <span class='ocrx_word' id='word_1_705' title='bbox 3659 3030 3840 3098; x_wconf 85' lang='lat' dir='ltr'><strong>inquit</strong></span> 
     </span>
    </p>
   </div>
   <div class='ocr_carea' id='block_1_96' title="bbox 2247 3120 3829 3193">
    <p class='ocr_par' dir='ltr' id='par_1_96' title="bbox 2247 3120 3829 3193">
     <span class='ocr_line' id='line_1_97' title="bbox 2247 3120 3829 3193; baseline -0.001 -17"><span class='ocrx_word' id='word_1_706' title='bbox 2247 3122 2553 3191; x_wconf 83' lang='lat' dir='ltr'><strong>Apostolus,</strong></span> <span class='ocrx_word' id='word_1_707' title='bbox 2585 3121 2721 3193; x_wconf 82' lang='lat' dir='ltr'><strong>quod</strong></span> <span class='ocrx_word' id='word_1_708' title='bbox 2748 3122 2866 3177; x_wconf 88' lang='lat' dir='ltr'><strong>estis</strong></span> <span class='ocrx_word' id='word_1_709' title='bbox 2890 3137 2995 3176; x_wconf 79' lang='lat' dir='ltr'><strong>vos.</strong></span> <span class='ocrx_word' id='word_1_710' title='bbox 3025 3121 3174 3176; x_wconf 91' lang='lat' dir='ltr'><strong>Sicut</strong></span> <span class='ocrx_word' id='word_1_711' title='bbox 3190 3120 3293 3175; x_wconf 86' lang='lat' dir='ltr'><strong>hoc</strong></span> <span class='ocrx_word' id='word_1_712' title='bbox 3323 3121 3549 3176; x_wconf 88' lang='lat' dir='ltr'><strong>terrenis</strong></span> <span class='ocrx_word' id='word_1_713' title='bbox 3595 3121 3829 3175; x_wconf 79' lang='lat' dir='ltr'><strong>molibus</strong></span> 
     </span>
    </p>
   </div>
   <div class='ocr_carea' id='block_1_97' title="bbox 2245 3212 3836 3282">
    <p class='ocr_par' dir='ltr' id='par_1_97' title="bbox 2245 3212 3836 3282">
     <span class='ocr_line' id='line_1_98' title="bbox 2245 3212 3836 3282; baseline -0.001 -15"><span class='ocrx_word' id='word_1_714' title='bbox 2245 3214 2622 3277; x_wconf 84' lang='lat' dir='ltr'><strong>construimus,</strong></span> <span class='ocrx_word' id='word_1_715' title='bbox 2655 3214 2733 3268; x_wconf 84' lang='lat' dir='ltr'><strong>sic</strong></span> <span class='ocrx_word' id='word_1_716' title='bbox 2762 3213 2889 3267; x_wconf 91' lang='lat' dir='ltr'><strong>illud</strong></span> <span class='ocrx_word' id='word_1_717' title='bbox 2922 3212 3059 3267; x_wconf 86' lang='lat' dir='ltr'><strong>bene</strong></span> <span class='ocrx_word' id='word_1_718' title='bbox 3087 3214 3402 3282; x_wconf 86' lang='lat' dir='ltr'><strong>compositis</strong></span> <span class='ocrx_word' id='word_1_719' title='bbox 3455 3214 3695 3267; x_wconf 89' lang='lat' dir='ltr'><strong>moribus</strong></span> <span class='ocrx_word' id='word_1_720' title='bbox 3734 3214 3836 3266; x_wconf 84' lang='lat' dir='ltr'><strong>eri-</strong></span> 
     </span>
    </p>
   </div>
   <div class='ocr_carea' id='block_1_98' title="bbox 2243 3304 3829 3373">
    <p class='ocr_par' dir='ltr' id='par_1_98' title="bbox 2243 3304 3829 3373">
     <span class='ocr_line' id='line_1_99' title="bbox 2243 3304 3829 3373; baseline 0.001 -17"><span class='ocrx_word' id='word_1_721' title='bbox 2243 3319 2450 3373; x_wconf 88' lang='lat' dir='ltr'><strong>gamus.</strong></span> <span class='ocrx_word' id='word_1_722' title='bbox 2479 3304 2591 3359; x_wconf 84' lang='lat' dir='ltr'><strong>lloc</strong></span> <span class='ocrx_word' id='word_1_723' title='bbox 2617 3304 2758 3358; x_wconf 91' lang='lat' dir='ltr'><strong>enim</strong></span> <span class='ocrx_word' id='word_1_724' title='bbox 2813 3319 2954 3358; x_wconf 93' lang='lat' dir='ltr'><strong>nunc</strong></span> <span class='ocrx_word' id='word_1_725' title='bbox 3000 3304 3343 3358; x_wconf 87' lang='lat' dir='ltr'><strong>visitantibus</strong></span> <span class='ocrx_word' id='word_1_726' title='bbox 3390 3305 3566 3371; x_wconf 86' lang='lat' dir='ltr'><strong>nobis,</strong></span> <span class='ocrx_word' id='word_1_727' title='bbox 3596 3304 3726 3357; x_wconf 90' lang='lat' dir='ltr'><strong>illud</strong></span> <span class='ocrx_word' id='word_1_728' title='bbox 3775 3305 3829 3358; x_wconf 91' lang='lat' dir='ltr'><strong>in</strong></span> 
     </span>
    </p>
   </div>
   <div class='ocr_carea' id='block_1_99' title="bbox 2244 3398 3824 3468">
    <p class='ocr_par' dir='ltr' id='par_1_99' title="bbox 2244 3398 3824 3468">
     <span class='ocr_line' id='line_1_100' title="bbox 2244 3398 3824 3468; baseline -0.001 -14"><span class='ocrx_word' id='word_1_729' title='bbox 2244 3402 2352 3455; x_wconf 87' lang='lat' dir='ltr'><strong>fine</strong></span> <span class='ocrx_word' id='word_1_730' title='bbox 2381 3400 2561 3455; x_wconf 79' lang='lat' dir='ltr'><strong>saeculi</strong></span> <span class='ocrx_word' id='word_1_731' title='bbox 2586 3400 2813 3454; x_wconf 90' lang='lat' dir='ltr'><strong>Domino</strong></span> <span class='ocrx_word' id='word_1_732' title='bbox 2829 3399 3079 3454; x_wconf 83' lang='lat' dir='ltr'><strong>veniente</strong></span> <span class='ocrx_word' id='word_1_733' title='bbox 3106 3398 3460 3465; x_wconf 89' lang='lat' dir='ltr'><strong>dedicabitur,</strong></span> <span class='ocrx_word' id='word_1_734' title='bbox 3486 3399 3697 3468; x_wconf 89' lang='lat' dir='ltr'><strong>quando</strong></span> <span class='ocrx_word' id='word_1_735' title='bbox 3722 3413 3824 3453; x_wconf 88' lang='lat' dir='ltr'><strong>cor</strong></span> 
     </span>
    </p>
   </div>
   <div class='ocr_carea' id='block_1_100' title="bbox 2245 3491 3840 3562">
    <p class='ocr_par' dir='ltr' id='par_1_100' title="bbox 2245 3491 3840 3562">
     <span class='ocr_line' id='line_1_101' title="bbox 2245 3491 3840 3562; baseline -0.003 -14"><span class='ocrx_word' id='word_1_736' title='bbox 2245 3493 2495 3562; x_wconf 88' lang='lat' dir='ltr'><strong>ruptihile</strong></span> <span class='ocrx_word' id='word_1_737' title='bbox 2550 3492 2653 3548; x_wconf 89' lang='lat' dir='ltr'><strong>hoc</strong></span> <span class='ocrx_word' id='word_1_738' title='bbox 2704 3502 2946 3547; x_wconf 91' lang='lat' dir='ltr'><strong>nostrum</strong></span> <span class='ocrx_word' id='word_1_739' title='bbox 2998 3491 3181 3546; x_wconf 88' lang='lat' dir='ltr'><strong>induet</strong></span> <span class='ocrx_word' id='word_1_740' title='bbox 3236 3492 3713 3561; x_wconf 79' lang='lat' dir='ltr'><strong>incorruptionem.</strong></span> <span class='ocrx_word' id='word_1_741' title='bbox 3782 3502 3840 3544; x_wconf 90' lang='lat' dir='ltr'><strong>et</strong></span> 
     </span>
    </p>
   </div>
   <div class='ocr_carea' id='block_1_101' title="bbox 2246 3580 3836 3652">
    <p class='ocr_par' dir='ltr' id='par_1_101' title="bbox 2246 3580 3836 3652">
     <span class='ocr_line' id='line_1_102' title="bbox 2246 3580 3836 3652; baseline -0.004 -12"><span class='ocrx_word' id='word_1_742' title='bbox 2246 3586 2475 3641; x_wconf 88' lang='lat' dir='ltr'><strong>mortale</strong></span> <span class='ocrx_word' id='word_1_743' title='bbox 2510 3586 2612 3639; x_wconf 90' lang='lat' dir='ltr'><strong>hoc</strong></span> <span class='ocrx_word' id='word_1_744' title='bbox 2639 3594 2879 3640; x_wconf 90' lang='lat' dir='ltr'><strong>nostrum</strong></span> <span class='ocrx_word' id='word_1_745' title='bbox 2934 3583 3117 3639; x_wconf 87' lang='lat' dir='ltr'><strong>induet</strong></span> <span class='ocrx_word' id='word_1_746' title='bbox 3160 3584 3611 3638; x_wconf 86' lang='lat' dir='ltr'><strong>immortalitatem</strong></span> <span class='ocrx_word' id='word_1_747' title='bbox 3637 3581 3679 3652; x_wconf 92' lang='grc' dir='ltr'><strong>(Ι</strong></span> <span class='ocrx_word' id='word_1_748' title='bbox 3707 3580 3836 3636; x_wconf 89' lang='lat' dir='ltr'><strong>Cor.</strong></span> 
     </span>
    </p>
   </div>
   <div class='ocr_carea' id='block_1_102' title="bbox 2245 3672 3839 3746">
    <p class='ocr_par' dir='ltr' id='par_1_102' title="bbox 2245 3672 3839 3746">
     <span class='ocr_line' id='line_1_103' title="bbox 2245 3672 3839 3746; baseline -0.004 -15"><span class='ocrx_word' id='word_1_749' title='bbox 2245 3692 2337 3741; x_wconf 75' lang='lat' dir='ltr'><strong>xv,</strong></span> <span class='ocrx_word' id='word_1_750' title='bbox 2368 3677 2483 3745; x_wconf 83' lang='grc'><strong>55)</strong></span> <span class='ocrx_word' id='word_1_751' title='bbox 2514 3693 2527 3729; x_wconf 90' lang='lat'>:</span> <span class='ocrx_word' id='word_1_752' title='bbox 2560 3676 2681 3746; x_wconf 89' lang='lat' dir='ltr'><strong>quia</strong></span> <span class='ocrx_word' id='word_1_753' title='bbox 2704 3690 2897 3745; x_wconf 88' lang='lat' dir='ltr'><strong>corpus</strong></span> <span class='ocrx_word' id='word_1_754' title='bbox 2923 3674 3235 3729; x_wconf 89' lang='lat' dir='ltr'><strong>humilitatis</strong></span> <span class='ocrx_word' id='word_1_755' title='bbox 3261 3682 3459 3728; x_wconf 68' lang='lat' dir='ltr'><strong>nostra:</strong></span> <span class='ocrx_word' id='word_1_756' title='bbox 3482 3672 3839 3727; x_wconf 84' lang='lat' dir='ltr'><strong>eonformabit</strong></span> 
     </span>
    </p>
   </div>
   <div class='ocr_carea' id='block_1_103' title="bbox 2243 3763 3835 3839">
    <p class='ocr_par' dir='ltr' id='par_1_103' title="bbox 2243 3763 3835 3839">
     <span class='ocr_line' id='line_1_104' title="bbox 2243 3763 3835 3839; baseline -0.004 -17"><span class='ocrx_word' id='word_1_757' title='bbox 2243 3768 2457 3838; x_wconf 88' lang='lat' dir='ltr'><strong>corpori</strong></span> <span class='ocrx_word' id='word_1_758' title='bbox 2505 3767 2692 3838; x_wconf 69' lang='lat' dir='ltr'><strong>gloria:</strong></span> <span class='ocrx_word' id='word_1_759' title='bbox 2717 3765 2869 3839; x_wconf 69' lang='grc' dir='ltr'><strong>θυαε(</strong></span> <span class='ocrx_word' id='word_1_760' title='bbox 2902 3765 3137 3837; x_wconf 83' lang='lat' dir='ltr'><strong>Philipp.</strong></span> <span class='ocrx_word' id='word_1_761' title='bbox 3187 3781 3267 3831; x_wconf 90' lang='grc' dir='ltr'>ιιι,</span> <span class='ocrx_word' id='word_1_762' title='bbox 3308 3764 3371 3820; x_wconf 64' lang='lat' dir='ltr'><strong>il</strong></span> <span class='ocrx_word' id='word_1_763' title='bbox 3395 3764 3440 3837; x_wconf 88' lang='lat'><strong>).</strong></span> <span class='ocrx_word' id='word_1_764' title='bbox 3475 3763 3660 3819; x_wconf 83' lang='lat' dir='ltr'><strong>Videte</strong></span> <span class='ocrx_word' id='word_1_765' title='bbox 3687 3765 3835 3818; x_wconf 88' lang='lat' dir='ltr'><strong>enim</strong></span> 
     </span>
    </p>
   </div>
   <div class='ocr_carea' id='block_1_104' title="bbox 2243 3854 3827 3930">
    <p class='ocr_par' dir='ltr' id='par_1_104' title="bbox 2243 3854 3827 3930">
     <span class='ocr_line' id='line_1_105' title="bbox 2243 3854 3827 3930; baseline -0.004 -19"><span class='ocrx_word' id='word_1_766' title='bbox 2243 3859 2370 3930; x_wconf 90' lang='lat' dir='ltr'><strong>quid</strong></span> <span class='ocrx_word' id='word_1_767' title='bbox 2396 3859 2537 3914; x_wconf 89' lang='lat' dir='ltr'><strong>dicat</strong></span> <span class='ocrx_word' id='word_1_768' title='bbox 2564 3860 2617 3912; x_wconf 89' lang='lat' dir='ltr'><strong>in</strong></span> <span class='ocrx_word' id='word_1_769' title='bbox 2644 3857 2859 3913; x_wconf 83' lang='lat' dir='ltr'><strong>Psalmo</strong></span> <span class='ocrx_word' id='word_1_770' title='bbox 2884 3856 3236 3911; x_wconf 91' lang='lat' dir='ltr'><strong>dedicationis</strong></span> <span class='ocrx_word' id='word_1_771' title='bbox 3265 3872 3278 3907; x_wconf 88' lang='lat'><strong>:</strong></span> <span class='ocrx_word' id='word_1_772' title='bbox 3308 3854 3605 3910; x_wconf 82' lang='lat' dir='ltr'><strong>Convertisti</strong></span> <span class='ocrx_word' id='word_1_773' title='bbox 3631 3856 3827 3907; x_wconf 83' lang='lat' dir='ltr'><strong>luctum</strong></span> 
     </span>
    </p>
   </div>
   <div class='ocr_carea' id='block_1_105' title="bbox 2242 3946 3831 4020">
    <p class='ocr_par' dir='ltr' id='par_1_105' title="bbox 2242 3946 3831 4020">
     <span class='ocr_line' id='line_1_106' title="bbox 2242 3946 3831 4020; baseline -0.002 -18"><span class='ocrx_word' id='word_1_774' title='bbox 2242 3966 2407 4003; x_wconf 83' lang='lat' dir='ltr'><strong>meum</strong></span> <span class='ocrx_word' id='word_1_775' title='bbox 2434 3949 2487 4003; x_wconf 85' lang='lat' dir='ltr'><strong>in</strong></span> <span class='ocrx_word' id='word_1_776' title='bbox 2514 3948 2761 4020; x_wconf 84' lang='lat' dir='ltr'><strong>gaudium</strong></span> <span class='ocrx_word' id='word_1_777' title='bbox 2798 3948 2965 4012; x_wconf 82' lang='lat' dir='ltr'><strong>mihi;</strong></span> <span class='ocrx_word' id='word_1_778' title='bbox 2997 3946 3292 4001; x_wconf 81' lang='lat' dir='ltr'><strong>conscidisti</strong></span> <span class='ocrx_word' id='word_1_779' title='bbox 3336 3962 3539 3999; x_wconf 88' lang='lat' dir='ltr'><strong>saccum</strong></span> <span class='ocrx_word' id='word_1_780' title='bbox 3584 3962 3755 3998; x_wconf 85' lang='lat' dir='ltr'><strong>meum</strong></span> <span class='ocrx_word' id='word_1_781' title='bbox 3783 3958 3831 3999; x_wconf 81' lang='lat' dir='ltr'><strong>et</strong></span> 
     </span>
    </p>
   </div>
   <div class='ocr_carea' id='block_1_106' title="bbox 2243 4036 3836 4108">
    <p class='ocr_par' dir='ltr' id='par_1_106' title="bbox 2243 4036 3836 4108">
     <span class='ocr_line' id='line_1_107' title="bbox 2243 4036 3836 4108; baseline -0.005 -13"><span class='ocrx_word' id='word_1_782' title='bbox 2243 4042 2508 4096; x_wconf 77' lang='lat' dir='ltr'><strong>accinxisti</strong></span> <span class='ocrx_word' id='word_1_783' title='bbox 2549 4056 2628 4095; x_wconf 89' lang='lat' dir='ltr'><strong>me</strong></span> <span class='ocrx_word' id='word_1_784' title='bbox 2651 4040 2825 4094; x_wconf 66' lang='lat' dir='ltr'><strong>la&#39;titia</strong></span> <span class='ocrx_word' id='word_1_785' title='bbox 2855 4053 2875 4095; x_wconf 91' lang='lat'><strong><em>:</em></strong></span> <span class='ocrx_word' id='word_1_786' title='bbox 2900 4048 2958 4092; x_wconf 87' lang='lat' dir='ltr'><strong>ut</strong></span> <span class='ocrx_word' id='word_1_787' title='bbox 2976 4047 3142 4092; x_wconf 79' lang='lat' dir='ltr'><strong>cantet</strong></span> <span class='ocrx_word' id='word_1_788' title='bbox 3181 4036 3269 4091; x_wconf 83' lang='lat' dir='ltr'><strong>tibi</strong></span> <span class='ocrx_word' id='word_1_789' title='bbox 3317 4036 3479 4108; x_wconf 84' lang='lat' dir='ltr'><strong>gloria</strong></span> <span class='ocrx_word' id='word_1_790' title='bbox 3505 4052 3636 4100; x_wconf 82' lang='lat' dir='ltr'><strong>mea,</strong></span> <span class='ocrx_word' id='word_1_791' title='bbox 3659 4046 3705 4088; x_wconf 85' lang='lat' dir='ltr'><strong>et</strong></span> <span class='ocrx_word' id='word_1_792' title='bbox 3734 4052 3836 4088; x_wconf 79' lang='lat' dir='ltr'><strong>nou</strong></span> 
     </span>
    </p>
   </div>
   <div class='ocr_carea' id='block_1_107' title="bbox 2243 4128 3833 4204">
    <p class='ocr_par' dir='ltr' id='par_1_107' title="bbox 2243 4128 3833 4204">
     <span class='ocr_line' id='line_1_108' title="bbox 2243 4128 3833 4204; baseline -0.005 -16"><span class='ocrx_word' id='word_1_793' title='bbox 2243 4149 2561 4203; x_wconf 85' lang='lat' dir='ltr'><strong>compungar</strong></span> <span class='ocrx_word' id='word_1_794' title='bbox 2586 4131 2606 4204; x_wconf 95' lang='lat'>(</span> <span class='ocrx_word' id='word_1_795' title='bbox 2633 4130 2781 4186; x_wconf 86' lang='lat' dir='ltr'><strong>Psal.</strong></span> <span class='ocrx_word' id='word_1_796' title='bbox 2808 4146 2959 4195; x_wconf 74' lang='lat' dir='ltr'><strong>nix,</strong></span> <span class='ocrx_word' id='word_1_797' title='bbox 2990 4130 3078 4195; x_wconf 75' lang='grc' dir='ltr'>η,</span> <span class='ocrx_word' id='word_1_798' title='bbox 3104 4130 3227 4200; x_wconf 73' lang='grc'><strong>15).</strong></span> <span class='ocrx_word' id='word_1_799' title='bbox 3262 4128 3395 4184; x_wconf 87' lang='lat' dir='ltr'><strong>Cum</strong></span> <span class='ocrx_word' id='word_1_800' title='bbox 3419 4128 3563 4183; x_wconf 92' lang='lat' dir='ltr'><strong>enim</strong></span> <span class='ocrx_word' id='word_1_801' title='bbox 3593 4128 3833 4182; x_wconf 78' lang='lat' dir='ltr'><strong>:editica-</strong></span> 
     </span>
    </p>
   </div>
   <div class='ocr_carea' id='block_1_108' title="bbox 2242 4218 3836 4295">
    <p class='ocr_par' dir='ltr' id='par_1_108' title="bbox 2242 4218 3836 4295">
     <span class='ocr_line' id='line_1_109' title="bbox 2242 4218 3836 4295; baseline -0.004 -15"><span class='ocrx_word' id='word_1_802' title='bbox 2242 4242 2383 4291; x_wconf 91' lang='lat' dir='ltr'><strong>mur,</strong></span> <span class='ocrx_word' id='word_1_803' title='bbox 2409 4222 2574 4295; x_wconf 89' lang='lat' dir='ltr'><strong>gemit</strong></span> <span class='ocrx_word' id='word_1_804' title='bbox 2593 4223 2641 4278; x_wconf 92' lang='lat' dir='ltr'><strong>ei</strong></span> <span class='ocrx_word' id='word_1_805' title='bbox 2682 4222 2955 4277; x_wconf 88' lang='lat' dir='ltr'><strong>humilitas</strong></span> <span class='ocrx_word' id='word_1_806' title='bbox 2993 4230 3212 4286; x_wconf 90' lang='lat' dir='ltr'><strong>nostra;</strong></span> <span class='ocrx_word' id='word_1_807' title='bbox 3243 4236 3365 4275; x_wconf 91' lang='lat' dir='ltr'><strong>cum</strong></span> <span class='ocrx_word' id='word_1_808' title='bbox 3402 4229 3583 4274; x_wconf 86' lang='lat' dir='ltr'><strong>autem</strong></span> <span class='ocrx_word' id='word_1_809' title='bbox 3613 4218 3836 4273; x_wconf 81' lang='lat' dir='ltr'><strong>dedica-</strong></span> 
     </span>
    </p>
   </div>
   <div class='ocr_carea' id='block_1_109' title="bbox 2244 4310 3835 4385">
    <p class='ocr_par' dir='ltr' id='par_1_109' title="bbox 2244 4310 3835 4385">
     <span class='ocr_line' id='line_1_110' title="bbox 2244 4310 3835 4385; baseline -0.004 -13"><span class='ocrx_word' id='word_1_810' title='bbox 2244 4318 2436 4382; x_wconf 91' lang='lat' dir='ltr'><strong>bimnr,</strong></span> <span class='ocrx_word' id='word_1_811' title='bbox 2470 4315 2769 4371; x_wconf 89' lang='lat' dir='ltr'><strong>cantabitei</strong></span> <span class='ocrx_word' id='word_1_812' title='bbox 2803 4314 2969 4385; x_wconf 87' lang='lat' dir='ltr'><strong>gloria</strong></span> <span class='ocrx_word' id='word_1_813' title='bbox 2991 4323 3209 4370; x_wconf 76' lang='lat' dir='ltr'><strong>nostra:</strong></span> <span class='ocrx_word' id='word_1_814' title='bbox 3240 4312 3363 4383; x_wconf 90' lang='lat' dir='ltr'><strong>quia</strong></span> <span class='ocrx_word' id='word_1_815' title='bbox 3388 4311 3443 4366; x_wconf 90' lang='lat' dir='ltr'><strong>in</strong></span> <span class='ocrx_word' id='word_1_816' title='bbox 3472 4310 3835 4365; x_wconf 63' lang='lat' dir='ltr'><strong>aedificatione</strong></span> 
     </span>
    </p>
   </div>
   <div class='ocr_carea' id='block_1_110' title="bbox 2243 4402 3835 4472">
    <p class='ocr_par' dir='ltr' id='par_1_110' title="bbox 2243 4402 3835 4472">
     <span class='ocr_line' id='line_1_111' title="bbox 2243 4402 3835 4472; baseline -0.006 -8"><span class='ocrx_word' id='word_1_817' title='bbox 2243 4410 2395 4464; x_wconf 89' lang='lat' dir='ltr'><strong>labor</strong></span> <span class='ocrx_word' id='word_1_818' title='bbox 2422 4417 2523 4472; x_wconf 91' lang='lat' dir='ltr'><strong>est,</strong></span> <span class='ocrx_word' id='word_1_819' title='bbox 2567 4408 2619 4462; x_wconf 93' lang='lat' dir='ltr'><strong>in</strong></span> <span class='ocrx_word' id='word_1_820' title='bbox 2662 4406 2995 4461; x_wconf 81' lang='lat' dir='ltr'><strong>dedicatione</strong></span> <span class='ocrx_word' id='word_1_821' title='bbox 3044 4405 3244 4460; x_wconf 75' lang='lat' dir='ltr'><strong>ltetitia.</strong></span> <span class='ocrx_word' id='word_1_822' title='bbox 3278 4403 3425 4459; x_wconf 82' lang='lat' dir='ltr'><strong>Dum</strong></span> <span class='ocrx_word' id='word_1_823' title='bbox 3454 4402 3733 4458; x_wconf 60' lang='lat' dir='ltr'><strong>caeduntur</strong></span> <span class='ocrx_word' id='word_1_824' title='bbox 3765 4403 3835 4455; x_wconf 84' lang='lat' dir='ltr'><strong>de</strong></span> 
     </span>
    </p>
   </div>
   <div class='ocr_carea' id='block_1_111' title="bbox 2242 4495 3830 4570">
    <p class='ocr_par' dir='ltr' id='par_1_111' title="bbox 2242 4495 3830 4570">
     <span class='ocr_line' id='line_1_112' title="bbox 2242 4495 3830 4570; baseline -0.006 -13"><span class='ocrx_word' id='word_1_825' title='bbox 2242 4501 2509 4557; x_wconf 91' lang='lat' dir='ltr'><strong>montibus</strong></span> <span class='ocrx_word' id='word_1_826' title='bbox 2529 4499 2755 4570; x_wconf 90' lang='lat' dir='ltr'><strong>lapides,</strong></span> <span class='ocrx_word' id='word_1_827' title='bbox 2784 4498 2991 4569; x_wconf 89' lang='lat' dir='ltr'><strong>etligna</strong></span> <span class='ocrx_word' id='word_1_828' title='bbox 3019 4497 3088 4553; x_wconf 90' lang='lat' dir='ltr'><strong>de</strong></span> <span class='ocrx_word' id='word_1_829' title='bbox 3125 4498 3295 4562; x_wconf 89' lang='lat' dir='ltr'><strong>silvis,</strong></span> <span class='ocrx_word' id='word_1_830' title='bbox 3323 4495 3453 4551; x_wconf 88' lang='lat' dir='ltr'><strong>dum</strong></span> <span class='ocrx_word' id='word_1_831' title='bbox 3500 4496 3830 4555; x_wconf 83' lang='lat' dir='ltr'><strong>formantur.</strong></span> 
     </span>
    </p>
   </div>
   <div class='ocr_carea' id='block_1_112' title="bbox 2242 4589 3834 4661">
    <p class='ocr_par' dir='ltr' id='par_1_112' title="bbox 2242 4589 3834 4661">
     <span class='ocr_line' id='line_1_113' title="bbox 2242 4589 3834 4661; baseline -0.005 -14"><span class='ocrx_word' id='word_1_832' title='bbox 2242 4592 2506 4654; x_wconf 89' lang='lat' dir='ltr'><strong>dolantur,</strong></span> <span class='ocrx_word' id='word_1_833' title='bbox 2534 4599 2887 4661; x_wconf 89' lang='lat' dir='ltr'><strong>coaptantur;</strong></span> <span class='ocrx_word' id='word_1_834' title='bbox 2920 4589 3069 4643; x_wconf 88' lang='lat' dir='ltr'><strong>labor</strong></span> <span class='ocrx_word' id='word_1_835' title='bbox 3106 4600 3161 4643; x_wconf 91' lang='lat' dir='ltr'><strong>et</strong></span> <span class='ocrx_word' id='word_1_836' title='bbox 3188 4603 3316 4643; x_wconf 91' lang='lat' dir='ltr'><strong>cura</strong></span> <span class='ocrx_word' id='word_1_837' title='bbox 3346 4596 3429 4643; x_wconf 90' lang='lat' dir='ltr'><strong>est</strong></span> <span class='ocrx_word' id='word_1_838' title='bbox 3455 4605 3470 4643; x_wconf 87' lang='lat'><strong>:</strong></span> <span class='ocrx_word' id='word_1_839' title='bbox 3500 4604 3622 4642; x_wconf 89' lang='lat' dir='ltr'><strong>cum</strong></span> <span class='ocrx_word' id='word_1_840' title='bbox 3648 4597 3834 4640; x_wconf 76' lang='lat' dir='ltr'><strong>autem</strong></span> 
     </span>
    </p>
   </div>
   <div class='ocr_carea' id='block_1_113' title="bbox 2241 4677 3838 4752">
    <p class='ocr_par' dir='ltr' id='par_1_113' title="bbox 2241 4677 3838 4752">
     <span class='ocr_line' id='line_1_114' title="bbox 2241 4677 3838 4752; baseline -0.004 -17"><span class='ocrx_word' id='word_1_841' title='bbox 2241 4680 2464 4752; x_wconf 79' lang='lat' dir='ltr'><strong>perfecti</strong></span> <span class='ocrx_word' id='word_1_842' title='bbox 2486 4679 2691 4735; x_wconf 66' lang='lat' dir='ltr'><strong>aedificii</strong></span> <span class='ocrx_word' id='word_1_843' title='bbox 2712 4679 2977 4735; x_wconf 89' lang='lat' dir='ltr'><strong>dedicatio</strong></span> <span class='ocrx_word' id='word_1_844' title='bbox 2999 4677 3581 4748; x_wconf 87' lang='lat' dir='ltr'><strong>celebratur,gaudium</strong></span> <span class='ocrx_word' id='word_1_845' title='bbox 3594 4684 3653 4731; x_wconf 90' lang='lat' dir='ltr'><strong>et</strong></span> <span class='ocrx_word' id='word_1_846' title='bbox 3676 4690 3838 4730; x_wconf 88' lang='lat' dir='ltr'><strong>secu-</strong></span> 
     </span>
    </p>
   </div>
   <div class='ocr_carea' id='block_1_114' title="bbox 2240 4768 3831 4843">
    <p class='ocr_par' dir='ltr' id='par_1_114' title="bbox 2240 4768 3831 4843">
     <span class='ocr_line' id='line_1_115' title="bbox 2240 4768 3831 4843; baseline -0.004 -15"><span class='ocrx_word' id='word_1_847' title='bbox 2240 4774 2372 4830; x_wconf 89' lang='lat' dir='ltr'><strong>ritas</strong></span> <span class='ocrx_word' id='word_1_848' title='bbox 2387 4772 2655 4827; x_wconf 85' lang='lat' dir='ltr'><strong>laboribus</strong></span> <span class='ocrx_word' id='word_1_849' title='bbox 2669 4773 2918 4843; x_wconf 87' lang='lat' dir='ltr'><strong>curisque</strong></span> <span class='ocrx_word' id='word_1_850' title='bbox 2950 4770 3264 4827; x_wconf 86' lang='lat' dir='ltr'><strong>succedunt.</strong></span> <span class='ocrx_word' id='word_1_851' title='bbox 3298 4770 3387 4827; x_wconf 77' lang='lat' dir='ltr'><strong>Sic</strong></span> <span class='ocrx_word' id='word_1_852' title='bbox 3408 4770 3570 4824; x_wconf 87' lang='lat' dir='ltr'><strong>etiam</strong></span> <span class='ocrx_word' id='word_1_853' title='bbox 3596 4768 3831 4823; x_wconf 77' lang='lat' dir='ltr'><strong>:editica-</strong></span> 
     </span>
    </p>
   </div>
   <div class='ocr_carea' id='block_1_115' title="bbox 2243 4860 3832 4935">
    <p class='ocr_par' dir='ltr' id='par_1_115' title="bbox 2243 4860 3832 4935">
     <span class='ocr_line' id='line_1_116' title="bbox 2243 4860 3832 4935; baseline -0.004 -15"><span class='ocrx_word' id='word_1_854' title='bbox 2243 4865 2318 4920; x_wconf 89' lang='lat' dir='ltr'><strong>tio</strong></span> <span class='ocrx_word' id='word_1_855' title='bbox 2346 4863 2657 4935; x_wconf 87' lang='lat' dir='ltr'><strong>spiritualis,</strong></span> <span class='ocrx_word' id='word_1_856' title='bbox 2684 4861 2838 4933; x_wconf 90' lang='lat' dir='ltr'><strong>cujus</strong></span> <span class='ocrx_word' id='word_1_857' title='bbox 2865 4861 3134 4917; x_wconf 90' lang='lat' dir='ltr'><strong>habitator</strong></span> <span class='ocrx_word' id='word_1_858' title='bbox 3159 4862 3323 4926; x_wconf 89' lang='lat' dir='ltr'><strong>Deus,</strong></span> <span class='ocrx_word' id='word_1_859' title='bbox 3355 4877 3459 4915; x_wconf 87' lang='lat' dir='ltr'><strong>non</strong></span> <span class='ocrx_word' id='word_1_860' title='bbox 3485 4860 3552 4914; x_wconf 87' lang='lat' dir='ltr'><strong>ad</strong></span> <span class='ocrx_word' id='word_1_861' title='bbox 3589 4868 3832 4929; x_wconf 86' lang='lat' dir='ltr'><strong>tempus,</strong></span> 
     </span>
    </p>
   </div>
   <div class='ocr_carea' id='block_1_116' title="bbox 2242 4950 3834 5019">
    <p class='ocr_par' dir='ltr' id='par_1_116' title="bbox 2242 4950 3834 5019">
     <span class='ocr_line' id='line_1_117' title="bbox 2242 4950 3834 5019; baseline -0.006 -7"><span class='ocrx_word' id='word_1_862' title='bbox 2242 4956 2336 5012; x_wconf 87' lang='lat' dir='ltr'><strong>sed</strong></span> <span class='ocrx_word' id='word_1_863' title='bbox 2367 4957 2418 5009; x_wconf 92' lang='lat' dir='ltr'><strong>in</strong></span> <span class='ocrx_word' id='word_1_864' title='bbox 2441 4966 2702 5010; x_wconf 75' lang='lat' dir='ltr'><strong>:cternum</strong></span> <span class='ocrx_word' id='word_1_865' title='bbox 2721 4954 2825 5008; x_wconf 86' lang='lat' dir='ltr'><strong>erit</strong></span> <span class='ocrx_word' id='word_1_866' title='bbox 2852 4968 2869 5019; x_wconf 94' lang='lat'><strong>;</strong></span> <span class='ocrx_word' id='word_1_867' title='bbox 2901 4953 3028 5009; x_wconf 88' lang='lat' dir='ltr'><strong>dum</strong></span> <span class='ocrx_word' id='word_1_868' title='bbox 3071 4968 3139 5009; x_wconf 77' lang='lat' dir='ltr'><strong>ex</strong></span> <span class='ocrx_word' id='word_1_869' title='bbox 3194 4952 3390 5008; x_wconf 90' lang='lat' dir='ltr'><strong>infideli</strong></span> <span class='ocrx_word' id='word_1_870' title='bbox 3422 4953 3527 5005; x_wconf 86' lang='lat' dir='ltr'><strong>vita</strong></span> <span class='ocrx_word' id='word_1_871' title='bbox 3580 4950 3834 5005; x_wconf 82' lang='lat' dir='ltr'><strong>homines</strong></span> 
     </span>
    </p>
   </div>
   <div class='ocr_carea' id='block_1_117' title="bbox 2242 5042 3835 5119">
    <p class='ocr_par' dir='ltr' id='par_1_117' title="bbox 2242 5042 3835 5119">
     <span class='ocr_line' id='line_1_118' title="bbox 2242 5042 3835 5119; baseline -0.006 -15"><span class='ocrx_word' id='word_1_872' title='bbox 2242 5058 2589 5119; x_wconf 86' lang='lat' dir='ltr'><strong>segregantur</strong></span> <span class='ocrx_word' id='word_1_873' title='bbox 2606 5045 2674 5101; x_wconf 86' lang='lat' dir='ltr'><strong>ad</strong></span> <span class='ocrx_word' id='word_1_874' title='bbox 2694 5044 2876 5110; x_wconf 86' lang='lat' dir='ltr'><strong>fidem,</strong></span> <span class='ocrx_word' id='word_1_875' title='bbox 2901 5044 3028 5100; x_wconf 92' lang='lat' dir='ltr'><strong>dum</strong></span> <span class='ocrx_word' id='word_1_876' title='bbox 3052 5044 3307 5116; x_wconf 83' lang='lat' dir='ltr'><strong>quidquid</strong></span> <span class='ocrx_word' id='word_1_877' title='bbox 3328 5045 3380 5098; x_wconf 91' lang='lat' dir='ltr'><strong>in</strong></span> <span class='ocrx_word' id='word_1_878' title='bbox 3399 5044 3481 5099; x_wconf 89' lang='lat' dir='ltr'><strong>eis</strong></span> <span class='ocrx_word' id='word_1_879' title='bbox 3497 5058 3603 5098; x_wconf 90' lang='lat' dir='ltr'><strong>non</strong></span> <span class='ocrx_word' id='word_1_880' title='bbox 3627 5042 3835 5096; x_wconf 81' lang='lat' dir='ltr'><strong>bonum</strong></span> 
     </span>
    </p>
   </div>
   <div class='ocr_carea' id='block_1_118' title="bbox 2242 5132 3835 5212">
    <p class='ocr_par' dir='ltr' id='par_1_118' title="bbox 2242 5132 3835 5212">
     <span class='ocr_line' id='line_1_119' title="bbox 2242 5132 3835 5212; baseline -0.008 -15"><span class='ocrx_word' id='word_1_881' title='bbox 2242 5150 2402 5212; x_wconf 86' lang='lat' dir='ltr'><strong>atque</strong></span> <span class='ocrx_word' id='word_1_882' title='bbox 2455 5152 2767 5210; x_wconf 87' lang='lat' dir='ltr'><strong>perversum</strong></span> <span class='ocrx_word' id='word_1_883' title='bbox 2811 5146 2916 5200; x_wconf 90' lang='lat' dir='ltr'><strong>est,</strong></span> <span class='ocrx_word' id='word_1_884' title='bbox 2966 5144 3271 5207; x_wconf 88' lang='lat' dir='ltr'><strong>amputatur</strong></span> <span class='ocrx_word' id='word_1_885' title='bbox 3316 5142 3372 5189; x_wconf 89' lang='lat' dir='ltr'><strong>et</strong></span> <span class='ocrx_word' id='word_1_886' title='bbox 3406 5135 3647 5196; x_wconf 64' lang='lat' dir='ltr'><strong>caaditur,</strong></span> <span class='ocrx_word' id='word_1_887' title='bbox 3701 5132 3835 5186; x_wconf 87' lang='lat' dir='ltr'><strong>dum</strong></span> 
     </span>
    </p>
   </div>
   <div class='ocr_carea' id='block_1_119' title="bbox 2246 5226 3825 5302">
    <p class='ocr_par' dir='ltr' id='par_1_119' title="bbox 2246 5226 3825 5302">
     <span class='ocr_line' id='line_1_120' title="bbox 2246 5226 3825 5302; baseline -0.007 -15"><span class='ocrx_word' id='word_1_888' title='bbox 2246 5233 2378 5288; x_wconf 86' lang='lat' dir='ltr'><strong>fiunt</strong></span> <span class='ocrx_word' id='word_1_889' title='bbox 2405 5240 2562 5302; x_wconf 62' lang='lat' dir='ltr'><strong>aptae,</strong></span> <span class='ocrx_word' id='word_1_890' title='bbox 2597 5228 2831 5299; x_wconf 62' lang='lat' dir='ltr'><strong>pacifica;</strong></span> <span class='ocrx_word' id='word_1_891' title='bbox 2857 5229 3064 5298; x_wconf 65' lang='lat' dir='ltr'><strong>piaeque</strong></span> <span class='ocrx_word' id='word_1_892' title='bbox 3083 5226 3385 5297; x_wconf 73' lang='lat' dir='ltr'><strong>junctum;</strong></span> <span class='ocrx_word' id='word_1_893' title='bbox 3416 5233 3628 5296; x_wconf 66' lang='lat' dir='ltr'><strong>quantae</strong></span> <span class='ocrx_word' id='word_1_894' title='bbox 3650 5232 3825 5277; x_wconf 76' lang='lat' dir='ltr'><strong>tenta-</strong></span> 
     </span>
    </p>
   </div>
   <div class='ocr_carea' id='block_1_120' title="bbox 2245 5312 3824 5390">
    <p class='ocr_par' dir='ltr' id='par_1_120' title="bbox 2245 5312 3824 5390">
     <span class='ocr_line' id='line_1_121' title="bbox 2245 5312 3824 5390; baseline -0.008 -11"><span class='ocrx_word' id='word_1_895' title='bbox 2245 5326 2416 5379; x_wconf 88' lang='lat' dir='ltr'><strong>tiones</strong></span> <span class='ocrx_word' id='word_1_896' title='bbox 2444 5324 2716 5385; x_wconf 90' lang='lat' dir='ltr'><strong>timentur,</strong></span> <span class='ocrx_word' id='word_1_897' title='bbox 2769 5329 2981 5390; x_wconf 64' lang='lat' dir='ltr'><strong>quantae</strong></span> <span class='ocrx_word' id='word_1_898' title='bbox 3024 5318 3394 5373; x_wconf 87' lang='lat' dir='ltr'><strong>tribulatioues</strong></span> <span class='ocrx_word' id='word_1_899' title='bbox 3438 5312 3824 5372; x_wconf 73' lang='lat' dir='ltr'><strong>sustinentur!</strong></span> 
     </span>
    </p>
   </div>
   <div class='ocr_carea' id='block_1_121' title="bbox 2243 5409 3836 5472">
    <p class='ocr_par' dir='ltr' id='par_1_121' title="bbox 2243 5409 3836 5472">
     <span class='ocr_line' id='line_1_122' title="bbox 2243 5409 3836 5472; baseline -0.008 0"><span class='ocrx_word' id='word_1_900' title='bbox 2243 5416 2374 5472; x_wconf 90' lang='lat' dir='ltr'><strong>Cum</strong></span> <span class='ocrx_word' id='word_1_901' title='bbox 2406 5429 2532 5469; x_wconf 91' lang='lat' dir='ltr'><strong>vero</strong></span> <span class='ocrx_word' id='word_1_902' title='bbox 2551 5412 2960 5469; x_wconf 87' lang='lat' dir='ltr'><strong>adveneritdies</strong></span> <span class='ocrx_word' id='word_1_903' title='bbox 3001 5409 3354 5465; x_wconf 85' lang='lat' dir='ltr'><strong>dedicationis</strong></span> <span class='ocrx_word' id='word_1_904' title='bbox 3373 5409 3566 5463; x_wconf 88' lang='lat' dir='ltr'><strong>domus</strong></span> <span class='ocrx_word' id='word_1_905' title='bbox 3590 5417 3836 5462; x_wconf 73' lang='lat' dir='ltr'><strong>reternze.</strong></span> 
     </span>
    </p>
   </div>
   <div class='ocr_carea' id='block_1_122' title="bbox 2245 5500 3834 5569">
    <p class='ocr_par' dir='ltr' id='par_1_122' title="bbox 2245 5500 3834 5569">
     <span class='ocr_line' id='line_1_123' title="bbox 2245 5500 3834 5569; baseline -0.006 -6"><span class='ocrx_word' id='word_1_906' title='bbox 2245 5524 2366 5563; x_wconf 89' lang='lat' dir='ltr'><strong>cum</strong></span> <span class='ocrx_word' id='word_1_907' title='bbox 2393 5506 2605 5562; x_wconf 91' lang='lat' dir='ltr'><strong>dicetur</strong></span> <span class='ocrx_word' id='word_1_908' title='bbox 2643 5504 2814 5569; x_wconf 89' lang='lat' dir='ltr'><strong>nobis,</strong></span> <span class='ocrx_word' id='word_1_909' title='bbox 2855 5501 3050 5567; x_wconf 84' lang='lat' dir='ltr'><strong>Venite,</strong></span> <span class='ocrx_word' id='word_1_910' title='bbox 3078 5501 3323 5556; x_wconf 80' lang='lat' dir='ltr'><strong>benedicti</strong></span> <span class='ocrx_word' id='word_1_911' title='bbox 3359 5500 3536 5554; x_wconf 86' lang='lat' dir='ltr'><strong>Patris</strong></span> <span class='ocrx_word' id='word_1_912' title='bbox 3560 5500 3680 5566; x_wconf 82' lang='lat' dir='ltr'><strong>mei,</strong></span> <span class='ocrx_word' id='word_1_913' title='bbox 3707 5515 3834 5569; x_wconf 80' lang='lat' dir='ltr'><strong>per-</strong></span> 
     </span>
    </p>
   </div>
   <div class='ocr_carea' id='block_1_123' title="bbox 2244 5592 3841 5670">
    <p class='ocr_par' dir='ltr' id='par_1_123' title="bbox 2244 5592 3841 5670">
     <span class='ocr_line' id='line_1_124' title="bbox 2244 5592 3841 5670; baseline -0.007 -15"><span class='ocrx_word' id='word_1_914' title='bbox 2244 5601 2393 5670; x_wconf 87' lang='lat' dir='ltr'><strong>cipite</strong></span> <span class='ocrx_word' id='word_1_915' title='bbox 2428 5614 2636 5670; x_wconf 83' lang='lat' dir='ltr'><strong>regnum</strong></span> <span class='ocrx_word' id='word_1_916' title='bbox 2663 5595 2796 5666; x_wconf 84' lang='lat' dir='ltr'><strong>quod</strong></span> <span class='ocrx_word' id='word_1_917' title='bbox 2837 5594 2973 5649; x_wconf 81' lang='lat' dir='ltr'><strong>vobis</strong></span> <span class='ocrx_word' id='word_1_918' title='bbox 2997 5606 3227 5663; x_wconf 81' lang='lat' dir='ltr'><strong>paratum</strong></span> <span class='ocrx_word' id='word_1_919' title='bbox 3254 5602 3324 5647; x_wconf 88' lang='lat' dir='ltr'><strong>est</strong></span> <span class='ocrx_word' id='word_1_920' title='bbox 3348 5594 3411 5646; x_wconf 89' lang='lat' dir='ltr'><strong>ab</strong></span> <span class='ocrx_word' id='word_1_921' title='bbox 3461 5593 3604 5647; x_wconf 84' lang='lat' dir='ltr'><strong>initio</strong></span> <span class='ocrx_word' id='word_1_922' title='bbox 3654 5592 3841 5645; x_wconf 74' lang='grc' dir='ltr'>ιηιηάι</span> 
     </span>
    </p>
   </div>
   <div class='ocr_carea' id='block_1_124' title="bbox 2252 5684 3842 5763">
    <p class='ocr_par' dir='ltr' id='par_1_124' title="bbox 2252 5684 3842 5763">
     <span class='ocr_line' id='line_1_125' title="bbox 2252 5684 3842 5763; baseline -0.003 -19"><span class='ocrx_word' id='word_1_923' title='bbox 2252 5691 2480 5763; x_wconf 78' lang='lat' dir='ltr'><strong>(Matth.</strong></span> <span class='ocrx_word' id='word_1_924' title='bbox 2512 5705 2639 5756; x_wconf 88' lang='lat' dir='ltr'><strong>xxv,</strong></span> <span class='ocrx_word' id='word_1_925' title='bbox 2683 5688 2751 5744; x_wconf 74' lang='lat' dir='ltr'><strong>5i</strong></span> <span class='ocrx_word' id='word_1_926' title='bbox 2776 5690 2794 5758; x_wconf 94' lang='lat'><strong>)</strong></span> <span class='ocrx_word' id='word_1_927' title='bbox 2819 5704 2834 5753; x_wconf 89' lang='lat'><strong>;</strong></span> <span class='ocrx_word' id='word_1_928' title='bbox 2861 5701 2980 5757; x_wconf 72' lang='lat' dir='ltr'><strong>qua:</strong></span> <span class='ocrx_word' id='word_1_929' title='bbox 3025 5685 3110 5741; x_wconf 90' lang='lat' dir='ltr'><strong>illa</strong></span> <span class='ocrx_word' id='word_1_930' title='bbox 3138 5686 3446 5753; x_wconf 81' lang='lat' dir='ltr'><strong>exsultatio,</strong></span> <span class='ocrx_word' id='word_1_931' title='bbox 3480 5701 3599 5756; x_wconf 82' lang='lat' dir='ltr'><strong>qua:</strong></span> <span class='ocrx_word' id='word_1_932' title='bbox 3623 5684 3842 5740; x_wconf 79' lang='lat' dir='ltr'><strong>securi-</strong></span> 
     </span>
    </p>
   </div>
  </div>
