4036 6466
283 334 305 395 Ι
320 336 419 395 ιη

281 475 366 515 us
388 456 533 512 erit?
556 451 807 512 Cantabit
842 447 1077 509 claritas,
1099 456 1198 497 nec
1223 443 1610 507 compungatur
1632 429 1856 486 inﬁrmi-

283 565 383 607 tas.
407 552 540 606 Cum
588 544 835 603 ostendet
860 557 920 597 se
946 541 1117 610 ipsum
1146 534 1297 590 nobis
1323 532 1413 603 qui
1452 543 1552 584 nos
1575 525 1780 586 dilexit,
1810 531 1863 576 et

282 642 568 698 tradiditse
598 640 769 709 ipsum
799 649 894 705 pro
936 632 1090 687 nobis
1118 646 1133 694 ς
1183 636 1239 683 et
1266 626 1359 696 qui
1406 622 1653 694 apparuit
1683 616 1862 672 homi-

281 737 440 790 nibus
463 731 603 803 quod
629 740 708 786 est
758 728 926 782 lactus
954 725 1006 779 in
1056 730 1248 785 matre,
1279 715 1557 787 apparebit
1593 712 1671 766 eis
1725 710 1866 763 Deus

284 825 455 878 iactor
477 799 614 891 quod
633 826 748 874 erat
771 818 823 870 in
844 817 998 871 Patre
1027 829 1040 866 :
1070 826 1190 866 cum
1215 806 1539 878 ingredietur
1577 799 1865 872 perfectam

285 925 337 967 et
364 921 626 973 ornatam,
658 909 860 962 unitate
904 903 1213 963 stabilitam,
1246 895 1651 953 immortalitate
1700 890 1866 944 vesti-

286 1017 393 1057 tam
446 1011 679 1057 :cternus
722 1001 836 1069 ipse
880 997 1143 1051 habitator
1171 992 1384 1048 domum
1416 1003 1601 1053 suam;
1633 984 1874 1056 implebit

285 1096 487 1160 omnia,
538 1091 756 1156 fulgebit
819 1090 871 1144 itt
915 1088 1180 1151 omnibus,
1228 1092 1282 1137 ut
1310 1083 1371 1136 sit
1412 1079 1548 1134 Deus
1601 1077 1771 1133 omnia
1817 1077 1871 1129 in

286 1186 517 1241 oninibus
546 1184 564 1253 (
593 1183 611 1236 1
637 1180 756 1238 Cor.
780 1179 956 1240 “.28
983 1178 1026 1250 ).

358 1274 584 1330 CAPUT
624 1273 711 1327 III.
761 1271 905 1325 μδ.
956 1267 1272 1322 Desiderium
1325 1260 1585 1316 habitandi
1622 1260 1675 1313 in
1725 1257 1874 1311 domo

293 1368 406 1422 Dei.
430 1366 624 1419 Domus
657 1362 752 1416 Dei
773 1371 886 1415 sunt
936 1360 1033 1432 ipsi
1065 1360 1174 1427 ejus
1200 1356 1521 1409 habitatores.
1547 1351 1692 1406 IIanc
1719 1365 1876 1403 unam

290 1460 552 1515 visionem
584 1455 769 1527 petivit
794 1468 823 1506 a
858 1452 1081 1508 Domino
1121 1448 1377 1520 quidam;
1407 1454 1461 1500 et
1503 1444 1617 1513 ipse
1640 1440 1875 1511 quidam,

290 1555 337 1608 si
366 1554 632 1614 volumus,
663 1563 760 1602 nos
782 1561 985 1601 sumus.
1018 1543 1184 1611 IIujus
1212 1538 1481 1594 desiderio
1529 1534 1787 1589 laboravit
1825 1532 1875 1586 in

290 1644 491 1714 gemitu
540 1656 657 1704 suo,
690 1639 812 1693 hinc
868 1637 993 1691 lavit
1038 1651 1130 1704 per
1180 1633 1415 1702 singulas
1459 1638 1645 1684 noctes
1684 1628 1879 1682 lectum

293 1749 472 1797 suum,
491 1741 544 1787 et
590 1731 641 1785 in
667 1731 914 1801 lacrymis
944 1737 1165 1781 stratmn
1201 1740 1357 1779 suum
1387 1720 1610 1793 rigavit(
1636 1718 1776 1774 l’sal.
1806 1735 1876 1784 γι,

294 1826 326 1878 7
352 1824 393 1895 ).
424 1824 646 1892 Propter
676 1822 811 1875 hanc
838 1820 979 1873 enim
1037 1819 1249 1873 luerunt
1285 1815 1334 1871 ei
1363 1815 1612 1885 lacrymze
1648 1828 1759 1867 sua:
1791 1827 1881 1880 pa-

298 1917 383 1968 nis
400 1915 486 1970 die
516 1929 577 1968 ac
606 1922 782 1975 nocte,
813 1910 940 1966 dum
970 1909 1235 1963 diceretur
1260 1907 1308 1960 ei
1342 1921 1437 1976 per
1475 1904 1715 1975 singulos
1740 1903 1875 1967 dies,

303 2006 404 2062 Ubi
449 2015 522 2060 est
550 2003 688 2057 Deus
730 2000 879 2073 tuus(
910 2000 1052 2055 Psal.
1081 2015 1187 2063 xu,
1211 2000 1243 2053 4
1272 1998 1290 2067 )
1316 1998 1339 2051 ‘I
1368 1996 1485 2067 Ipse
1514 1997 1711 2067 quippe
1748 1995 1823 2048 ait
1856 2011 1872 2049 :

302 2098 470 2153 Unam
515 2097 635 2165 petii
667 2113 699 2149 a
742 2094 982 2158 Domino,
1012 2094 1143 2146 hanc
1163 2090 1439 2160 requirant,
1468 2097 1522 2142 ut
1542 2086 1817 2141 inhabilem
1830 2086 1881 2139 in

297 2191 449 2244 domo
475 2187 680 2241 Domini
710 2203 798 2257 per
820 2201 990 2239 omnes
1015 2184 1121 2236 dies
1144 2181 1259 2236 uiue
1295 2196 1440 2246 metu,
1469 2188 1523 2232 ut
1568 2178 1884 2247 contempler

298 2281 677 2337 delectationem
699 2277 926 2339 Domini,
948 2285 993 2330 et
1024 2283 1259 2345 protegar
1282 2272 1526 2342 templum
1553 2272 1699 2341 cjus(
1732 2269 1882 2323 Psal.

299 2388 445 2438 xxvi,
472 2372 507 2426 4
533 2371 573 2442 ).
600 2369 723 2426 Suis
745 2371 858 2439 ipse
875 2367 1162 2432 habitator,
1192 2365 1288 2434 ipsi
1305 2363 1583 2417 habitatio.
1609 2361 1710 2428 Qui
1742 2362 1884 2416 enim

300 2466 541 2521 habitant
566 2465 619 2518 in
661 2463 823 2517 domo
865 2461 979 2527 Dei,
1004 2459 1103 2530 ipsi
1146 2466 1273 2515 sunt
1300 2458 1463 2513 etiam
1516 2456 1705 2512 domus
1742 2456 1884 2510 Dei:

298 2573 420 2628 qua:
449 2555 837 2624 contemplatur
883 2551 1298 2607 delectationem
1339 2549 1475 2619 ejus,
1509 2556 1565 2605 et
1593 2546 1891 2617 protegitur

301 2646 561 2717 templum
598 2646 732 2714 ejus,
763 2652 819 2697 et
866 2640 1209 2697 absconditur
1249 2641 1303 2693 in
1342 2637 1663 2694 abscondito
1713 2638 1890 2692 vultus

301 2740 441 2809 ejus.
470 2738 617 2793 lianc
639 2751 788 2806 spem
818 2744 1079 2797 tenemus,
1109 2748 1222 2787 rem
1270 2731 1505 2786 nondum
1532 2728 1796 2785 videmus.
1828 2728 1891 2783 Si

302 2828 622 2900 autemquod
646 2845 747 2882 non
768 2827 992 2882 videmus
1015 2841 1299 2894 speramus,
1342 2840 1431 2895 per
1473 2823 1768 2895 patientiam
1806 2838 1895 2877 ea:-

303 2917 808 2989 spectamus(Rom.
855 2932 968 2983 vtu,
1011 2914 1225 2985 25),et
1274 2929 1368 2984 per
1403 2914 1712 2983 patientiam
1758 2912 1889 2967 mdi-

309 3021 550 3070 licanmr.

378 3103 604 3159 CAPUT
645 3102 731 3158 IV.
759 3133 827 3142 —
862 3103 914 3157 4.
956 3100 1365 3156 Fundamentum
1400 3111 1624 3155 nostrum
1654 3116 1891 3165 sursum,

308 3212 410 3249 non
436 3194 693 3248 deorsum.
717 3193 811 3246 Eia
861 3208 1012 3261 ergo,
1068 3192 1278 3255 fratres,
1308 3190 1355 3244 si
1399 3189 1742 3245 resurrexistis
1776 3205 1893 3242 cum

311 3286 535 3351 Christo,
558 3301 669 3348 qua:
691 3300 892 3339 sursum
918 3292 1038 3337 sunt
1080 3283 1308 3354 quwrite,
1360 3282 1446 3335 ubi
1491 3281 1720 3336 Christus
1745 3291 1816 3335 est
1844 3281 1898 3334 in

310 3379 517 3432 dextera
540 3375 632 3429 Dei
651 3376 828 3429 sedens
856 3390 876 3428 :
906 3389 1021 3445 qua
1059 3390 1255 3428 sursum
1279 3381 1397 3428 sunt
1422 3373 1604 3442 sapite,
1656 3389 1758 3425 non
1785 3387 1900 3439 qua

310 3485 467 3538 super
495 3475 681 3520 terram
710 3466 726 3533 (
753 3462 947 3520 Coloss.
999 3480 1075 3525 ιιι.
1108 3465 1131 3517 1
1161 3472 1206 3515 et
1226 3461 1307 3534 Ξ).
1336 3462 1461 3516 Ideo
1489 3464 1633 3517 enim
1661 3471 1716 3515 et
1739 3461 1897 3515 Chri-

310 3573 429 3615 stus
459 3557 859 3612 l'undamentum
904 3561 1144 3608 nostrum
1191 3554 1261 3606 ibi
1293 3553 1498 3622 positus
1546 3559 1648 3616 est,
1679 3559 1737 3604 ut
1771 3566 1895 3604 sur-

313 3666 433 3705 sum
476 3662 663 3702 versus
690 3645 1037 3700 ardiﬁccmur.
1068 3642 1216 3698 Sicut
1243 3642 1385 3696 enim
1415 3642 1646 3696 terrenis
1673 3640 1901 3695 molibus

312 3739 709 3805 construendis,
730 3752 955 3809 quarum
985 3736 1163 3806 gravia
1193 3749 1415 3804 corpora
1458 3748 1561 3787 non
1589 3733 1768 3801 utique
1799 3731 1900 3786 nisi

311 3835 383 3891 ad
412 3836 516 3889 ima
544 3832 858 3901 devergunt,
882 3833 933 3883 in
962 3831 1070 3882 imo
1105 3827 1317 3898 ponitur
1340 3825 1743 3880 fundamentum
1776 3842 1790 3879 :
1820 3824 1903 3880 sic

316 3928 472 3984 nobis
511 3944 541 3980 e
564 3924 833 3981 contrario
860 3937 1068 3976 sursum
1099 3931 1179 3975 est
1216 3920 1418 3990 positus
1446 3918 1579 3988 lapis
1601 3917 1691 3972 ille
1717 3915 1900 3972 funda-

315 4019 583 4085 mentalis,
606 4028 665 4073 ut
706 4031 918 4072 sursum
949 4029 1047 4068 nos
1085 4014 1252 4083 rapiat
1276 4012 1433 4067 etiam
1457 4011 1691 4081 pondere
1720 4010 1902 4065 chari-

317 4114 463 4169 tatis.
512 4111 776 4165 Alacriter
805 4123 932 4179 ergo
976 4124 1091 4160 cum
1120 4106 1296 4159 timore
1339 4112 1386 4158 et
1433 4114 1646 4157 tremore
1690 4112 1904 4157 uestram

313 4207 544 4276 ipsorum
564 4202 776 4256 salutem
819 4198 1118 4271 operamini.
1147 4196 1286 4250 Deus
1305 4195 1439 4248 enim
1466 4204 1537 4248 est
1559 4195 1645 4263 qui
1665 4203 1904 4265 aperatur

315 4298 372 4351 iu
425 4294 561 4350 vobis
585 4292 714 4347 velle
740 4301 787 4345 et
834 4292 1039 4362 operari
1066 4305 1157 4357 pro
1196 4287 1328 4341 bona
1359 4288 1617 4340 voluntate
1641 4286 1678 4337 ¹.
1714 4282 1903 4339 Omnia

316 4387 469 4458 facite
484 4384 594 4440 sine
619 4380 1055 4448 murmuratione(
1090 4378 1314 4449 Philipp.
1348 4393 1405 4437 ιι.
1437 4376 1608 4431 12-14
1637 4374 1676 4446 ).
1706 4375 1906 4429 Ειιαιιλ

314 4494 468 4548 quam
495 4475 690 4547 lapides
704 4474 800 4529 uiti
819 4472 1201 4542 coredi/icamini
1226 4472 1279 4524 in
1299 4470 1540 4537 templum
1560 4468 1656 4523 Dei
1681 4468 1740 4542 (l
1761 4467 1902 4526 Pelr.

320 4585 381 4633 ιι,
404 4569 486 4638 5,)
502 4574 593 4640 aet
614 4575 864 4634 tanquam
888 4564 1026 4634 ligna
1049 4560 1392 4632 imputribilia
1413 4560 1482 4614 de
1506 4560 1658 4615 vobis
1675 4560 1802 4630 ipsis
1823 4559 1905 4615 l'a-

319 4660 426 4714 cite
453 4657 673 4714 domum
702 4654 815 4710 Dei.
845 4652 1316 4725 Conquadramini,
1349 4650 1622 4718 dolamini,
1651 4651 1705 4705 in
1750 4650 1903 4705 labo-

321 4753 490 4815 ribus,
538 4750 592 4804 in
627 4746 1052 4809 necessitatibus,
1100 4746 1152 4800 in
1206 4743 1420 4814 vigiliis,
1475 4743 1528 4798 in
1560 4744 1808 4814 negotiis,
1836 4742 1905 4799 ad

292 4909 300 4915 ,
321 4859 483 4898 omne
506 4855 643 4912 opus
668 4842 868 4897 bonum
920 4838 1178 4909 paramini
1203 4855 1217 4891 :
1248 4846 1307 4891 ut
1330 4837 1383 4891 in
1408 4844 1607 4892 eterna
1633 4838 1739 4891 vita
1762 4837 1907 4892 velut

319 4948 580 5004 compage
615 4930 885 4987 societatis
916 4929 1246 5001 Angelorum
1297 4929 1639 4999 requiescere
1688 4943 1906 4983 merea-

323 5026 478 5083 mini.

393 5116 621 5174 CAPUT
650 5114 846 5172 V.—5.
876 5114 1237 5170 Habitaculum
1261 5121 1502 5169 eternium
1531 5129 1620 5183 per
1639 5130 1793 5184 opera
1819 5114 1912 5168 bo-

318 5230 393 5268 na
424 5211 838 5283 praeparandum.
869 5209 975 5263 Iste
998 5208 1142 5263 enim
1170 5207 1319 5262 locus
1348 5205 1714 5274 temporaliter
1738 5205 1909 5260 aediﬁ-

320 5312 479 5359 catus
502 5311 604 5367 est,
637 5315 735 5355 nec
760 5300 811 5354 in
836 5308 1096 5354 mternum
1121 5296 1331 5352 durabit
1361 5296 1536 5351 :sicut
1560 5305 1617 5351 et
1641 5297 1754 5367 ipsa
1804 5314 1905 5354 no-

319 5406 437 5452 stra
502 5406 730 5463 corpora
762 5431 777 5455 ,
835 5398 1050 5459 pr0pter
1100 5403 1326 5459 quorum
1381 5387 1756 5443 necessitatem
1809 5403 1908 5458 per

318 5500 489 5557 opera
514 5481 898 5539 misericordia:
924 5481 1092 5535 factus
1120 5490 1221 5547 est,
1256 5494 1361 5534 non
1388 5487 1513 5533 sunt
1533 5479 1713 5549 utique
1757 5496 1903 5535 sem-

322 5579 553 5648 piterna,
605 5572 701 5628 scd
749 5571 1057 5641 temporalia
1109 5577 1272 5641 atque
1316 5569 1585 5624 mortalia.
1615 5569 1909 5625 Habitatio-

390 5711 406 5738 ³
426 5705 546 5756 nditl
560 5740 576 5764 ,
590 5704 641 5755 in
665 5702 791 5754 vobis
812 5700 1070 5765 volentibus
1090 5700 1287 5765 operari
1306 5714 1393 5765 per
1415 5700 1585 5751 bonam
1606 5700 1908 5753 uoluntatem.

323 5770 621 5832 castigantur
638 5766 715 5818 hic
732 5772 784 5816 et
805 5764 911 5815 aliis
929 5764 1044 5815 locis
1062 5764 1127 5814 ad
1144 5764 1338 5827 optimae
1359 5771 1487 5815 nota
1514 5767 1880 5829 manuscriptos.

1551 311 1778 370 SEIUIO
1815 303 2235 365 CCCXXXVIII.

3418 292 3440 344 Ι
3456 286 3563 344 I78

1971 439 2082 476 nem
2109 431 2275 474 autem
2292 416 2538 471 habemus
2554 430 2615 468 ex
2644 412 2772 478 Deo,
2804 410 3009 466 domum
3034 423 3136 462 non
3161 402 3552 477 manufactamé,

1972 524 2211 567 (sternam
2237 513 2289 566 in
2324 508 2460 562 caelis
2518 508 2535 572 (
2554 504 2593 560 II
2624 503 2741 559 Cor.
2766 518 2822 569 v,
2854 500 2907 574 I)
2943 519 2956 555 :
2986 499 3075 555 ubi
3123 508 3180 557 et
3214 498 3329 568 ipsa
3374 504 3557 552 nostra

1973 619 2195 674 corpora
2234 598 2586 656 conversione
2632 594 3041 651 resurrectionis
3069 591 3308 646 emlestia
3334 599 3386 643 et
3413 603 3560 643 sem-

1976 697 2183 765 piterna
2213 693 2385 746 l'utttra
2408 700 2550 745 sunt.
2593 689 2662 743 Et
2710 701 2851 742 nunc
2894 683 3138 754 quamvis
3184 680 3418 735 nondum
3461 694 3558 749 per

1976 786 2235 856 Speciem,
2267 786 2405 839 sicut
2428 783 2530 837 erit
2559 780 2693 834 facie
2717 778 2784 832 ad
2815 778 3003 831 faciem
3033 773 3053 848 (
3080 776 3100 828 Ι
3133 771 3252 828 Cor.
3285 788 3401 838 xui,
3434 771 3556 840 I2),

1979 888 2155 933 tamen
2187 892 2281 945 per
2322 875 2477 928 ﬁdem
2509 872 2711 926 habitat
2762 871 2813 924 in
2853 868 3008 923 nobis
3063 866 3201 920 Deus
3244 882 3257 919 ε
3291 873 3346 918 et
3391 862 3441 917 ei
3487 863 3566 915 sic

1980 969 2235 1024 habitanti
2268 965 2625 1020 habitaculum
2657 977 2752 1032 per
2779 961 2918 1014 bona
2943 972 3107 1027 opera
3134 955 3417 1017 efﬁcimur;
3445 967 3565 1021 qua:

1979 1076 2139 1131 opera
2170 1069 2369 1113 aeterna
2399 1071 2506 1110 non
2537 1064 2681 1120 sunt,
2712 1052 2807 1107 sed
2842 1050 2908 1105 ad
2940 1059 3196 1104 aeternam
3246 1047 3407 1101 vitam
3444 1060 3567 1114 per-

1979 1151 2198 1206 ducunt.
2221 1150 2294 1203 Ex
2319 1147 2510 1217 quibus
2532 1154 2613 1200 est
2635 1153 2689 1199 et
2710 1144 2810 1197 hoc
2835 1156 2990 1211 opus,
3018 1154 3124 1209 quo
3146 1140 3242 1193 ista
3264 1136 3482 1191 basilica
3500 1135 3567 1188 l'a-

1982 1244 2182 1299 bricata
2195 1251 2306 1296 est:
2325 1256 2428 1294 non
2443 1240 2583 1293 enim
2600 1236 2731 1291 tales
2745 1234 2968 1289 fabricas
2983 1233 3052 1287 ibi
3067 1230 3428 1300 operabimur.
3449 1226 3569 1282 Nul-

1982 1337 2064 1390 lus
2081 1335 2150 1389 ibi
2171 1335 2318 1388 locus
2344 1331 2579 1385 ruiturus
2605 1326 2917 1391 aediﬁcatur,
2953 1338 3061 1394 quo
3097 1322 3273 1376 nullus
3301 1319 3570 1374 habitator

1982 1426 2273 1481 moriturus
2326 1420 2638 1492 ingreditur.
2670 1416 2819 1472 Nune
2854 1426 3029 1470 tamen
3077 1414 3146 1468 sit
3188 1413 3389 1467 bonum
3423 1419 3563 1464 tem-

1985 1517 2165 1587 porale
2188 1529 2323 1584 opus
2360 1520 2596 1568 vestrum
2622 1549 2638 1573 ,
2690 1517 2747 1562 ut
2798 1514 3000 1561 aeterna
3021 1505 3091 1559 sit
3120 1517 3324 1558 merces
3370 1509 3567 1555 vestra.

1984 1610 2157 1674 Nunc,
2213 1609 2454 1677 inquam,
2487 1602 2609 1658 ﬁdei
2639 1612 2692 1656 et
2718 1600 2833 1670 Spei
2865 1598 3082 1653 domum
3125 1595 3383 1667 Spirituali
3432 1593 3572 1649 dile‘

1985 1703 2162 1759 ctione
2186 1698 2482 1757 eonstruite
2507 1697 2558 1751 in
2580 1695 2726 1750 omni
2753 1706 2919 1762 opere
2941 1690 3103 1757 bono,
3130 1689 3272 1761 quod
3300 1699 3425 1743 tunc
3464 1699 3570 1740 non

1987 1796 2109 1860 erit;
2141 1795 2262 1864 quia
2292 1789 2583 1861 indigentia
2611 1786 2753 1842 nulla
2794 1785 2917 1841 erit.
2946 1782 3317 1838 Fundamenta
3345 1795 3474 1850 ergo
3520 1781 3572 1833 in

1989 1885 2244 1941 cordibus
2290 1882 2483 1937 vestris
2528 1878 2819 1950 apostolica
2848 1886 2903 1932 et
2931 1874 3240 1946 prophetica
3271 1874 3468 1927 monita
3494 1871 3577 1941 ja-

1987 1978 2127 2045 cite,
2181 1976 2534 2030 humilitatem
2586 1981 2818 2026 vestram
2865 1970 3007 2025 sicut
3049 1967 3410 2036 pavimentum
3461 1964 3580 2018 sine

1987 2068 2281 2125 olfeusione
2308 2064 2662 2136 prosternite;
2695 2061 2984 2115 salutarem
3011 2060 3064 2113 in
3096 2066 3277 2112 vestro
3303 2055 3463 2111 corde
3477 2055 3577 2109 do-

1989 2164 2215 2217 ctrinam
2243 2158 2572 2215 orationibus
2594 2163 2649 2210 et
2673 2152 3007 2209 sermonibus
3037 2160 3280 2220 tauquam
3306 2148 3471 2202 ﬁrmis
3488 2163 3582 2218 pa-

1991 2253 2213 2308 rietibus
2237 2248 2559 2305 communite
2581 2287 2596 2312 ,
2623 2244 2817 2300 divinis
2844 2257 2936 2297 eos
2976 2240 3292 2296 testimoniis
3331 2248 3581 2307 tanquam

1993 2342 2343 2397 luminaribus
2366 2340 2645 2404 illustrate,
2671 2335 2911 2391 inﬁrmos
2933 2333 3072 2388 sicut
3100 2334 3361 2386 columna:
3389 2329 3581 2384 suffer-

1993 2448 2063 2504 te,
2112 2438 2299 2506 inopes
2345 2435 2483 2489 sicut
2529 2441 2668 2487 tecta
2706 2428 3003 2500 protegite:
3033 2436 3092 2481 ut
3146 2424 3399 2480 Dominus
3443 2423 3583 2477 Deus

1995 2539 2178 2587 noster
2203 2544 2300 2600 pro
2328 2523 2704 2596 temporalibus
2731 2521 2884 2576 bonis
2903 2528 3101 2573 aeterna
3128 2517 3392 2581 restituat,
3416 2524 3470 2569 et
3490 2527 3586 2569 vos

1996 2622 2049 2677 in
2076 2629 2337 2677 azternum
2366 2616 2629 2687 perfectos
2653 2610 3038 2679 dedicatosque
3061 2607 3351 2678 possideat.

2417 2723 2646 2782 SERMO
2674 2719 3106 2781 cccxxxvnr
3130 2719 3234 2789 (a).

2428 2824 2479 2867 tn
2493 2816 2803 2867 Dedicatione
2822 2812 3065 2871 Ecclesiae,
3088 2826 3155 2860 ιιι.

2069 2924 2296 2983 CAPUT
2326 2920 2611 2979 PRIMUM.
2638 2951 2709 2960 —
2732 2920 2782 2972 I.
2820 2916 2965 2971 Bona
3014 2932 3168 2985 opera
3217 2914 3269 2966 in
3321 2911 3589 2980 manifesta

2000 3028 2138 3095 facta
2164 3018 2416 3089 duplicem
2439 3015 2621 3069 habent
2653 3012 2945 3067 utilitatem.
2974 3006 3199 3076 Quando
3226 3006 3363 3060 bona
3390 3018 3550 3073 opera
3573 3043 3588 3066 ,

1999 3117 2160 3171 etiam
2183 3128 2303 3182 qua:
2332 3121 2553 3182 propter
2580 3108 2745 3162 Deum
2770 3104 2923 3169 ﬁunt,
2949 3100 3254 3156 hominibus
3296 3096 3591 3153 ostendun-

2001 3216 2110 3272 tur,
2136 3220 2258 3261 cum
2288 3220 2350 3258 ea
2380 3201 2584 3257 faciunt
2608 3198 2732 3252 boni
2755 3206 2809 3251 et
2839 3193 3097 3264 religiosi,
3132 3208 3236 3246 non
3267 3190 3451 3245 laudes
3492 3189 3596 3241 hu-

2004 3312 2175 3353 mana:
2198 3303 2540 3365 expetuntur,
2573 3288 2666 3344 sed
2695 3285 2946 3341 imitanda
2964 3292 3349 3354 proponuntur.
3386 3280 3594 3348 Duplex

2002 3399 2087 3447 est
2110 3388 2256 3444 enim
2286 3382 2652 3439 misericordia
2673 3420 2687 3444 ,
2717 3395 2836 3449 qua:
2882 3377 2942 3430 ﬁt
2993 3376 3046 3430 in
3092 3376 3234 3429 bono
3261 3389 3442 3442 opere,
3472 3388 3595 3428 cor-

2008 3481 2204 3551 poralis
2239 3487 2296 3533 et
2314 3473 2626 3547 spiritualis.
2653 3468 3041 3531 Esnrientibus,
3070 3466 3390 3531 sitientibus,
3415 3465 3593 3529 nudis,

2004 3569 2303 3643 peregrinis
2357 3564 2623 3635 corporali
2673 3559 3042 3617 misericordia
3115 3556 3469 3611 subvenitur:
3499 3570 3595 3610 ea-

2003 3662 2129 3719 dem
2160 3672 2334 3714 tamen
2361 3658 2476 3727 ipsa
2507 3670 2628 3710 cum
2650 3651 3031 3715 ostenduntur,
3060 3659 3115 3704 et
3136 3648 3204 3704 ad
3246 3646 3597 3703 imitationem

2006 3761 2231 3807 caateros
2260 3754 2572 3820 provocant,
2605 3746 2768 3799 etiam
2798 3741 3016 3813 spiritus
3036 3748 3347 3808 mentesque
3364 3751 3596 3808 pascun-

2014 3852 2121 3898 tur.
2156 3841 2304 3897 AIius
2324 3840 2560 3913 pascitur
2586 3852 2750 3906 opere
2776 3835 2937 3898 bono,
2968 3833 3104 3887 alius
3130 3832 3374 3898 exemplo
3404 3829 3545 3885 bono
3575 3846 3591 3882 :

2008 3934 2167 3990 ambo
2191 3934 2331 3988 enim
2360 3932 2621 3986 esuriant.
2664 3929 2753 3983 Ille
2784 3928 2896 3981 vult
2923 3925 3166 3995 accipere
3213 3924 3353 3979 unde
3399 3923 3594 3985 alatur,

2012 4025 2101 4081 ille
2129 4026 2242 4080 vult
2261 4024 2445 4079 videre
2475 4021 2619 4093 quod
2653 4020 2907 4076 imitetur.
2939 4018 3117 4073 Monet
3140 4032 3237 4071 nos
3262 4016 3327 4070 de
3357 4014 3457 4069 hac
3498 4031 3596 4069 vce

2012 4119 2167 4173 ritate
2189 4116 2349 4172 etiam
2380 4114 2549 4169 sancti
2580 4111 2847 4181 Evangelii
2877 4110 3054 4175 lectio,
3084 4124 3203 4178 qua:
3253 4106 3412 4161 modo
3462 4107 3599 4161 reci-

2014 4218 2120 4264 tata
2150 4216 2251 4264 est.
2282 4204 2598 4262 Christianis
2624 4202 2765 4257 enim
2790 4200 2986 4255 dicitur
3033 4200 3085 4253 in
3118 4198 3282 4254 Deum
3327 4196 3599 4252 credenti-

2011 4300 2131 4367 bus,
2160 4298 2295 4354 bene
2323 4295 2686 4368 operantibus,
2709 4308 2859 4365 spem
2883 4292 3005 4346 vita:
3048 4299 3266 4345 aeterna:
3315 4304 3411 4359 pro
3440 4288 3599 4344 bonis

2013 4392 2262 4462 Operibus
2305 4388 2765 4457 exspectantibus,
2801 4383 2901 4439 Vos
2941 4384 3058 4438 estis
3087 4384 3251 4437 lumen
3292 4381 3489 4434 mundi.
3535 4380 3603 4434 Et

2014 4485 2275 4539 universa:
2318 4482 2513 4551 ubique
2557 4479 2763 4535 dilI‘usa:
2810 4476 3069 4531 Ecclesia:
3111 4474 3325 4538 dicitur,
3357 4470 3479 4527 Non
3510 4489 3603 4543 po-

2017 4586 2109 4632 test
2139 4578 2315 4631 civitas
2338 4574 2578 4629 abscondi
2621 4588 2780 4642 supra
2807 4580 3029 4624 montem
3054 4567 3323 4621 constituta
3371 4566 3389 4635 (
3413 4564 3599 4618 Matth.

2016 4688 2074 4738 ν,
2104 4670 2215 4737 ib).
2248 4668 2382 4733 Erit,
2407 4666 2593 4736 inquit,
2624 4662 2973 4718 innouissimis
3030 4657 3337 4731 temporibus
3387 4657 3602 4727 manife-

2016 4775 2123 4818 stus
2144 4778 2287 4816 mons
2315 4760 2493 4815 domus
2522 4758 2764 4821 Dammi,
2816 4764 3023 4827 paratus
3065 4753 3118 4805 in
3161 4750 3419 4805 cacumine
3462 4767 3603 4804 mons

2019 4858 2142 4911 tium
2164 4856 2182 4926 (
2205 4854 2334 4909 Isai.
2366 4869 2424 4917 ιι,
2450 4853 2532 4920 2).
2566 4852 2685 4922 Ipse
2706 4858 2789 4905 est
2810 4861 2986 4912 mons,
3009 4844 3098 4915 qui
3125 4860 3192 4898 ex
3235 4858 3400 4913 parvo
3428 4842 3605 4912 lapide

2018 4949 2206 5010 crevit,
2234 4956 2289 5000 et
2310 4956 2478 5000 totum
2504 4944 2689 4998 orbem
2736 4939 3029 4996 crescendo
3062 4937 3299 5007 implevit
3329 4934 3503 5009 (Dan.
3534 4952 3606 4998 ιι,

2020 5038 2109 5105 δι,
2138 5038 2252 5107 55).
2300 5037 2356 5092 In
2401 5038 2492 5095 illo
2538 5034 2830 5091 aediﬁcatur
2876 5032 3142 5096 Ecclesia,
3188 5046 3308 5102 qua:
3351 5031 3610 5087 abscondi

2020 5144 2125 5184 non
2148 5138 2344 5199 potest.

2088 5221 2315 5277 CAPUT
2336 5220 2529 5276 Il.—2.
2561 5218 2792 5272 Lucerna
2820 5217 2874 5271 in
2898 5214 3355 5271 candelabrm—1V
3360 5232 3483 5286 eque
3507 5230 3599 5266 ac-

2019 5318 2238 5372 cendunt
2280 5316 2559 5379 lucernam,
2589 5322 2636 5366 et
2664 5321 2858 5384 ponunt
2906 5327 3015 5365 eam
3036 5309 3129 5366 sub
3159 5309 3328 5363 modio
3351 5349 3367 5375 ,
3396 5308 3487 5362 sed
3514 5324 3610 5361 sur-

2021 5426 2111 5480 per
2138 5407 2516 5470 candelabrum,
2549 5416 2603 5458 ut
2626 5405 2787 5459 luceat
2817 5402 3049 5456 omnibus
3074 5402 3161 5470 qui
3212 5400 3266 5453 in
3309 5400 3460 5452 domo
3490 5407 3612 5451 sunt

2023 5499 2236 5573 (Matth.
2269 5514 2323 5562 v,
2345 5498 2455 5566 l5).
2478 5496 2623 5551 Bene
2652 5495 2885 5549 occurrit
2911 5494 3089 5557 lectio,
3120 5490 3334 5562 quando
3359 5490 3612 5544 candela-

2022 5592 2116 5646 bra
2144 5589 2476 5654 dedicantur,
2509 5596 2567 5642 ut
2591 5588 2663 5641 sit
2687 5585 2775 5655 qui
2802 5594 3058 5654 operatur
3089 5584 3303 5637 lucerna
3327 5582 3497 5649 posita
3552 5582 3605 5636 in

2086 5704 2104 5724 '
2128 5699 2418 5750 Emendatus
2436 5701 2618 5761 pariter
2636 5698 2694 5747 ad
2712 5697 2787 5747 cb.
2815 5695 2846 5745 f.
2868 5709 2909 5745 r.
2931 5702 2967 5745 t.
2990 5710 3035 5761 v.
3058 5704 3109 5745 et
3131 5694 3187 5761 ad
3214 5701 3316 5745 Par.
3342 5698 3452 5742 tor.

2088 5765 2159 5829 (a)
2185 5761 2327 5823 Alias,
2351 5757 2476 5811 inter
2499 5760 2683 5811 additos
2705 5772 2731 5808 a
2755 5760 3101 5809 Parisiensibus
3128 5757 3199 5805 Π.
