4108 6326
506 245 646 305 ωε

501 364 837 421 candelabro.
865 364 1099 420 Lucerna
1123 373 1202 420 est
1229 366 1370 420 enim
1399 364 1559 421 homo
1595 369 1684 437 qui
1726 370 1860 424 bene
1885 385 2072 441 opera-

500 467 604 510 tur.
633 455 894 523 Quod_est
915 467 1092 510 autem
1121 457 1534 512 candelabrum?
1569 458 1700 512 Mihi
1739 471 1906 514 autem
1947 463 2074 515 absit

498 547 725 616 gloriari,
749 547 844 598 nisi
870 547 921 599 in
947 564 1094 601 cruce
1123 548 1325 603 Domini
1355 552 1512 604 nostri
1560 550 1594 604 .l
1599 569 1686 605 esu
1715 551 1900 607 Christi
1929 553 1947 627 (
1973 554 2068 608 Ga-

499 640 588 688 lat.
623 651 695 701 v1,
721 635 828 706 14).
847 637 946 704 Qui
969 653 1096 708 ergo
1111 639 1686 695 secundumCIn-istum
1717 643 1860 708 facit,
1875 656 1926 698 et
1951 660 2074 713 pro-

498 733 616 793 pter
642 724 912 780 Christum
943 725 1091 792 facit,
1124 741 1182 782 ut
1212 744 1316 783 non
1346 730 1604 800 glorietur
1631 733 1730 786 nisi
1754 734 1806 786 in
1833 733 2068 799 Christo,

497 815 877 871 candelabrum
902 826 1003 870 est.
1034 818 1232 872 Luceat
1257 821 1523 881 omnibus,
1551 823 1769 876 videant
1792 824 1930 892 quod
1956 825 2073 877 imi-

501 914 677 957 tentur
707 922 719 959 :
753 920 855 958 non
881 907 986 959 sint
1013 908 1166 976 pigri,
1198 925 1302 964 non
1349 911 1485 963 aridi
1514 913 1530 942 ¹
1567 928 1579 963 :
1616 914 1783 981 prosit
1826 914 1967 983 quod
1996 915 2074 967 vi-

496 995 653 1058 dent;
688 1011 792 1049 non
822 998 928 1050 sint
955 998 1123 1052 oculis
1146 1000 1407 1062 videntes,
1437 1011 1491 1054 et
1512 1003 1763 1056 cordibus
1791 1005 1939 1058 caeci.

567 1086 788 1140 CAPUT
814 1087 898 1140 Ill.
928 1118 1000 1126 —
1023 1089 1075 1142 5.
1105 1089 1313 1143 Domini
1338 1104 1587 1162 prwcepta
1615 1094 1715 1146 duo
1761 1095 1813 1147 in
1859 1095 2072 1164 speciem

497 1177 752 1229 contraria
778 1179 1134 1233 conciliantur.
1159 1181 1263 1235 Sed
1287 1198 1353 1236 ne
1381 1183 1517 1238 forte
1572 1194 1817 1238 occurrat
1864 1186 2021 1240 alicui
2051 1228 2068 1252 ,

497 1265 636 1331 quod
671 1267 924 1320 Dominus
948 1268 1084 1321 bona
1115 1285 1274 1338 opera
1303 1271 1447 1324 velut
1483 1272 1632 1340 jubet
1673 1273 1948 1340 abscondi,
1982 1275 2070 1328 ubi

497 1357 644 1420 dicit,
675 1354 854 1410 Cavete
879 1363 1044 1427 facere
1055 1360 1308 1428 justitiam
1335 1373 1548 1414 vestram
1573 1379 1742 1416 coram
1763 1365 2067 1431 hominibus,

500 1457 552 1497 ut
581 1447 852 1500 videamini
871 1449 932 1500 ab
962 1450 1073 1511 eis;
1101 1451 1326 1520 alioquin
1370 1454 1646 1507 mercedem
1684 1472 1783 1506 non
1832 1457 2070 1510 habebitis

495 1536 634 1603 apud
653 1536 857 1590 Patrem
877 1549 1091 1592 vestrum
1115 1542 1200 1608 qui
1228 1543 1279 1594 in
1296 1543 1430 1596 caelis
1449 1554 1523 1597 est
1567 1547 1583 1612 (
1611 1543 1799 1598 Matth.
1834 1563 1883 1599 vr
1909 1588 1924 1610 ,
1950 1549 1974 1601 1
2002 1547 2020 1617 )
2051 1565 2065 1601 :

497 1625 658 1678 debet
677 1629 901 1695 quaestio
929 1630 1028 1682 ista
1056 1630 1296 1697 dissolvi,
1353 1642 1410 1686 ut
1459 1637 1762 1690 noverimus
1809 1639 2068 1706 quemad-

495 1715 709 1770 modum
739 1717 964 1771 Domino
989 1720 1437 1789 obtemperemns,
1470 1738 1568 1777 nec
1587 1726 1959 1794 obtemperare
1996 1727 2068 1782 illi

495 1823 599 1862 non
627 1810 912 1878 possimus,
945 1827 1066 1865 eum
1093 1828 1214 1866 eum
1245 1825 1429 1868 contra
1455 1814 1647 1884 jubere
1671 1818 1936 1874 audimus.
1960 1819 2070 1874 Hac

494 1899 656 1964 dicit,
688 1899 910 1954 Luceant
929 1917 1083 1972 Opera
1108 1913 1270 1956 vestra
1323 1921 1492 1958 coram
1544 1907 1848 1972 hominibus,
1891 1920 1947 1963 ut
1990 1911 2067 1964 vi-

494 1990 644 2042 deant
673 1990 802 2043 bona
839 1995 974 2059 facta
1002 2001 1164 2045 vestra
1195 2008 1213 2046 :
1242 1993 1342 2047 hac
1361 1995 1488 2048 dicit
1515 2035 1530 2059 ,
1587 1995 1764 2051 Cavete
1790 1998 1957 2066 facere
1971 2000 2068 2068 ju-

493 2081 680 2134 stitiam
705 2092 916 2134 vestram
944 2099 1115 2135 coram
1135 2084 1438 2150 hominibus,
1472 2096 1525 2140 ut
1559 2089 1827 2142 videamini
1874 2090 1937 2143 ab
1976 2091 2064 2145 eis.

495 2172 668 2226 Vultis
697 2188 854 2227 nosse
875 2189 1034 2242 quant
1061 2175 1130 2228 sit
1169 2175 1266 2229 ista
1317 2179 1542 2245 quaestio
1587 2177 1924 2235 dissolvenda
1947 2221 1963 2247 ,
2015 2191 2070 2236 et

493 2264 594 2317 nisi
625 2263 962 2330 dissolvatur,
995 2265 1218 2320 moleste
1248 2266 1370 2331 erit,
1395 2267 1440 2321 si
1491 2279 1764 2324 remaneat
1790 2270 2019 2326 insoluta
2045 2272 2068 2325 ?

492 2354 718 2427 Quidam
750 2354 994 2410 homines
1045 2355 1240 2412 iaciunt
1278 2358 1432 2428 bene,
1461 2368 1516 2420 et
1545 2361 1731 2422 timent
1767 2362 1935 2423 viden
1969 2381 1984 2434 ;
2014 2372 2070 2424 et

493 2453 636 2506 omni
666 2453 862 2518 studio,
890 2463 1145 2524 quantum
1174 2465 1416 2524 possunt,
1445 2460 1760 2530 cooperinnt
1792 2459 1930 2514 bona
1949 2475 2071 2530 ope-

494 2558 550 2597 ra
581 2557 696 2596 sua.
723 2543 956 2613 Captant
980 2545 1191 2614 quando
1219 2547 1484 2601 neminem
1515 2548 1728 2603 videant
1755 2566 1769 2602 :
1805 2558 1928 2604 tunc
1971 2551 2069 2605 ali-

491 2635 616 2706 quid
645 2637 941 2705 porrigunt,
973 2638 1222 2694 timentes
1270 2654 1336 2693 ne
1384 2639 1656 2696 offendant
1697 2640 1750 2695 in
1782 2642 1909 2697 illud
1935 2658 2070 2712 pra:-

491 2733 704 2795 ceptum
754 2727 843 2781 ubi
878 2726 1075 2781 dictum
1111 2737 1212 2791 est,
1269 2728 1445 2784 Cavete
1493 2734 1660 2802 facere
1685 2733 1943 2802 justitiam
1985 2749 2069 2787 ve-

491 2828 648 2870 stram
671 2833 842 2869 coram
869 2817 1170 2883 hominibus,
1197 2829 1252 2871 ut
1274 2820 1545 2874 videamini
1599 2822 1662 2875 ab
1708 2825 1798 2876 eis.
1827 2823 1942 2878 Non
1973 2839 2070 2878 au-

495 2916 599 2960 tem
629 2907 885 2960 Dominus
908 2907 1068 2976 jussit
1095 2909 1231 2964 bona
1258 2925 1417 2979 opera
1440 2911 1716 2979 abscondi,
1748 2913 1842 2968 sed
1867 2913 1921 2968 in
1965 2914 2068 2969 bo-

497 2997 581 3051 nis
607 2999 858 3066 operibus
884 2998 1092 3052 laudem
1117 3001 1396 3055 humanam
1452 3019 1559 3057 non
1606 3005 1859 3075 cogitare.
1914 3006 2070 3060 Deni-

492 3103 597 3158 que
625 3105 742 3142 cum
775 3089 926 3151 dixit,
957 3087 1134 3144 Cavete
1159 3095 1324 3161 facere
1336 3095 1593 3164 justitiam
1633 3109 1850 3151 vestram
1897 3115 2069 3153 coram

494 3177 775 3230 hominibus
801 3194 820 3229 .'
851 3177 937 3229 ubi
964 3178 1167 3232 ﬁnivit?
1201 3178 1267 3232 Ut
1288 3181 1560 3236 videamini
1608 3187 1670 3239 ab
1716 3187 1808 3240 eis.
1831 3187 1904 3242 Ut
1949 3188 2070 3244 ideo

494 3266 708 3332 faciant,
751 3275 807 3320 ut
850 3266 1128 3322 videantur
1152 3269 1219 3324 ab
1252 3269 1587 3338 hominibus;
1641 3275 1780 3330 hunc
1831 3278 2058 3333 fructum

493 3355 617 3410 boni
649 3356 825 3424 operis
844 3366 1104 3425 quierant,
1153 3358 1294 3414 hunc
1340 3359 1556 3418 ferant:
1591 3365 1721 3418 nihil
1775 3367 1918 3421 aliud
1972 3384 2069 3423 ex-

493 3455 755 3517 spectent,
787 3447 918 3501 nihil
961 3450 1254 3518 superioris
1280 3463 1335 3506 et
1362 3455 1596 3511 cmlestis
1639 3460 1907 3514 commodi
1940 3477 2070 3517 con-

493 3543 787 3612 cupiscant.
829 3543 935 3598 Sed
977 3547 1021 3599 si
1052 3545 1174 3601 ideo
1222 3548 1394 3602 solum
1447 3551 1622 3617 faciat,
1674 3561 1732 3606 ut
1777 3553 2066 3612 laudetur:

493 3632 596 3688 hoc
628 3635 895 3704 prohibuit
925 3637 1200 3693 Dominus.
1234 3638 1412 3695 Cavete
1441 3645 1627 3714 facere.
1657 3645 1975 3710 Quomodo?
2003 3649 2070 3704 Ut

492 3723 763 3778 videamini
789 3725 850 3778 ab
876 3728 966 3780 eis.
998 3727 1192 3785 Cavete
1224 3729 1364 3786 hunc
1391 3731 1590 3789 habere
1629 3734 1880 3806 fructum,
1919 3740 2073 3796 visio-

494 3829 616 3868 nem
650 3814 944 3870 hominum.

565 3906 789 3963 CAPUT
816 3906 905 3962 lV.
937 3939 1004 3949 —
1047 3912 1102 3966 4.
1132 3910 1198 3966 In
1223 3911 1352 3968 bono
1401 3931 1550 3984 opere
1603 3917 1804 3973 laudem
1847 3932 2071 3977 nostram

492 4013 716 4067 quwrere
745 3999 1086 4068 prohibemur.
1113 4001 1272 4057 Jubet
1319 4015 1495 4060 autem
1543 4008 1706 4063 videri
1759 4026 1922 4080 opera
1974 4029 2071 4068 no-

492 4097 624 4153 stra,
657 4098 712 4142 et
733 4088 879 4154 dicit,
912 4089 1076 4145 Nemo
1105 4093 1329 4146 accendit
1354 4095 1644 4165 lucernam,
1666 4109 1711 4153 et
1763 4103 1907 4172 ponit
1961 4120 2072 4158 eam

491 4179 583 4232 sub
611 4181 796 4245 modio,
825 4183 914 4234 sed
950 4200 1100 4255 super
1141 4185 1529 4256 candelabrum,
1554 4200 1606 4244 ut
1637 4192 1798 4247 luceat
1842 4197 2071 4250 omnibus

491 4269 646 4338 quiin
671 4270 819 4325 domo
843 4283 978 4325 sunt.
1015 4275 1097 4339 Et,
1128 4275 1217 4330 Sic
1238 4278 1434 4333 luceant
1487 4297 1640 4351 opera
1691 4296 1852 4338 vestra
1900 4303 2071 4341 coram

494 4361 794 4428 hominibus,
836 4373 888 4416 ut
935 4365 1375 4439 videant,'inquit,
1421 4371 1551 4425 bona
1599 4379 1736 4444 facta
1781 4388 1964 4432 vestra.
2005 4380 2073 4435 Et

493 4467 599 4506 non
621 4453 691 4506 ibi
714 4455 968 4510 remansit
998 4473 1012 4508 :
1041 4457 1154 4522 sed,
1179 4458 1460 4528 gloriﬁcent
1481 4504 1497 4528 ,
1521 4465 1826 4532 subjunxit,
1865 4468 2071 4525 Patrem

493 4554 732 4612 vestrum,
763 4547 850 4615 qui
870 4547 919 4599 in
937 4547 1075 4601 caelis
1099 4559 1172 4602 est
1203 4548 1327 4620 (Id.
1358 4566 1412 4615 v,
1448 4554 1559 4626 16).
1583 4557 1737 4612 Aliud
1766 4568 1848 4613 est
1882 4560 1933 4615 in
1974 4563 2070 4616 bo-

495 4651 565 4689 no
590 4652 752 4706 opere
779 4654 1018 4706 quterere
1060 4641 1268 4696 laudem
1321 4652 1484 4708 tuam,
1509 4647 1649 4701 aliud
1698 4660 1779 4704 est
1827 4653 1878 4706 in
1931 4653 2072 4708 bono

494 4741 657 4796 opere
703 4744 944 4798 qumrere
987 4731 1199 4786 laudem
1259 4733 1374 4788 Dei.
1430 4735 1652 4801 Quando
1708 4742 1902 4809 quaeris
1951 4744 2069 4798 lau-

493 4816 615 4871 dem
640 4826 804 4886 tuam,
837 4819 890 4874 in
918 4820 1124 4878 visione
1175 4824 1448 4879 hominum
1486 4829 1788 4884 remansisti
1819 4832 2070 4902 :qnando

492 4908 688 4975 quaeris
715 4908 925 4964 laudem
955 4910 1087 4978 Dei,
1117 4922 1369 4968 teternam
1395 4916 1617 4986 gloriam
1648 4922 1943 4990 acquisisti.
1982 4923 2070 4979 Sic

491 5013 621 5070 ergo
670 4999 950 5066 faciamus,
979 5011 1040 5056 ut
1059 5018 1163 5058 non
1189 5005 1464 5061 videamur
1484 5008 1550 5062 ab
1573 5010 1876 5067 hominibus
1905 5055 1920 5078 ,
1967 5014 2072 5070 hoc

491 5099 594 5156 est,
624 5091 702 5145 sic
729 5091 1002 5160 faciamus,
1036 5103 1094 5151 ut
1123 5095 1379 5152 visionem
1408 5097 1683 5153 hominum
1708 5117 1804 5172 pro
1825 5105 2071 5160 mercede

492 5198 598 5237 non
631 5199 929 5253 quarramus
959 5203 972 5240 :
1003 5187 1096 5267 sed
1127 5188 1202 5243 sic
1229 5187 1518 5257 faciamus,
1550 5203 1656 5248 uta
1685 5195 1990 5252 videntibus
2018 5209 2071 5254 et

495 5274 822 5330 imitantibus
850 5276 1071 5348 gloriam
1103 5279 1194 5334 Dei
1245 5296 1546 5351 quaeramus
1580 5293 1635 5340 et
1686 5301 2070 5356 cognoscamus

496 5364 637 5434 quod
667 5365 711 5420 si
737 5381 834 5421 nos
854 5367 986 5423 tales
1015 5383 1119 5423 non
1142 5368 1359 5439 faceret,
1386 5373 1518 5428 nihil
1549 5388 1807 5432 essemus.

559 5519 578 5549 ³
601 5522 676 5568 Sic
694 5517 877 5581 aliquot
899 5527 1003 5571 Mss.
1029 5529 1085 5571 Δι
1108 5521 1244 5583 editi,
1266 5535 1361 5574 non
1396 5525 1547 5577 avari.

1724 255 1779 310 S.
1821 253 2184 312 AUGUSTINI
2225 256 2526 315 EPISCOPI

3623 274 3762 334 1480

2567 373 2799 432 saeuo
2835 377 3230 439 cccxxxw
3265 386 3365 459 (a).

2577 488 2628 532 ln
2644 483 2726 534 die
2747 487 3066 540 Ordinationis
3085 503 3208 553 suae,
3230 510 3246 544 ι
3269 494 3359 558 (lt).

2250 603 2476 660 CAPUT
2505 606 2783 664 PRIMUM.
2813 641 2882 650 ——
2912 612 2962 665 1.
3006 612 3237 668 Sarcinte
3286 619 3583 687 episcopalis
3623 639 3758 688 pon-

2181 695 2296 748 dus.
2327 697 2407 748 Ad
2448 697 2702 752 hominum
2747 702 2919 755 laudes
2959 707 3207 772 quomodo
3245 707 3456 773 a/fectus
3504 711 3759 782 Augusti-

2181 804 2295 839 nus.
2325 787 2620 842 llodiernus
2651 790 2764 844 dies
2805 793 2924 857 iste,
2951 795 3161 861 fratres,
3194 798 3440 852 admonet
3467 817 3552 854 me
3578 812 3760 855 atten-

2184 881 2284 932 tius
2309 881 2542 949 cogitare
2562 882 2822 936 sarcinam
2848 901 3039 938 meam.
3067 887 3141 942 De
3158 889 3306 957 cujus
3322 890 3555 957 pondere
3569 894 3762 946 etiam-

2181 968 2225 1021 si
2272 968 2398 1021 mihi
2448 970 2562 1024 dies
2594 982 2880 1042 noctesque
2925 977 3258 1045 cogitandum
3291 981 3378 1042 sit,
3438 985 3618 1036 nescio
3646 1001 3756 1053 quo

2183 1069 2358 1113 tamen
2395 1061 2554 1114 modo
2604 1063 2998 1119 anniversarius
3039 1068 3138 1122 iste
3190 1071 3305 1124 dies
3359 1073 3596 1142 impingit
3636 1090 3756 1127 eam

2180 1150 2431 1204 sensibus
2462 1152 2614 1215 meis,
2647 1162 2702 1205 ut
2727 1153 2794 1206 ab
2822 1169 2883 1208 ea
2915 1158 3190 1224 cogitanda
3237 1161 3453 1215 omnino
3499 1163 3756 1216 dissimu-

2180 1237 2290 1292 lare
2316 1255 2418 1292 non
2448 1243 2666 1310 possim.
2688 1243 2966 1312 thnanto
2987 1248 3110 1300 anni
3133 1249 3423 1326 accedunt,
3455 1251 3561 1306 imo
3587 1253 3754 1307 dece-

2177 1328 2328 1394 dunt,
2353 1347 2554 1400 nosque
2587 1335 2991 1404 propiuquiorcs
3020 1337 3218 1393 faciunt
3241 1339 3345 1395 diei
3369 1343 3556 1396 ultimo
3583 1385 3600 1409 ,
3651 1345 3758 1398 uti-

2177 1439 2280 1492 qne
2303 1425 2620 1495 quandoque
2646 1427 2762 1480 sine
2787 1427 3117 1484 dubitatione
3145 1441 3400 1498 venturo;
3448 1444 3591 1488 tanto
3622 1435 3754 1490 mihi

2177 1528 2258 1568 est
2299 1517 2473 1570 acrior
2517 1519 2785 1588 cogitatio,
2836 1529 2888 1574 et
2926 1521 3174 1576 stimulus
3219 1524 3235 1555 ⁸
3271 1523 3495 1592 plenior,
3543 1528 3756 1596 qualem

2181 1605 2401 1659 Domino
2429 1607 2536 1661 Deo
2563 1619 2745 1664 nostro
2771 1612 3027 1666 rationem
3061 1615 3254 1682 possim
3282 1617 3507 1671 reddere
3534 1633 3630 1688 pro
3654 1634 3756 1672 vo-

2176 1697 2278 1752 bis.
2307 1697 2416 1753 lloc
2444 1700 2584 1753 enim
2612 1703 2832 1756 interest
2871 1703 3009 1758 inter
3051 1723 3475 1778 unumquemque
3520 1721 3756 1766 vestrum

2177 1796 2230 1839 et
2247 1803 2362 1850 nos,
2381 1789 2521 1858 quod
2543 1805 2636 1844 vos
2667 1807 2802 1860 pene
2824 1792 2891 1848 de
2916 1794 3065 1849 vobis
3086 1796 3214 1851 solis
3239 1797 3496 1852 reddituri
3517 1800 3646 1854 estis
3663 1817 3758 1856 ra-

2178 1877 2396 1942 tionem,
2430 1895 2527 1934 nos
2551 1890 2726 1934 autem
2754 1892 2810 1936 et
2832 1882 2900 1936 de
2925 1885 3078 1938 nobis
3105 1885 3252 1941 etde
3274 1888 3524 1941 omnibus
3573 1890 3753 1943 vobis.

2179 1966 2301 2022 Ideo
2329 1970 2498 2037 major
2516 1980 2597 2024 est
2622 1972 2829 2026 sarcina
2865 1973 2999 2028 :sed
3054 1975 3188 2030 bene
3232 1986 3436 2044 portata
3492 1979 3754 2046 majorem

2178 2068 2454 2128 Comparat
2481 2059 2726 2128 gloriam;
2760 2061 3046 2117 infideliter
3071 2073 3247 2118 autem
3274 2077 3421 2135 gesta
3451 2067 3516 2120 ad
3567 2069 3758 2121 imma-

2175 2148 2447 2202 nissimam
2472 2152 2762 2220 praecipitat
2784 2168 3016 2221 pinnam.
3062 2154 3197 2223 Quid
3248 2171 3376 2226 ergo
3419 2157 3547 2212 mihi
3597 2160 3758 2214 hodie

2175 2239 2408 2294 maxime
2436 2239 2758 2309 faciendum,
2787 2244 2888 2297 nisi
2911 2254 2968 2298 ut
2988 2246 3356 2300 commendem
3405 2249 3554 2304 vobis
3607 2250 3756 2319 peri-

2175 2331 2351 2386 culum
2372 2347 2569 2400 meum,
2602 2343 2660 2392 ut
2688 2334 2803 2393 sitis
2831 2335 3080 2409 gaudium
3101 2341 3317 2396 meum?
3349 2340 3646 2394 Periculum
3669 2358 3760 2397 au-

2177 2437 2284 2481 tem
2310 2444 2485 2483 memn
2515 2440 2620 2497 est,
2652 2432 2980 2486 siattendam
3007 2437 3274 2502 quomodo
3291 2434 3534 2502 laudatis,
3562 2444 3618 2492 et
3646 2435 3760 2489 dis-

2175 2519 2418 2574 simulem
2449 2522 2716 2590 quomodo
2737 2523 2947 2577 vivatis.
2979 2525 3070 2578 ille
3104 2535 3281 2580 autem
3335 2529 3499 2593 novit,
3529 2529 3629 2581 sub
3659 2542 3760 2583 cu-

2169 2607 2258 2676 jus
2283 2609 2451 2664 oculis
2473 2611 2679 2680 loquor,
2711 2612 2818 2667 imo
2838 2613 2937 2667 sub
2960 2614 3111 2682 cujus
3130 2616 3299 2669 oculis
3315 2617 3506 2686 cogito,
3532 2633 3634 2671 non
3667 2635 3757 2673 me

2177 2706 2283 2750 tam
2333 2697 2587 2754 delectari
2635 2700 2876 2756 laudibus
2916 2704 3277 2773 popularibus,
3305 2721 3462 2775 quam
3491 2707 3755 2762 stimulari

2175 2800 2228 2843 ct
2253 2791 2375 2859 angi
2401 2792 2670 2861 quomodo
2695 2795 2871 2848 vivant
2895 2796 2982 2863 qui
3026 2812 3112 2849 me
3138 2797 3369 2852 laudant.
3401 2799 3624 2853 Laudari
3651 2817 3754 2854 an-

2178 2890 2280 2935 tem
2307 2897 2335 2935 a
2358 2883 2496 2937 male
2539 2884 2835 2939 viventibus
2857 2886 3000 2950 nolo,
3023 2887 3307 2953 abhorreo,
3339 2889 3574 2945 detestor
3606 2909 3620 2944 :
3651 2892 3754 2945 do-

2178 2972 2275 3026 lori
2324 2974 2452 3027 mihi
2500 2985 2603 3040 est,
2651 2992 2754 3030 non
2781 2977 3055 3047 voluptati.
3085 2978 3310 3034 Laudari
3347 2991 3524 3037 autem
3552 2999 3579 3036 a
3617 2984 3756 3039 bene

2177 3064 2494 3129 viventibus,
2527 3066 2570 3119 si
2600 3065 2927 3133 dicamnolo,
2953 3070 3184 3123 mentior
3214 3072 3293 3126 :si
3315 3073 3485 3128 dicam
3516 3076 3658 3136 volo,
3688 3077 3757 3128 li-

2177 3169 2298 3208 meo
2349 3171 2414 3208 ne
2444 3157 2540 3209 sim
2565 3157 2830 3210 inanitatis
2859 3160 3193 3228 appetentior
3243 3177 3398 3232 quam
3448 3165 3750 3219 soliditatis.

2180 3244 2323 3312 Ergo
2349 3246 2476 3313 quid
2509 3246 2720 3301 dicam?
2745 3247 2852 3302 Nec
2877 3249 3034 3318 plene
3086 3251 3226 3313 volo,
3277 3268 3375 3307 nec
3419 3255 3571 3322 plene
3605 3257 3749 3310 nolo.

2176 3332 2290 3386 Non
2307 3333 2460 3401 plene
2476 3335 2616 3400 volo,
2650 3352 2715 3388 ne
2745 3336 2797 3389 in
2829 3337 2984 3392 laude
3025 3339 3254 3394 humana
3298 3344 3566 3413 pericliter
3595 3364 3610 3400 :
3642 3362 3750 3401 non

2179 3425 2336 3493 plene
2363 3425 2507 3489 nolo,
2541 3440 2607 3478 ne
2627 3425 2815 3495 ingrati
2843 3427 2950 3480 sint
2972 3429 3163 3497 quibus
3197 3433 3446 3500 praidico.

2247 3513 2470 3570 CAPUT
2510 3515 2572 3568 ll.
2601 3546 2673 3556 —
2712 3517 2767 3569 9..
2816 3516 2950 3572 Cura
2990 3521 3053 3573 de
3094 3522 3309 3576 aliorum
3354 3525 3516 3579 salute
3560 3537 3751 3596 quanta

2175 3605 2410 3676 imposita
2425 3607 2677 3675 episcopo.
2701 3608 2918 3663 Sarciua
2942 3621 3117 3665 autem
3140 3628 3255 3666 mea
3281 3623 3382 3678 est,
3409 3626 3564 3685 quam
3589 3617 3751 3671 modo

2175 3698 2417 3763 audistis,
2444 3713 2563 3752 cum
2597 3699 2834 3754 Ezechiel
2861 3703 3112 3772 propheta
3137 3705 3416 3774 legeretur.
3449 3708 3638 3762 Parnm
3665 3721 3750 3765 est

2176 3789 2317 3842 enim
2359 3789 2480 3858 quia
2520 3789 2633 3844 dies
2663 3791 2776 3859 ipse
2818 3793 3067 3848 admonet
3096 3810 3192 3849 nos
3219 3797 3459 3852 eamdem
3487 3800 3750 3854 sarcinam

2175 3878 2445 3947 cogitare:
2475 3879 2690 3948 insuper
2733 3880 2888 3934 etiam
2921 3882 3042 3937 talis
3069 3884 3225 3938 lectio
3247 3887 3464 3942 recitata
3498 3897 3598 3953 est,
3630 3905 3754 3958 qua)

2176 3969 2330 4022 nobis
2371 3969 2591 4023 incutiat
2617 3984 2862 4039 magnum
2900 3971 3142 4026 timorem
3167 4014 3182 4040 ,
3228 3983 3287 4027 ut
3311 3975 3436 4045 quid
3478 3987 3754 4044 portemus

2175 4059 2501 4129 cogitemus;
2546 4060 2668 4129 quia
2711 4061 2812 4113 nisi
2843 4060 3114 4115 nobiscum
3145 4063 3232 4132 qui
3260 4063 3509 4133 imposuit
3553 4077 3749 4135 portet,

2177 4149 2470 4204 delicimus.
2502 4149 2642 4204 Ecce
2666 4150 2886 4205 audistis
2914 4168 2927 4203 :
2959 4149 3117 4205 Terra
3140 4193 3155 4217 ,
3204 4153 3396 4223 inquit,
3424 4172 3574 4224 super
3595 4173 3753 4224 quam

2177 4240 2423 4293 indusero
2452 4239 2676 4310 gladium
2698 4281 2713 4302 ,
2755 4251 2801 4293 et
2849 4248 3066 4311 posuerit
3103 4243 3197 4296 sibi
3237 4245 3634 4313 exploratorem,
3665 4247 3755 4314 qui

2177 4331 2344 4384 videat
2385 4331 2614 4400 gladium
2644 4332 3068 4399 superrenientem
3088 4372 3104 4396 ,
3146 4344 3191 4385 et
3219 4334 3352 4386 dicat
3381 4343 3426 4387 et
3451 4334 3708 4387 denuntiet
3734 4351 3754 4388 :

2177 4423 2220 4476 si
2248 4423 2468 4475 veniente
2492 4431 2657 4474 autent
2683 4423 2852 4491 gladio
2879 4431 3040 4477 taceat
3065 4424 3152 4477 ille
3167 4423 3479 4493 explorator,
3500 4439 3549 4478 et
3570 4443 3754 4495 super-

2177 4513 2372 4566 veniens
2413 4511 2612 4582 gladius
2657 4529 2810 4580 super
2852 4525 3156 4582 peccatorent
3175 4556 3190 4579 ,
3235 4514 3468 4580 occidat;
3518 4527 3754 4584 peccator

2175 4604 2372 4674 quidem
2405 4619 2494 4670 pro
2534 4620 2626 4656 sua
2666 4605 2926 4674 iniquitate
2953 4605 3217 4669 morietur,
3261 4606 3555 4676 sanguinem
3581 4617 3756 4660 autem

2176 4694 2288 4764 ejus
2311 4692 2374 4745 de
2399 4709 2552 4745 manu
2581 4693 2916 4763 exploratoris
2954 4695 3221 4764 inquiram.
3272 4696 3333 4750 Si
3371 4711 3535 4750 autem
3572 4699 3758 4751 viderit

2175 4782 2402 4853 gladium
2421 4783 2841 4850 superveniemem
2862 4822 2878 4847 ,
2905 4791 2951 4836 et
2976 4783 3093 4836 tuba
3117 4786 3373 4862 cecinerit,
3393 4796 3442 4839 et
3469 4787 3762 4839 annuntio--

2176 4875 2320 4940 verit,
2349 4882 2397 4927 et
2423 4873 2514 4926 ille
2536 4873 2615 4926 cui
2645 4876 2912 4928 annuntiat
2941 4890 3040 4928 non
3066 4876 3422 4941 observaverit;
3447 4877 3534 4930 ille
3551 4878 3758 4946 quidm

2246 5029 2261 5062 ι
2283 5033 2420 5076 Forte
2433 5062 2447 5085 ,
2468 5024 2690 5076 stimulis.

2240 5091 2257 5110 ‘
2285 5087 2570 5136 Emendatus
2591 5087 2650 5135 ad
2667 5087 2788 5136 duos
2803 5085 2865 5136 cl.
2897 5086 2956 5136 ad
2979 5100 3054 5150 gr.
3097 5101 3138 5136 r.
3179 5101 3270 5137 rm.
3299 5098 3337 5137 t.
3379 5098 3430 5140 et
3450 5091 3508 5139 ad
3536 5099 3636 5139 Am.
3678 5098 3756 5142 Er.

2175 5159 2281 5202 Pal‘.
2299 5157 2409 5198 liov.

2260 5213 2311 5274 ᾳ)
2336 5208 2472 5274 alias,
2501 5209 2562 5258 ‘25
2579 5222 2648 5274 es
2665 5208 2726 5258 50
2748 5209 2974 5274 tiomiliis.

2260 5215 2311 5274 a)
2336 5215 2472 5266 alias,
2501 5215 2562 5258 θ’..ἓὶ
2579 5222 2640 5258 ex
2665 5215 2726 5258 50
2748 5215 2974 5259 Homiliis.

2239 5215 2310 5334 lli)
2333 5272 2529 5336 Habitus
2550 5268 2736 5336 scilicet
2756 5270 3152 5336 in‘anniversario
3183 5274 3397 5336 suscepti
3431 5275 3756 5336 episcopatus,

2177 5330 2327 5404 quem
2351 5333 2482 5404 diem
2502 5330 2714 5404 Natalem
2743 5333 2954 5404 episcopi
2993 5330 3563 5404 appellabantftﬁatalitia
3596 5330 3762 5398 optati

2180 5393 2593 5456 'i‘ltamugadensis
2628 5393 3039 5456 rlrequentis'simor
3059 5393 3430 5444 ’Donatistarum
3483 5393 3759 5454 conventu,

2176 5453 2404 5519 quamdiu
2433 5453 2520 5519 ille
2540 5454 2681 5519 vixit,
2701 5453 2938 5519 celebrari
2957 5453 3092 5519 solita
3114 5464 3454 5504 commemorat
3471 5453 3762 5519 augustinus

2178 5514 2226 5566 in
2247 5519 2390 5589 epist;
2426 5514 2532 5569 108.
2557 5527 2620 5589 ll.-
2652 5516 2798 5589 ὕδει
2831 5515 3024 5589 ia‘libro
3046 5517 3077 5565 2
3097 5525 3262 5586 conU‘a
3286 5519 3484 5586 Litteras
3524 5514 3761 5589 tfetiliaui.

2177 5576 2414 5639 mij'I),
2465 5589 2514 5639 np.
2561 5576 2638 5623 53.
2688 5577 2822 5623 Diem
2853 5579 2998 5639 etiam
3041 5579 3420 5625 anniversarium
3451 5578 3761 5634 ordinationis

2181 5636 2356 5686 Aurelii
2386 5637 2773 5702 carthaginensis
2815 5636 3156 5702 celebrandum
3192 5640 3424 5701 postridie
3459 5651 3571 5690 esse
3609 5643 3761 5702 signi.

2180 5701 2286 5748 ticat
2298 5712 2440 5759 supra
2464 5699 2512 5747 in
2534 5698 2628 5748 line
2651 5711 2796 5746 serm.
2829 5700 2930 5750 111.
