4036 6450
239 307 358 364 N8!

237 421 285 474 in
318 431 410 471 sua
451 414 712 483 tniquttate
747 422 1007 471 moratur.
1049 408 1337 478 explorator
1382 415 1546 459 autem
1588 406 1810 457 animant

239 525 373 566 suam
442 506 685 559 liberavit.
742 504 807 558 Et
859 516 952 566 tu,
1010 502 1085 569 ﬁli
1128 500 1382 561 hominis,
1445 498 1815 567 exploratorem

237 600 368 671 posui
400 606 447 651 te
489 597 608 665 filiis
638 594 825 649 Israel.
875 593 1133 662 Exposuit
1172 590 1296 662 quid
1326 590 1520 645 dixerit
1558 588 1811 658 gladium,

236 688 473 760 exposuit
508 686 634 757 quid
676 684 870 739 dixerit
911 683 1327 751 exploratorem,
1374 678 1620 749 exposuit
1654 692 1812 749 quam

238 782 423 839 dixerit
481 789 730 835 mortem.
785 776 898 831 Non
938 791 1036 831 nos
1094 773 1335 844 permisit
1387 773 1439 826 in
1493 772 1815 826 obscuritate

239 873 475 930 lectionis
512 884 769 926 excusare
825 869 1197 939 negligentiam
1249 874 1505 919 nostram.
1565 863 1723 917 Posui
1769 872 1815 914 te

238 982 382 1037 ergo,
427 963 629 1033 inquit,
678 961 1065 1033 exploratorem.
1140 958 1202 1015 Si
1269 958 1444 1012 dixero
1514 955 1802 1027 peccatori,

238 1058 397 1113 Morte
434 1054 683 1118 morieris,
729 1063 776 1107 et
813 1064 866 1107 tu
913 1053 1147 1116 tacueris,
1192 1059 1236 1104 et
1276 1051 1362 1105 ille
1402 1051 1454 1103 in
1499 1058 1701 1118 peccato
1725 1063 1814 1099 suo

237 1158 455 1202 mortuus
483 1146 674 1216 fuerit;
707 1144 796 1198 ille
817 1144 1016 1214 quidem
1040 1144 1093 1197 in
1122 1152 1322 1214 peccato
1358 1157 1450 1194 suo
1478 1139 1713 1191 morietur
1738 1137 1817 1189 di-

236 1250 327 1303 gne
350 1240 394 1286 et
410 1233 553 1303 juste
574 1273 589 1297 ,
616 1230 915 1301 sanguinem
943 1238 1108 1282 autem
1137 1229 1246 1300 ejus
1272 1228 1335 1280 de
1362 1242 1515 1278 manu
1540 1233 1625 1277 tua
1652 1222 1818 1293 requi-

236 1342 362 1381 ram.
409 1324 471 1378 Si
505 1334 672 1376 autem
696 1332 750 1375 tu
778 1321 966 1375 dixeris
994 1319 1263 1389 peccaturi,
1296 1317 1462 1370 Morte
1486 1315 1741 1378 morieris,
1771 1322 1817 1365 et

234 1417 319 1472 ille
338 1431 391 1470 se
420 1431 522 1469 non
560 1413 927 1478 observaverit;
955 1412 1043 1466 ille
1068 1412 1119 1465 in
1146 1411 1407 1482 iniquitate
1433 1424 1526 1463 sua
1553 1408 1811 1471 morietur,

236 1519 288 1561 tu
305 1522 419 1560 vero
444 1506 669 1559 animam
696 1512 833 1558 tuam
861 1503 1081 1557 liberasti
1104 1501 1315 1572 (Ezech.
1340 1515 1531 1563 χχχιιι,
1557 1498 1705 1567 2-9).

302 1595 527 1652 CAPUT
580 1594 663 1649 Ill.
704 1623 779 1636 —
819 1595 874 1649 '5.
939 1593 1073 1648 Suos
1106 1594 1338 1647 hortatur
1381 1602 1437 1644 ut
1478 1592 1645 1661 ipsum
1691 1589 1813 1642 bene

232 1688 443 1742 viventes
486 1684 721 1739 relevent.
763 1683 1017 1739 Relevate
1068 1699 1231 1753 ergo,
1282 1683 1509 1747 fratres,
1575 1681 1814 1735 relevate

233 1777 495 1833 sarcinam
526 1791 730 1839 meam,
754 1785 807 1830 et
834 1783 1042 1846 portate
1068 1789 1297 1828 mecum.
1330 1774 1471 1828 Bene
1501 1773 1681 1827 vivite.
1706 1771 1814 1825 Na-

233 1868 353 1923 talis
388 1866 601 1922 Domini
632 1866 904 1933 imminet,
944 1864 1239 1935 pascendos
1269 1865 1526 1920 habemus
1556 1879 1811 1935 compan-

237 1971 395 2028 peres
424 1964 661 2022 nostros,
684 1964 739 2010 et
763 1971 883 2010 eum
904 1957 982 2011 eis
1010 1954 1449 2010 communicanda
1470 1962 1553 2009 est
1582 1953 1817 2007 humani-

230 2058 333 2104 tas.
358 2046 526 2103 Vobis
550 2056 727 2102 autem
753 2046 950 2102 fercula
978 2062 1094 2101 mea
1116 2046 1277 2100 verba
1304 2046 1401 2101 ista
1424 2054 1545 2099 sunt
1566 2062 1577 2097 :
1598 2058 1817 2114 pascere

232 2151 420 2194 omnes
458 2153 599 2208 pane
639 2138 900 2193 tractabili
943 2144 998 2191 et
1040 2136 1233 2192 visibili
1278 2152 1383 2190 non
1429 2135 1655 2190 sufficio.
1691 2134 1817 2188 Inde

228 2242 410 2298 pasco,
436 2226 580 2283 unde
606 2242 810 2298 pascor.
840 2227 1078 2282 Minister
1129 2242 1267 2290 sum,
1291 2226 1671 2297 paterfamilias
1712 2240 1817 2279 non

228 2334 367 2373 sum.
398 2317 529 2372 Inde
555 2317 707 2371 vobis
733 2332 973 2387 appono,
1008 2317 1148 2373 unde
1177 2329 1231 2372 et
1256 2332 1355 2386 ego
1408 2319 1547 2371 vivo.
1591 2318 1665 2370 De
1704 2317 1821 2370 the-

229 2424 395 2465 sauro
442 2408 748 2475 dominico,
793 2408 860 2463 de
898 2408 1071 2478 epulis
1098 2409 1240 2462 illius
1268 2406 1662 2479 patrisfamilias
1686 2448 1701 2468 .
1730 2406 1821 2477 qui

227 2510 454 2571 propter
496 2515 598 2555 nos
634 2514 835 2571 pauper
879 2498 1055 2554 factus
1084 2508 1200 2567 est,
1230 2515 1349 2555 cum
1380 2500 1529 2553 dives
1553 2507 1729 2565 esset,
1761 2507 1820 2553 ut

226 2590 347 2662 ejus
390 2598 708 2661 paupertate
754 2604 853 2645 nos
890 2589 1181 2645 ditaremur
1228 2589 1310 2661 (ll
1337 2589 1453 2644 Cor.
1482 2606 1597 2656 vni,
1629 2588 1663 2644 9
1692 2591 1730 2659 ).
1763 2589 1820 2645 Si

227 2696 427 2751 panem
474 2681 630 2736 vobis
678 2695 931 2751 ponerem
956 2681 989 2751 ,1
1018 2680 1184 2736 fracto
1224 2696 1363 2752 pane
1406 2682 1610 2752 singula
1650 2681 1820 2737 frusta

222 2771 462 2827 ablaturi
491 2772 653 2826 eratis
679 2789 694 2825 :
721 2772 821 2826 etsi
852 2787 952 2843 ego
977 2772 1199 2826 multum
1223 2787 1497 2841 ponerem,
1530 2788 1813 2842 perparum

226 2861 296 2916 ad
321 2862 570 2933 singulos
608 2863 930 2932 perveniret.
963 2861 1120 2917 Modo
1166 2870 1343 2916 autem
1388 2862 1529 2932 quod
1572 2862 1722 2927 dico,
1768 2868 1824 2919 et

223 2967 423 3009 omnes
448 2961 619 3007 totum
645 2952 862 3019 habent,
890 2960 942 3007 et
964 2951 1157 3022 singuli
1184 2952 1379 3022 quique
1407 2960 1577 3006 totum
1603 2952 1821 3008 habent.

222 3043 505 3114 Numquid
527 3043 669 3099 enim
694 3044 842 3098 verbi
864 3043 968 3098 mei
991 3043 1129 3098 inter
1149 3058 1245 3097 vos
1270 3042 1502 3114 syllabas
1529 3042 1824 3100 divisistis?

222 3132 503 3205 Numquid
529 3133 694 3203 ipsius
720 3133 963 3203 producti
990 3134 1254 3188 sermonis
1277 3134 1483 3204 singula
1508 3134 1668 3189 verba
1696 3136 1824 3191 abs-

219 3226 475 3282 tulistis?
522 3223 901 3297 Unusquisque
956 3234 1193 3281 vestrum
1237 3233 1408 3280 totum
1454 3225 1697 3281 audivit:
1730 3226 1826 3283 sed

220 3316 410 3373 videat
436 3316 711 3387 quomodo
732 3317 968 3383 audivit;
998 3316 1121 3387 quia
1146 3325 1395 3387 erogatur
1414 3330 1554 3384 sum,
1590 3333 1697 3373 non
1725 3333 1823 3373 ex-

220 3415 403 3462 actor.

289 3499 351 3553 4.
396 3495 687 3565 Evangelio
704 3503 937 3561 terretur,
956 3511 1018 3547 ne
1036 3495 1311 3564 episcopali
1331 3510 1480 3548 onere
1503 3494 1665 3563 posito
1692 3509 1827 3547 secu-

214 3589 416 3643 riorem
428 3586 592 3640 vitam
614 3584 822 3655 deligat.
837 3583 984 3638 Servi
998 3592 1071 3636 est
1086 3596 1321 3653 erogare;
1337 3583 1563 3649 Domini,
1581 3583 1827 3637 rationem

216 3682 453 3752 exigere.
476 3677 655 3733 Sinon
676 3691 913 3746 erogem,
932 3684 986 3729 et
1006 3676 1281 3746 pecuniam
1302 3690 1531 3741 servem,
1550 3683 1714 3729 terret
1740 3689 1827 3730 me

214 3768 619 3841 Evangelium.
650 3767 871 3822 Possem
901 3767 1043 3821 enim
1070 3768 1284 3822 dicere:
1312 3767 1448 3836 Quid
1478 3768 1606 3822 mihi
1628 3775 1709 3822 est
1730 3774 1825 3821 fte-

224 3863 320 3920 dio
351 3874 490 3917 esse
514 3857 837 3923 hominibus,
868 3857 1045 3914 dicere
1075 3856 1289 3927 iniquis,
1313 3858 1495 3928 lnique
1515 3871 1671 3928 agere
1693 3858 1829 3913 noli-

229 3962 311 4021 te,
344 3955 435 4008 sic
456 3950 625 4021 agite,
646 3949 725 4004 sic
743 3964 899 4019 agere
924 3948 1201 4005 desistite?
1230 3949 1365 4017 Quid
1407 3950 1534 4003 mihi
1568 3957 1649 4005 est
1678 3949 1827 4003 oneri

214 4059 345 4101 esse
376 4041 742 4100 hominibus?
789 4041 987 4111 Accepi
1025 4042 1293 4112 quomodo
1322 4042 1495 4095 vivam
1520 4084 1535 4107 ,
1562 4040 1828 4111 quomodo

206 4138 407 4193 .mssus
434 4150 590 4200 sum,
618 4132 887 4205 quomodo
914 4141 1213 4203 prmceptus
1239 4148 1378 4199 sum,
1409 4132 1673 4203 assignem
1692 4147 1826 4202 quo-

212 4227 386 4284 modo
407 4225 605 4295 accepi
628 4241 644 4279 :
666 4223 735 4280 de
755 4224 873 4279 aliis
894 4239 980 4280 me
1004 4222 1229 4279 reddere
1250 4224 1510 4279 rationem
1530 4239 1634 4293 quo
1659 4222 1828 4277 mihi?

211 4318 590 4389 Evangelium
637 4330 723 4371 me
770 4323 955 4371 terret.
1004 4315 1134 4369 Nam
1174 4314 1241 4368 ad
1288 4314 1441 4368 istam
1488 4314 1825 4369 securitatem

209 4409 625 4466 otiosissimam
650 4421 807 4462 nemo
833 4422 919 4462 me
946 4407 1203 4462 vinceret.
1228 4404 1369 4459 Nihil
1395 4413 1477 4460 est
1506 4405 1715 4472 melius,
1748 4406 1831 4459 ni-

209 4504 287 4560 ail
315 4502 551 4559 dulcius
571 4540 587 4567 ,
614 4515 773 4570 quam
798 4499 1035 4555 divinum
1064 4498 1289 4553 scrutari
1312 4539 1327 4563 ,
1357 4497 1502 4553 nullo
1528 4505 1825 4567 strepente,

208 4590 778 4651 thesaurum:dulce
825 4600 927 4653 est,
978 4590 1177 4644 bonum
1223 4597 1326 4643 est.
1378 4587 1696 4653 Priedicare,
1742 4603 1829 4642 ar-

204 4702 385 4759 guere
402 4728 421 4755 ,
449 4682 764 4754 corripere,
793 4682 1060 4738 aedificare
1078 4721 1094 4748 ,
1125 4696 1222 4750 pro
1248 4694 1563 4752 unoquoque
1589 4688 1828 4748 satagere

204 4795 484 4853 maguum
515 4792 680 4843 onus,
706 4791 955 4846 magnum
984 4773 1191 4844 pondus
1211 4814 1226 4839 ,
1255 4787 1478 4844 magnus
1500 4772 1667 4827 labor.
1698 4772 1828 4839 Quis

202 4890 318 4931 non
348 4870 611 4941 refugiat
635 4868 795 4923 istum
818 4866 1094 4922 laborem?

275 4961 538 5020 CAPUT
580 4959 668 5015 lV.
713 4988 784 4999 —-
827 4958 934 5014 Sed
982 4964 1146 5013 terret
1190 4955 1551 5026 Evangelium.
1600 4954 1829 5009 Proces-

197 5055 275 5112 sit
319 5054 571 5127 quidam
611 5063 834 5117 servus,
879 5058 934 5104 et
970 5048 1044 5103 ait
1082 5048 1299 5103 domino
1340 5061 1438 5101 suo
1466 5064 1479 5099 :
1509 5046 1743 5101 Sciebam
1782 5056 1829 5101 te

198 5148 489 5203 hominem
526 5139 829 5207 molestum,
870 5148 1052 5194 metere
1080 5138 1161 5192 ubi
1185 5154 1286 5192 non
1306 5138 1599 5202 seminasti;
1633 5138 1824 5193 servam

200 5237 503 5310 pecuniam
538 5242 702 5295 tuam,
731 5231 871 5285 nolui
895 5246 1005 5284 eam
1024 5245 1249 5301 erogare,
1274 5228 1391 5283 tolle
1405 5228 1540 5300 quod
1565 5238 1705 5281 tuum
1728 5238 1822 5282 est.

197 5329 261 5384 Si
294 5322 531 5397 aliquid
564 5321 743 5376 minus
766 5329 883 5385 est,
915 5319 1087 5375 indica
1113 5320 1129 5351 ¹
1158 5336 1174 5384 ;
1219 5319 1264 5374 si
1309 5318 1571 5388 integrum
1600 5318 1826 5381 est,noli

197 5420 343 5477 mihi
373 5416 661 5474 molestus
688 5427 829 5469 esse.
861 5413 949 5467 Ait
974 5420 1150 5467 autem
1177 5410 1267 5466 ille
1292 5428 1304 5465 :
1328 5409 1483 5465 Serve
1506 5426 1739 5479 nequam,
1764 5426 1826 5464 ex

197 5531 292 5569 ore
309 5523 411 5567 tuo
434 5520 489 5565 te
504 5505 878 5562 condemnabo.
897 5505 1071 5572 Quare
1093 5503 1227 5559 hoc?
1247 5501 1379 5571 Quia
1395 5518 1611 5558 avarum
1643 5501 1826 5556 dixisti

198 5620 334 5671 me;
372 5604 549 5659 lucra
579 5613 699 5653 mea
738 5612 903 5670 quare
946 5596 1263 5667 neglexisti?
1291 5594 1396 5653 Sed
1423 5595 1570 5651 timui
1606 5594 1731 5651 dare
1760 5609 1828 5650 ne

268 5764 288 5794 ι
318 5755 692 5820 llas,ij

472 5841 717 5903 8Αιιετ.
766 5839 1044 5901 Aunusr.
1082 5839 1157 5899 V.

1615 248 2113 350 sanna-tetigt.

1970 230 2057 252 ...αλ

3364 291 3506 356 1482

1922 405 2205 473 perderem
2237 421 2251 459 :
2282 403 2382 459 hoc
2410 404 2565 459 dicis.
2596 404 2914 475 Plerumque
2942 404 3083 461 enim
3109 404 3336 463 dicitur:
3364 408 3502 477 Quid

1921 498 2182 566 corripis?
2210 498 2357 553 Perit
2386 498 2451 552 ad
2480 498 2622 553 illum
2650 498 2788 570 quod
2816 498 2949 553 dicis
2968 540 2983 564 ,
3020 514 3126 554 non
3159 508 3210 555 te
3243 501 3408 555 audit.
3439 502 3505 556 Et

1922 601 2023 656 ego
2042 629 2055 651 ,
2081 588 2252 658 inquit
2288 588 2375 644 ille
2394 632 2410 655 ,
2442 589 2588 644 nolui
2616 590 2744 644 dare
2768 633 2783 655 ,
2813 607 2880 645 ne
2908 592 3184 659 perderem
3216 594 3494 662 pecuniam

1923 685 2089 731 tuam.
2116 677 2229 750 Ego
2252 680 2451 735 veniens
2477 698 2592 734 cum
2620 684 2786 735 usuris
2815 684 3061 752 exigerem
3093 682 3241 753 (Luc.
3267 700 3381 749 xIx,
3407 683 3505 741 2!-

1922 767 2037 839 25).
2058 770 2422 839 Erogatorem,
2443 772 2626 842 inquit,
2652 787 2931 843 posueram
2954 783 3023 837 te,
3050 790 3155 827 non
3178 786 3502 835 exactorem.

1923 858 2001 913 Tu
2028 874 2305 915 exerceres
2330 865 2689 931 erugationem
2709 905 2724 929 ,
2754 864 2882 918 mihi
2914 865 3241 934 relinqueres
3268 868 3501 921 exactio.

1924 966 2067 1005 nem.
2095 952 2207 1007 Hoc
2236 969 2363 1024 ergo
2393 956 2584 1010 timens
2613 956 2972 1026 unusquisque
2992 998 3006 1021 ,
3036 956 3210 1010 videat
3233 957 3501 1027 quomodo

1922 1041 2168 1112 accipiat.
2205 1043 2260 1099 Si
2291 1059 2389 1114 ego
2414 1060 2641 1116 erogans
2670 1046 2833 1101 timeo
2856 1086 2871 1113 ,
2913 1047 3004 1116 qui
3047 1046 3240 1118 accipit
3280 1060 3501 1103 securus

1922 1147 2041 1187 esse
2064 1133 2256 1188 debet?

1991 1225 2217 1281 CAPUT
2240 1225 2305 1280 V.
2327 1257 2397 1266 —
2423 1227 2476 1283 5.
2510 1226 2755 1281 Hortatur
2776 1237 2831 1281 ut
2850 1228 2999 1281 vitam
3020 1236 3208 1282 mutent
3227 1228 3281 1283 in
3300 1229 3501 1284 melius.

1931 1314 2097 1369 Vitam
2126 1317 2285 1370 solam
2324 1334 2423 1370 non
2464 1328 2642 1371 curant
2685 1318 2909 1371 homines
2949 1318 3129 1371 habere
3169 1319 3371 1373 bonam.
3403 1318 3503 1386 Qui

1924 1408 2094 1463 malus
2122 1408 2218 1463 fuit
2246 1409 2379 1473 heri,
2403 1408 2573 1463 bonus
2593 1408 2660 1462 sit
2681 1408 2857 1463 hodie.
2880 1409 3000 1463 llaec
3020 1418 3101 1463 est
3120 1423 3249 1479 ergo
3267 1410 3505 1479 erogatio

1922 1515 2058 1554 mea.
2076 1499 2174 1568 Qui
2193 1500 2362 1554 malus
2380 1500 2475 1554 fuit
2490 1500 2624 1565 heri,
2650 1500 2817 1555 bonus
2837 1501 2904 1555 sit
2920 1500 3095 1556 hodie.
3114 1500 3280 1555 Malus
3297 1500 3506 1555 fuitbe-

1923 1594 1989 1656 ri,
2002 1601 2055 1646 et
2067 1608 2169 1646 non
2183 1601 2263 1647 est
2282 1603 2542 1646 mortuus.
2566 1592 2621 1646 Si
2642 1603 2880 1646 mortuus
2897 1601 3057 1657 esset,
3082 1604 3135 1647 et
3153 1594 3324 1647 malus
3339 1604 3501 1658 esset,

1923 1685 2055 1739 isset
2083 1683 2221 1739 unde
2250 1700 2354 1739 non
2377 1684 2662 1739 redisset‘.
2689 1684 2855 1739 Malus
2882 1684 2977 1738 fuit
2999 1684 3133 1751 heri,
3155 1685 3283 1739 vivit
3304 1684 3498 1740 hodie:

1924 1776 2089 1845 prosit
2132 1775 2205 1829 illi
2254 1775 2395 1845 quod
2443 1775 2608 1841 vivit,
2655 1789 2760 1828 non
2791 1774 2928 1829 male
2960 1775 3123 1828 vivat.
3169 1775 3344 1842 Quare
3373 1790 3503 1846 ergo

1922 1867 2028 1922 diei
2077 1868 2329 1923 hesterno
2375 1867 2692 1921 hodiernum
2737 1868 2849 1921 vult
2878 1867 3075 1922 addere
3105 1869 3337 1922 malum?
3362 1867 3506 1922 Lun-

1922 1974 2041 2027 gam
2070 1959 2230 2012 vitam
2261 1959 2339 2011 vis
2370 1957 2600 2017 habere:
2630 1958 2824 2011 bonam
2853 1974 2959 2011 non
2987 1958 3106 2012 vis?
3132 1958 3261 2025 Quis
3288 1959 3505 2027 longum

1924 2048 2355 2103 feratmalumvel
2382 2048 2889 2118 prandium?Usque
2916 2049 3051 2103 adeo
3067 2052 3279 2105 czecitas
3309 2051 3505 2105 mentis

1924 2140 2172 2195 ocealluit
2196 2141 2239 2206 ’,
2267 2155 2433 2208 usque
2462 2139 2595 2193 adeo
2622 2139 2813 2194 surdus
2855 2148 2936 2193 est
2969 2139 3129 2193 homo
3172 2140 3425 2205 interior,
3448 2148 3505 2193 ut

1925 2230 2101 2283 omnia
2128 2228 2264 2282 bona
2292 2228 2419 2281 velit
2440 2227 2637 2281 habere
2662 2238 2856 2297 prmter
2883 2229 3157 2297 seipsum?
3185 2229 3272 2283 Vis
3304 2229 3504 2284 habere

1926 2318 2144 2372 villam?
2169 2317 2314 2387 Nego
2343 2327 2395 2372 te
2425 2316 2621 2372 habere
2646 2318 2781 2372 velle
2814 2317 3006 2371 malam
3038 2316 3233 2370 villam.
3275 2316 3509 2373 Uxorem

1924 2410 2007 2464 vis
2037 2409 2267 2464 habere?
2291 2408 2406 2463 Non
2434 2410 2515 2464 vis
2540 2410 2640 2463 nisi
2666 2410 2857 2465 bonam
2881 2427 2894 2463 :
2917 2408 3132 2463 domum
3158 2409 3369 2464 nonnisi
3408 2409 3508 2465 bo-

1926 2517 2071 2556 nam.
2099 2501 2236 2570 Quid
2264 2516 2473 2556 curram
2505 2516 2602 2570 per
2628 2501 2875 2571 singula?
2911 2499 3146 2571 Caligam
3178 2516 3284 2556 non
3311 2501 3390 2556 vis
3412 2500 3511 2554 ha-

1925 2595 2056 2650 bere
2079 2594 2304 2659 malam,
2334 2601 2389 2649 et
2414 2593 2496 2648 vis
2524 2593 2723 2647 habere
2746 2593 2908 2647 vitam
2941 2592 3172 2647 malam?
3200 2592 3360 2659 Quasi
3391 2593 3512 2662 plus

1928 2686 2023 2740 tibi
2045 2692 2236 2739 noceat
2264 2684 2399 2739 mala
2422 2684 2611 2755 caliga,
2636 2699 2795 2756 quam
2824 2684 2929 2737 vita
2960 2684 3118 2737 mala.
3144 2684 3275 2737 Cum
3306 2684 3397 2738 tibi
3422 2698 3486 2738 ca

1931 2776 2036 2848 liga
2066 2776 2203 2830 mala
2233 2786 2287 2830 et
2313 2776 2597 2831 constricta
2625 2775 2885 2840 nocuerit,
2913 2774 3091 2841 sedes,
3118 2774 3407 2828 disealceas
3432 2780 3509 2839 te,

1929 2866 2137 2937 abjicis,
2179 2876 2271 2921 aut
2312 2866 2532 2936 corrigis
2553 2907 2569 2932 ,
2612 2875 2703 2919 aut
2729 2874 2936 2931 mulas,
2968 2879 3033 2918 ne
3057 2864 3277 2935 digitum
3306 2862 3509 2929 laedas;

1930 2965 1986 3013 et
2009 2958 2216 3013 calceas
2244 2967 2313 3012 te.
2340 2956 2473 3011 Mala
2502 2958 2607 3012 vita
2634 2966 2745 3024 est,
2781 2971 2882 3026 qua
2917 2956 3146 3010 animam
3171 2955 3367 3026 perdis.
3405 2955 3513 3011 Sed

1931 3049 2089 3120 plane
2118 3048 2219 3103 hoc
2244 3048 2399 3103 video
2428 3048 2566 3103 unde
2599 3048 2817 3102 fallaris.
2843 3046 3021 3117 Caliga
3050 3061 3248 3101 nocens
3274 3048 3514 3101 dolorem

1930 3140 2074 3208 facit,
2094 3140 2200 3195 vita
2230 3155 2428 3195 nocens
2455 3139 2776 3208 voluptatem
2806 3157 2819 3191 :
2848 3136 2973 3191 illud
3003 3144 3177 3211 nocet_
3209 3136 3335 3191 illud
3366 3136 3515 3190 libet.

1931 3230 2036 3287 Sed
2076 3230 2218 3301 quod
2244 3229 2310 3285 ad
2344 3239 2552 3299 tempus
2581 3228 2741 3289 libet.
2782 3236 2967 3296 postea
2993 3227 3143 3296 pejus
3168 3226 3333 3281 dolet.
3365 3225 3517 3293 Quod

1932 3330 2109 3376 autem
2137 3321 2204 3373 ad
2237 3330 2443 3388 tempus
2470 3317 2754 3372 salubriter
2778 3316 2956 3383 dolet,
2984 3327 3168 3385 postea
3195 3317 3397 3372 infinita
3426 3332 3520 3371 vo-

1936 3413 2139 3481 luptate
2166 3420 2220 3464 et
2243 3409 2534 3463 abundanti
2560 3408 2752 3477 gaudio
2776 3406 3039 3471 lzetificat;
3073 3407 3364 3462 secundum
3390 3407 3519 3461 illud

1932 3501 2073 3571 quod
2100 3500 2353 3569 scriptum
2381 3509 2482 3565 est,
2509 3499 2608 3565 Qui
2631 3498 2878 3551 seminant
2900 3498 2954 3550 in
2977 3497 3234 3567 lacrgmis,
3260 3497 3312 3549 in
3332 3496 3519 3567 gaudio

1936 3601 2117 3647 metent
2144 3591 2311 3663 (Psal.
2340 3606 2499 3656 cxxv,
2530 3589 2584 3661 5)
2612 3606 2627 3655 ;
2657 3600 2711 3642 et
2736 3588 2885 3654 illud,
2908 3586 3055 3641 Beati
3080 3588 3164 3658 qui
3183 3587 3373 3658 lugent,
3395 3602 3520 3657 quo-

1935 3684 2074 3737 niam
2101 3683 2201 3753 ipsi
2227 3681 2616 3735 consolabuntur
2645 3678 2857 3746 (Matth.
2884 3693 2939 3745 v,
2967 3678 3044 3747 5).

2006 3776 2059 3831 6.
2101 3774 2388 3829 Conclusio.
2416 3772 2541 3827 Hmc
2567 3786 2696 3841 ergo
2722 3770 3027 3839 diligentius
3047 3769 3405 3831 attendentes,
3434 3784 3520 3824 co.

1934 3866 2160 3937 gitemus
2177 3863 2303 3918 illud
2321 3863 2460 3934 quod
2478 3862 2544 3917 de
2561 3861 2763 3915 luxuria
2782 3875 2844 3914 ac
2855 3860 3125 3929 voluptate
3137 3858 3391 3929 scriptum
3405 3869 3515 3913 est:

1936 3956 2018 4009 Ad
2039 3965 2253 4025 tempus,
2286 3953 2474 4024 inquit,
2497 3951 2721 4005 indulcat
2743 3954 2933 4022 fauces,
2959 3957 3132 4019 postea
3158 3949 3274 4020 felle
3299 3950 3521 4003 amarior

1935 4049 2188 4103 invenitur
2218 4044 2401 4117 (Prov.
2428 4062 2481 4111 v,
2508 4045 2542 4099 3
2570 4053 2616 4097 et
2653 4043 2731 4112 4).
2761 4042 2829 4096 Et
2856 4041 2977 4111 quia
3005 4041 3111 4095 vita
3136 4049 3317 4095 nostra
3343 4040 3395 4094 in
3419 4039 3522 4095 huc

1938 4142 2133 4197 saeculo
2162 4140 2315 4210 quasi
2344 4139 2428 4191 via
2454 4152 2574 4193 esse
2600 4135 2966 4205 cognoscitur,
2997 4139 3210 4202 oportet
3235 4132 3387 4187 nobis
3406 4131 3429 4163 ³
3452 4131 3521 4187 de

1939 4233 2121 4289 labore
2146 4232 2212 4287 ad
2240 4231 2479 4301 requiem
2512 4228 2812 4299 pervenire,
2843 4240 3002 4296 quam
3030 4224 3098 4279 de
3124 4225 3306 4294 requie
3333 4223 3399 4279 ad
3440 4224 3520 4279 la-

1938 4324 2121 4379 borem
2153 4340 2165 4375 :
2198 4332 2253 4378 et
2286 4322 2472 4376 melius
2501 4329 2583 4375 est
2610 4318 2760 4372 nobis
2786 4317 2837 4371 in
2874 4316 2957 4370 via
2988 4316 3135 4370 brevi
3174 4323 3413 4384 tempore
3443 4314 3524 4368 la-

1940 4414 2149 4477 borare,
2178 4423 2235 4467 ut
2262 4421 2441 4481 postea
2469 4412 2519 4464 in
2548 4409 2715 4480 patria
2737 4407 3000 4477 possimus
3024 4405 3089 4459 ad
3114 4416 3370 4459 (uernum
3394 4419 3518 4474 gau-

1939 4505 2081 4560 dium
2128 4504 2352 4560 feliciter
2388 4502 2695 4572 pervenire;
2740 4506 3024 4569 przestante
3067 4498 3291 4552 Domino
3336 4506 3518 4550 nostra

1940 4597 2067 4654 Jesu
2092 4597 2325 4661 Christo,
2357 4596 2593 4667 qui'tum
2615 4593 2794 4655 Patre,
2822 4599 2925 4646 etc.

2394 4749 2625 4807 SERMO
2660 4746 2881 4803 cccxr.
2911 4750 2927 4769 ·
2958 4744 3055 4817 (α).

2392 4869 2441 4915 lu
2459 4866 2539 4914 die
2556 4861 2867 4913 ordinationis
2880 4871 2998 4917 suae,
3023 4873 3072 4906 ιι.
3174 4918 3177 4919 ν

2014 4993 2065 5046 1.
2109 4990 2427 5061 Episwpalis
2477 4988 2694 5041 sarcina.
2748 4982 2935 5039 Christi
2980 4982 3231 5051 adjutorio
3279 4991 3422 5051 eget,
3471 4992 3520 5036 ut

1942 5092 2183 5155 portetur.
2215 5080 2473 5135 Gratuitus
2498 5078 2593 5131 Dei
2633 5091 2775 5128 amor
2811 5090 2951 5145 spem
2978 5072 3217 5126 mercedis
3242 5088 3342 5125 non
3370 5073 3519 5126 tollit.

2006 5221 2022 5252 ¹
2048 5220 2121 5269 sic
2149 5224 2256 5267 Mss.
2292 5199 2407 5267 editi
2455 5227 2606 5273 vero,
2637 5217 2685 5263 et
2719 5208 2872 5261 malus
2901 5213 3047 5266 esset,
3094 5207 3207 5258 inde
3243 5220 3335 5257 non
3371 5206 3523 5257 redis-

2003 5328 2024 5375 ⁵
2047 5342 2185 5403 Editi,
2207 5337 2429 5392 occuluit.
2455 5345 2541 5387 Pro
2561 5349 2659 5398 quo
2680 5340 2807 5393 Mss,
2834 5328 3077 5403 occalluit.
3107 5396 3117 5403 ι
3151 5397 3161 5403 Δ
3253 5391 3263 5403 _
3286 5390 3294 5399 _

2006 5404 2028 5437 ³
2051 5390 2187 5463 ὲᾶἰὶίζ
2216 5390 2401 5465 oportet
2423 5411 2523 5465 nos.
2561 5390 2616 5445 Iit
2639 5390 2811 5465 omnes
2834 5402 2957 5451 διες..
2984 5396 3163 5465 oportet
3186 5390 3335 5465 nobis.
3363 5390 3523 5465 Modus

1938 5451 2301 5537 navews
2335 5462 2543 5537 θυοιςιςίε
2698 5458 2781 5519 qui
2815 5451 3517 5537 §E¥"‘L‘I—Lfi‘;‘3§‘f‘af‘3.ﬂll12‘

1939 5515 2068 5586 suit,
2106 5527 2168 5575 ab
2213 5515 2319 5576 istis
2354 5524 2523 5572 verbis
2566 5535 2578 5570 :
2629 5515 2744 5569 mea
2794 5528 2910 5579 ergo
2959 5515 3234 5578 diligentius
3280 5515 3523 5562 attendrn-

1942 5596 2011 5639 tes
2027 5624 2042 5639 .
2068 5597 2164 5639 etc.

2003 5624 2333 5722 ‘htmendatus
2355 5668 2413 5717 ad
2435 5681 2476 5715 r.
2505 5674 2539 5715 t.
2565 5680 2611 5714 v.
2649 5671 2699 5713 et
2720 5662 2778 5711 ad
2812 5665 2947 5710 sirm.

1998 5751 2076 5817 (α)
2102 5751 2235 5809 Alias,
2259 5752 2387 5799 inter
2404 5746 2753 5796 sirmondianos
2768 5744 2848 5791 '59.

2688 5829 3217 5904 (Quarante-sept
3252 5824 3277 5890 Ι
