4036 6436
534 335 674 394 1ιὸ⁸5

534 453 761 525 Semper
785 450 999 523 quidem
1022 465 1128 521 me,
1151 464 1216 506 ex
1237 464 1342 523 quo
1360 448 1596 509 humeris
1621 454 1757 510 meis
1782 455 1903 520 ista,
1928 456 1994 513 de
2013 471 2113 529 qua

531 546 766 603 difficilis
792 545 929 601 ratio
957 544 1216 613 redditur,
1245 545 1452 600 sarcina
1490 545 1736 617 imposita
1760 556 1863 615 est,
1896 548 2113 605 honoris

534 637 639 694 mei
664 652 791 692 cura
816 635 1106 693 sollicitat:
1138 646 1503 692 verumtamen
1545 638 1713 693 multo
1742 640 1969 709 amplius
2012 640 2114 695 hu-

475 722 481 747 ‘
526 726 761 800 jusmodi
786 724 1212 782 consideratione
1251 741 1566 797 permoveor
1589 769 1604 793 ,
1630 730 1843 799 quando
1866 732 2115 787 anniver-

531 817 705 873 sarius
733 816 849 888 ejus
883 817 997 873 dies
1036 818 1347 873 memoriam
1375 817 1649 887 pristinam
1678 836 1942 877 renovans
1971 824 2109 892 ejus,

530 912 605 969 ita
643 926 760 967 eam
790 910 919 965 mihi
944 912 1096 982 ponit
1137 919 1259 965 ante
1301 910 1504 976 oculos,
1553 920 1611 966 ut
1652 911 1793 983 quod
1817 913 1927 983 jam
1958 922 2111 969 antea

530 1004 764 1074 suscepi,
786 1004 863 1061 sic
882 1014 1110 1069 teneam,
1131 1003 1281 1077 quasi
1305 1004 1464 1059 hodie
1485 1014 1824 1075 suscepturus
1840 1007 2109 1063 accedam.

531 1095 669 1164 Quid
697 1104 872 1151 autem
898 1095 1001 1151 isto
1025 1094 1398 1149 rcformidatur
1426 1094 1477 1149 in
1507 1111 1750 1163 munere,
1773 1097 1873 1152 nisi
1898 1113 1965 1153 ne
1998 1097 2113 1167 plus

533 1200 632 1241 nos
660 1186 886 1241 delectet
909 1185 1049 1256 quod
1077 1184 1437 1256 periculosum
1465 1194 1545 1240 est
1583 1186 1636 1239 in
1663 1196 1845 1239 nostro
1868 1185 2106 1252 honore,

530 1292 693 1347 quam
720 1276 861 1347 quod
894 1276 1219 1332 fructuosum
1248 1285 1330 1333 est
1355 1276 1410 1330 in
1436 1285 1609 1331 vestra
1649 1276 1853 1331 salute?
1879 1277 2113 1347 Adjuver

530 1368 691 1439 igitur
733 1368 1061 1422 orationibus
1090 1354 1315 1434 vestris,
1344 1377 1403 1421 ut
1430 1382 1581 1421 suam
1610 1368 1871 1422 sarcinam
1900 1385 2108 1423 mecum

532 1460 670 1514 ferre
708 1458 975 1535 dignetur.
1001 1460 1132 1513 Cum
1160 1460 1343 1525 oratis,
1391 1460 1550 1514 etiam
1596 1477 1692 1529 pro
1731 1462 1881 1516 vobis
1924 1463 2107 1518 oratis.

530 1550 657 1604 llzec
690 1550 834 1604 enim
880 1565 997 1613 mea
1026 1550 1231 1604 sarcina
1256 1590 1273 1616 ,
1319 1548 1388 1605 de
1412 1565 1516 1619 qua
1548 1566 1687 1605 nunc
1729 1551 1951 1622 loquor,
1982 1553 2109 1624 quid

528 1640 670 1695 aliud
696 1656 854 1709 quam
884 1654 980 1695 vos
1007 1640 1176 1695 estis?
1204 1640 1361 1694 Orate
1401 1640 1529 1694 mihi
1557 1657 1714 1709 vere,
1745 1643 1879 1697 sicut
1908 1659 2022 1710 oro,
2054 1654 2111 1701 ut

529 1746 635 1786 non
660 1732 775 1785 sitis
796 1746 1003 1801 graves.
1020 1730 1163 1786 Nam
1188 1731 1441 1786 Dominus
1470 1732 1625 1787 Jcsus
1644 1736 1908 1790 sarcinam
1936 1736 2108 1792 levem

528 1839 634 1879 non
660 1824 896 1890 diceret,
928 1825 1029 1879 nisi
1055 1840 1174 1880 cum
1206 1833 1450 1893 portante
1485 1835 1741 1896 portaret.
1781 1828 1885 1884 Sed
1925 1840 1981 1886 et
2014 1846 2109 1887 vos

526 1916 788 1971 sustinete
813 1931 919 1983 me,
964 1924 1021 1971 ut
1061 1916 1350 1971 secundum
1381 1930 1703 1989 prmceptum
1732 1922 2105 1991 apostolicum,

526 2004 753 2059 invicem
793 2020 953 2059 onera
1000 2016 1179 2059 nostra
1215 2014 1484 2075 portemus
1522 2017 1577 2063 et
1604 2008 1684 2063 sic
1722 2010 2107 2081 adimpleamus

524 2094 693 2164 legem
722 2092 1154 2167 Christi(Galat.
1191 2111 1243 2151 vi
1267 2135 1283 2162 ,
1327 2094 1427 2167 2).
1459 2096 1560 2163 Qui
1600 2097 1874 2155 nobiscum
1914 2102 1958 2157 si
1997 2118 2105 2159 non

524 2195 735 2258 portat,
786 2187 1209 2252 succumbimus;
1258 2188 1305 2243 si
1352 2203 1451 2243 nos
1494 2203 1599 2243 non
1650 2199 1859 2260 portat,
1890 2208 2106 2249 occum-

522 2277 717 2332 bimus.
766 2276 866 2333 Ubi
915 2293 999 2332 me
1040 2286 1242 2345 terret,
1296 2278 1439 2349 quod
1487 2280 1640 2335 vobis
1686 2296 1853 2349 sum;
1897 2284 1969 2339 ibi
2017 2300 2107 2342 me

521 2368 864 2435 consolatur,
910 2370 1050 2439 quod
1094 2370 1367 2425 vobiscum
1406 2387 1547 2427 sum.
1592 2372 1756 2430 Vobis
1802 2376 1943 2431 enim
1986 2392 2106 2433 sum

520 2458 823 2528 episcopus,
866 2459 1138 2514 vobiscum
1182 2474 1298 2515 sum
1322 2460 1675 2517 Christianus.
1716 2463 1848 2520 Illud
1888 2476 1971 2521 est
2008 2482 2107 2521 no-

520 2564 643 2604 men
685 2550 914 2619 suscepti
946 2549 1143 2617 ofﬁcii,
1174 2552 1275 2607 hoc
1310 2554 1525 2622 gratim;
1570 2555 1694 2611 illud
1733 2556 1954 2626 periculi
1988 2568 2101 2627 est,

520 2639 623 2694 hoc
669 2628 891 2719 salutis:
922 2642 1159 2711 Denique
1206 2652 1453 2715 tanquam
1501 2645 1554 2699 in
1613 2647 1748 2702 mari
1792 2663 1983 2720 magno
2029 2649 2099 2705 il-

519 2730 624 2785 lius
669 2716 894 2786 actionis
950 2740 1261 2801 tempestate
1296 2734 1560 2804 jactamur
1599 2754 1613 2791 :
1653 2738 1748 2793 sed
1805 2716 2103 2799 recolentes

519 2821 673 2891 cujus
703 2824 959 2893 sanguine
986 2824 1245 2895 redempti
1288 2827 1570 2897 fuerimus,
1606 2830 1752 2885 velut
1777 2842 1987 2902 portum
2015 2849 2105 2890 se-

515 2911 757 2966 curitatis
802 2914 1180 2984 tranquillitate
1229 2916 1385 2987 hujus
1424 2920 1759 2988 cogitationis
1807 2924 2098 2993 intramus;

516 3012 572 3057 et
598 3004 653 3058 in
681 3006 781 3058 hoc
804 3006 1017 3075 proprie
1046 3006 1350 3063 laborantes
1378 3009 1555 3065 officio
1574 3052 1591 3077 ,
1623 3012 1677 3066 in
1704 3016 1973 3070 communi
2010 3033 2101 3072 re-

515 3096 839 3165 quiescimus
861 3097 1141 3154 beneficio.
1170 3100 1225 3155 Si
1255 3116 1382 3171 ergo
1408 3102 1527 3172 plus
1556 3120 1641 3159 me
1665 3105 1932 3175 delectat,
1958 3109 2101 3179 quod

517 3185 799 3241 vobiscum
826 3197 1038 3255 emptus
1064 3204 1179 3243 sum
1202 3230 1216 3252 ,
1246 3206 1402 3259 quam
1437 3193 1577 3260 quod
1605 3195 1755 3249 vobis
1783 3201 2101 3267 prccpositus

516 3288 671 3339 sum;
716 3283 861 3341 tunc,
902 3284 958 3329 ut
1006 3276 1262 3332 Dominus
1308 3280 1571 3350 prmcipit,
1613 3299 1707 3336 ero
1741 3287 2099 3346 abundantius

515 3372 693 3418 vester
711 3378 917 3431 servus,
952 3381 1017 3419 ne
1043 3367 1280 3436 ingratus
1300 3369 1399 3423 sim
1430 3372 1619 3439 pretio,
1649 3388 1753 3443 quo
1782 3386 1958 3431 vester
1981 3394 2099 3435 me-

516 3458 598 3509 rui
625 3470 745 3511 esse
773 3472 1084 3513 conservus.
1114 3461 1311 3517 Amare
1339 3463 1534 3533 quippe
1571 3465 1741 3521 debeo
1771 3468 2096 3540 Redempto-

514 3560 629 3603 rem
657 3562 671 3600 :
704 3556 759 3601 et
783 3549 893 3603 scio
919 3550 1044 3619 quid
1072 3551 1230 3606 Petro
1253 3553 1406 3620 dixit,
1430 3554 1602 3621 Petre,
1625 3574 1764 3612 amas
1784 3576 1862 3613 me
1883 3560 1909 3612 .9
1935 3560 2098 3618 Pasce

518 3653 630 3690 aves
658 3654 793 3691 meas
822 3638 1000 3710 (Joan.
1024 3658 1135 3709 xxI,
1154 3642 1263 3716 l7).
1288 3645 1399 3700 Hoc
1424 3649 1609 3715 semel,
1634 3647 1735 3705 hoc
1759 3651 1970 3718 iterum,
1995 3657 2097 3713 hoc

517 3727 695 3780 tertio.
724 3726 1151 3799 lntcrrogabatur
1173 3748 1344 3800 amor,
1374 3747 1427 3791 et
1454 3738 1823 3808 imponebatur
1854 3744 2002 3800 labor
2027 3748 2043 3779 ¹
2079 3767 2092 3803 :

515 3816 639 3885 quia
668 3817 755 3871 ubi
780 3820 951 3889 major
970 3831 1051 3876 est
1078 3838 1250 3890 amor,
1283 3828 1457 3883 minor
1481 3838 1562 3883 est
1588 3831 1756 3887 labor.
1780 3834 1917 3902 Quid
1940 3841 2092 3894 retri-

516 3908 664 3962 buam
693 3908 911 3964 Domino
940 3930 1031 3982 pro
1074 3916 1301 3972 omnibus
1328 3935 1439 3988 quae
1473 3922 1701 3977 retribuit
1743 3927 1869 3980 mihi
1914 3928 2088 3999 (Psal.

513 4012 641 4065 cxv,
687 3999 894 4072 i2)?Si
922 4002 1092 4058 dicam
1130 4005 1233 4061 hoc
1271 4023 1355 4063 me
1385 4011 1709 4081 retribuere,
1749 4017 1892 4086 quod
1930 4034 2093 4090 pasco

514 4104 644 4145 oves
668 4092 816 4161 ejus;
848 4095 1005 4149 etiam
1045 4096 1146 4152 hoc
1186 4099 1354 4165 facio,
1384 4119 1484 4157 non
1521 4120 1644 4175 ego,
1689 4108 1779 4161 sed
1804 4113 1971 4181 gratia
1997 4112 2092 4168 Dei

514 4197 709 4237 mecum
738 4182 782 4256 (Ι
808 4184 924 4240 Cor.
955 4204 1045 4256 xv,
1075 4189 1185 4262 10).
1220 4192 1317 4247 Ubi
1346 4209 1474 4264 ergo
1516 4199 1802 4257 retributor
1831 4204 2088 4274 inveniar,

511 4287 633 4329 cum
662 4276 856 4347 ubique
878 4282 1203 4348 praeveniar?
1226 4284 1294 4338 Et
1313 4294 1488 4342 tamen
1506 4291 1627 4359 quia
1646 4294 1810 4363 gratis
1827 4310 2088 4365 amamus,

512 4365 635 4435 quia
664 4382 791 4423 oves
820 4371 1084 4439 pascimus
1103 4412 1119 4440 ,
1143 4376 1445 4433 mercedem
1470 4384 1778 4451 quaerimus.
1808 4386 2089 4454 Quomodo

512 4454 607 4511 ﬁet
627 4457 799 4514 istud?
818 4461 1095 4529 Quomodo
1115 4470 1379 4536 convenit,
1409 4470 1585 4528 Gratis
1606 4490 1727 4532 amo
1754 4488 1811 4533 ut
1836 4495 2047 4549 pascam
2070 4500 2085 4549 ;

511 4555 587 4611 et,
629 4547 923 4606 Mercedem
955 4568 1116 4623 posco
1154 4559 1275 4628 quia
1322 4566 1521 4630 pasco?
1560 4566 1717 4623 Nullo
1746 4547 1904 4627 modo
1934 4547 2087 4631 ﬁeret

507 4635 632 4703 hoc,
665 4640 813 4696 nullo
842 4644 1001 4701 modo
1030 4661 1236 4705 merces
1261 4664 1593 4722 qurereretur
1616 4660 1684 4714 ab
1711 4675 1776 4715 eo
1801 4663 1890 4734 qui
1919 4665 2085 4734 gratis

570 4769 595 4805 ⁸
617 4778 743 4837 ιω..
757 4772 1082 4841 imperabatur
1104 4780 1249 4836 laivr.

1488 331 1546 390 S.
1586 330 1951 391 AUGUSTINI
1988 328 2296 389 EPISCOPI
2338 333 2569 391 SERMO
2594 334 2841 395 CCCXL.

3657 352 3790 411 1484

2220 456 2447 511 amatur,
2478 448 2576 503 nisi
2621 464 2826 506 merces
2867 460 3011 509 esset
3048 453 3164 524 ipse
3204 454 3295 527 qui
3338 466 3566 515 amatur.
3596 459 3729 518 Nam
3756 464 3797 522 si

2221 536 2323 591 hoc
2350 539 2691 595 retribuimus
2722 556 2817 611 pro
2843 557 2909 597 eo
2932 543 3074 615 quod
3104 560 3201 601 nos
3229 546 3491 616 redemit,
3525 553 3653 621 quia
3686 554 3802 626 ejus

2220 629 2485 698 pascimus
2515 647 2677 700 oves;
2715 649 2812 703 pro
2840 650 2906 690 eo
2932 636 3049 705 ipso
3085 638 3212 708 quid
3241 641 3595 700 retribuemus
3614 685 3630 712 ,
3660 646 3804 717 quod

2221 733 2319 773 nos
2349 719 2472 775 fecit
2498 737 2618 777 esse
2654 724 2934 792 pastores?
2960 725 3078 782 Mali
3110 743 3337 800 namque
3362 740 3628 802 pastores,
3658 735 3801 805 quod

2218 824 2249 864 a
2275 810 2428 865 nobis
2449 812 2607 879 absit,
2636 825 2815 870 nostra
2842 816 3039 872 malitia
3068 832 3255 873 sumus
3280 837 3295 874 :
3321 819 3447 876 boni
3474 836 3629 888 vero,
3658 824 3802 894 quod

2217 900 2400 954 abillo
2428 902 2581 957 nobis
2606 904 2764 971 adsit,
2809 906 2912 962 nisi
2950 907 3065 977 ejus
3103 910 3276 979 gratia
3303 925 3425 966 esse
3466 927 3572 967 non
3614 930 3794 983 possu-

2218 1007 2355 1046 mus.
2383 992 2531 1050 Unde
2556 1004 2611 1051 et
2638 1012 2755 1062 vos,
2784 996 2976 1054 fratres
3003 1000 3130 1065 mei,
3163 1002 3509 1072 pracipientes
3537 1021 3799 1075 rogamus,

2218 1099 2280 1138 ne
2302 1085 2355 1138 in
2386 1101 2593 1140 vacuum
2617 1089 2833 1159 gratiam
2859 1088 2951 1144 Dei
2976 1091 3229 1161 recipiatis
3252 1091 3316 1163 (Il
3343 1092 3461 1150 Cor.
3494 1110 3569 1159 vt,
3591 1095 3669 1166 1).
3700 1095 3800 1151 Fa~

2216 1175 2319 1231 cite
2343 1187 2581 1233 nostrum
2608 1179 2963 1236 ministerium
3009 1181 3359 1238 fructuosum.
3395 1184 3487 1239 Dei
3514 1187 3802 1257 agricultu-

2216 1282 2274 1319 ra
2294 1268 2410 1321 estis
2439 1267 2485 1339 (l
2526 1267 2644 1323 Cor.
2687 1286 2765 1335 in,
2799 1270 2875 1343 9).
2906 1272 3251 1329 Extrinsecus
3279 1274 3505 1344 accipite
3535 1276 3799 1347 plantato-

2215 1371 2329 1409 rem
2368 1368 2528 1427 atque
2573 1360 2898 1430 rigatorem;
2949 1362 3271 1418 intrinsecus
3312 1380 3441 1419 vero
3485 1365 3801 1424 incrementi

2216 1448 2474 1506 datorem.
2500 1450 2832 1522 Corripieudi
2860 1462 2983 1510 sunt
3013 1454 3255 1525 inquieti,
3281 1457 3648 1528 pusillanimes
3671 1473 3802 1513 cou-

2215 1544 2441 1611 Stilandi,
2461 1546 2652 1602 infirmi
2677 1547 3022 1618 suscipiendi,
3039 1550 3463 1605 contradicentes
3482 1552 3802 1621 redarguen-

2216 1635 2287 1701 di,
2341 1636 2654 1692 insidiantes
2698 1639 2941 1706 cavendi,
2976 1641 3208 1710 imperiti
3248 1641 3498 1708 docendi,
3540 1642 3800 1700 desidiosi

2214 1727 2498 1795 excitandi,
2528 1730 2846 1785 contentiosi
2880 1731 3200 1797 cohibendi,
3231 1733 3604 1809 superbientes
3623 1734 3800 1804 repri-

2214 1818 2413 1883 mendi,
2440 1819 2705 1889 litigantes
2728 1822 2968 1889 pacandi,
3008 1822 3194 1893 inopes
3219 1822 3522 1893 adiuvandi,
3551 1824 3800 1895 oppressi

2214 1907 2491 1975 liberandi,
2531 1909 2658 1964 boni
2702 1910 3052 1982 approbandi,
3100 1911 3227 1966 mali
3274 1912 3555 1977 tolerandi,
3609 1927 3800 1968 omnes

2212 2000 2445 2055 amandi.
2469 2002 2528 2057 ln
2548 2001 2650 2057 hac
2671 2012 2835 2069 tanta,
2857 2011 2913 2059 et
2934 2011 3040 2059 tam
3063 2003 3342 2074 multiplici
3361 2019 3427 2060 ac
3444 2004 3593 2061 varia
3615 2021 3799 2062 rerum

2211 2092 2539 2149 diversarum
2558 2096 2789 2156 actione.
2810 2094 3058 2165 adjuvate
3084 2110 3182 2151 nos
3205 2105 3261 2152 et
3282 2096 3487 2152 orando
3512 2106 3567 2152 et
3586 2098 3797 2154 obtem-

2212 2183 2475 2253 perando;
2506 2194 2564 2239 ut
2592 2200 2690 2240 nos
2718 2186 2868 2242 vobis
2906 2201 3016 2243 non
3045 2196 3153 2242 tam
3192 2201 3445 2258 prmesse,
3485 2203 3649 2259 quam
3675 2204 3799 2260 pro-

2211 2273 2369 2329 desse
2392 2275 2639 2332 delectet.

2280 2364 2335 2418 2.
2377 2364 2658 2438 Episcopus
2680 2384 2772 2440 pro
2813 2368 3082 2436 ﬁdelibus,
3125 2378 3173 2424 et
3213 2369 3390 2439 fideles
3425 2388 3520 2441 pro
3560 2372 3798 2444 episcopo

2211 2470 2358 2509 orare
2382 2456 2579 2510 debent.
2604 2457 2752 2513 Sicut
2772 2460 2913 2513 enim
2940 2459 3091 2513 vobis
3117 2458 3220 2514 hoc
3243 2461 3476 2530 expedit,
3501 2470 3561 2517 ut
3585 2478 3686 2533 pro
3710 2478 3799 2519 sa-

2212 2544 2323 2600 lute
2351 2556 2527 2601 vestra
2572 2549 2665 2603 Dei
2696 2548 3115 2605 misericordiam
3157 2550 3464 2605 studeamus
3492 2566 3685 2619 orare;
3726 2553 3799 2610 ita

2209 2643 2264 2690 et
2287 2650 2382 2691 vos
2406 2645 2617 2705 oportet
2644 2654 2738 2707 pro
2766 2638 2921 2694 nobis
2952 2639 3017 2693 ad
3041 2639 3320 2694 Dominum
3342 2656 3529 2711 preces
3547 2641 3795 2699 fundere.

2206 2722 2286 2779 Ne
2312 2723 2416 2780 hoc
2441 2728 2792 2796 incongruum
2831 2729 3151 2797 judicemus,
3190 2730 3332 2800 quod
3369 2732 3689 2802 Apostolum
3715 2733 3796 2789 fe-

2206 2815 2350 2876 cisse
2397 2818 2787 2887 cognoscimus.
2837 2819 2969 2874 Nam
3016 2820 3071 2875 in
3118 2829 3321 2877 tantum
3364 2823 3594 2895 seapud
3624 2825 3793 2880 Deum

2207 2907 2572 2964 commendari
2613 2910 2945 2966 orationibus
2971 2912 3251 2982 cupiebat,
3278 2922 3338 2968 ut
3377 2913 3493 2983 ipse
3519 2916 3666 2971 omni
3691 2930 3791 2988 po.

2206 2999 2331 3069 pulo
2356 3000 2681 3070 supplicaret
2721 3001 2949 3056 dicens:
2987 3002 3201 3058 Orantes
3238 3005 3391 3059 simul
3432 3014 3481 3059 et
3526 3022 3623 3076 pro
3649 3007 3793 3064 nobis

2208 3088 2427 3164 (Cofoss.
2457 3106 2535 3156 tv,
2559 3093 2640 3164 5),
2663 3102 2766 3147 etc.
2799 3091 2867 3148 Et
2891 3094 3012 3150 ideo
3031 3094 3132 3150 hoc
3158 3095 3413 3152 debemus
3430 3096 3577 3168 loqui
3595 3138 3613 3166 ,
3647 3100 3793 3170 quod

2205 3192 2258 3238 et
2283 3184 2639 3257 nosmetipsos
2660 3184 2926 3242 cohortari
2946 3188 2963 3220 ⁸
2988 3198 3150 3243 etvos
3178 3190 3344 3259 possit
3362 3191 3649 3248 instruere.
3676 3193 3793 3250 Sic-

2204 3283 2263 3329 ut
2300 3275 2443 3330 enim
2484 3276 2639 3332 nobis
2684 3292 2807 3333 cum
2843 3279 3026 3349 grandi
3071 3281 3263 3337 timore
3305 3297 3369 3337 ac
3423 3284 3787 3343 sollicitudine

2204 3364 2537 3434 cogitandum
2563 3374 2666 3433 est,
2694 3368 2921 3438 qualiter
2945 3370 3283 3437 pontificatus
3298 3370 3531 3427 officium
3548 3375 3669 3429 sine
3697 3391 3789 3431 re-

2204 3452 2558 3522 prehensione
2586 3457 2851 3525 possimus
2881 3457 3101 3527 implere
3130 3476 3143 3512 :
3174 3460 3246 3515 ita
3274 3469 3329 3515 et
3354 3476 3387 3515 a
3412 3462 3563 3516 vobis
3589 3464 3785 3529 obser-

2203 3543 2433 3598 vandum
2459 3553 2561 3612 est,
2587 3553 2647 3599 ut
2664 3546 2730 3600 ad
2759 3547 2937 3602 omnia
2959 3563 3079 3618 qua:
3106 3549 3255 3604 vobis
3279 3548 3477 3606 fuerint
3501 3553 3788 3622 imperata,

2203 3634 2455 3690 humilem
2484 3636 2742 3692 studentis
2782 3637 2979 3694 habere
3002 3639 3381 3695 obedientiam.
3404 3641 3632 3698 Oremus
3656 3660 3785 3715 ergo

2204 3726 2433 3793 pariter,
2466 3726 2835 3793 dilectissimi,
2868 3737 2926 3783 ut
2959 3729 3294 3799 episcopatus
3323 3747 3474 3786 meus
3499 3734 3627 3787 mihi
3655 3750 3785 3804 pro-

2200 3816 2291 3881 sit,
2320 3825 2375 3871 et
2402 3817 2567 3871 vobis.
2597 3817 2725 3872 Mihi
2752 3820 2893 3874 enim
2924 3819 3177 3890 proderit,
3203 3822 3248 3877 si
3289 3820 3528 3877 facienda
3568 3824 3775 3907 dicam;

2200 3907 2380 3972 vobis,
2411 3908 2455 3963 si
2482 3908 2686 3965 faciatis
2717 3910 2915 3966 audita.
2944 3910 3000 3966 Si
3027 3912 3168 3967 enim
3198 3922 3252 3967 et
3278 3928 3376 3969 nos
3401 3928 3503 3985 pro
3526 3916 3704 3982 vobis,
3732 3925 3789 3971 et

2199 4014 2294 4054 vos
2323 4014 2419 4069 pro
2454 4001 2605 4056 nobis
2630 4016 2753 4056 cum
2790 4002 3027 4071 perfecto
3061 4002 3335 4059 charitatis
3368 4019 3551 4060 amore
3581 4006 3783 4062 indesio

2200 4098 2390 4145 uenter
2413 4091 2741 4145 oraverimus
2758 4133 2773 4158 ,
2803 4090 2869 4146 ad
2898 4101 3155 4147 aeternam
3180 4092 3560 4149 beatitudinem
3581 4136 3596 4159 ,
3633 4097 3784 4151 auxi-

2199 4181 2361 4237 liante
2387 4182 2629 4249 Domino,
2655 4182 2878 4238 feliciter
2899 4183 3171 4239 veniemus
3198 4183 3293 4255 (a).

2261 4358 2276 4389 ι
2296 4358 2367 4407 sic
2388 4358 2785 4410 Theodericensis
2805 4366 2887 4410 Ms.
2914 4368 2968 4411 At
2988 4361 3278 4421 sirmondus,
3302 4366 3569 4412 coactam.

2258 4439 2327 4502 (a)
2350 4439 2596 4507 Conclusio
2616 4442 2685 4507 ab
2713 4443 2847 4493 initio
2870 4458 2917 4492 n.
2941 4442 2989 4502 2,
3024 4446 3354 4507 Augustinum,
3372 4444 3555 4507 judicio
3582 4446 3776 4507 quidem

2194 4508 2385 4569 nostro,
2410 4503 2568 4569 minus
2589 4506 2711 4569 sapit
2732 4516 2875 4569 quam
2895 4503 3165 4569 Cmsariuin.
3191 4503 3499 4569 ilujuscerte
3523 4503 3777 4569 perpetu:

2192 4569 2304 4638 sunt
2325 4564 2430 4612 ista:
2445 4563 2670 4638 loquendi
2684 4563 2924 4638 rationes;
2950 4566 3117 4638 c_sicut
3132 4563 3271 4615 enim
3280 4567 3418 4638 vobis
3437 4563 3538 4638 hoc
3557 4563 3777 4630 expedit,

2200 4639 2223 4667 ι
2246 4630 2300 4672 ut
2322 4636 2409 4689 pro
2428 4622 2586 4674 salute
2621 4635 2857 4676 vestram.
2883 4627 3163 4676 studeamus
3184 4640 3355 4688 orare;
3378 4628 3443 4678 ita
3467 4636 3521 4679 et
3550 4622 3656 4689 vos,
3680 4622 3771 4680 etc:

3451 4692 3504 4751 1i,
3530 4700 3630 4741 etc.
3649 4692 3779 4741 sicut

3441 4754 3524 4803 ine
3553 4753 3779 4815 cogitan-

2200 4698 2222 4728 ι
2243 4691 2354 4746 Nam
2372 4686 2421 4733 in
2444 4692 2645 4746 tantum,
2666 4695 2757 4737 etc.
2780 4695 2831 4738 Et
2849 4689 2959 4738 ideo
2981 4688 3071 4738 hoc
3091 4690 3331 4739 debemus

2200 4759 2223 4789 ι
2247 4745 2377 4812 enim
2397 4747 2538 4795 nobis
2568 4762 2679 4812 cum
2701 4751 2876 4812 grandi
2907 4751 3166 4812 timorerac
3202 4749 3353 4801 sollici

2122 4872 2139 4885 κ
2198 4820 2221 4850 ι
2241 4804 2355 4855 dum
2375 4813 2470 4868 est,
2487 4804 3016 4873 qualiter'pontiﬁcatus
3029 4811 3253 4874 cilicium,
3278 4829 3301 4858 ι
3333 4818 3429 4862 etc.

1424 5340 1796 5405 EXPLICIT
1828 5342 2030 5408 TOMI
2061 5346 2338 5422 QUINTI
2366 5350 2561 5416 PARS
2591 5352 2848 5418 PRIOR.
